2366 3736
414 56 506 116 328

393 240 502 274 datam
512 264 522 278 ,
548 238 736 272 retinendam
746 237 834 271 certis
848 239 983 272 Decretis
993 238 1091 271 cautla
1103 238 1204 281 aliqua
1217 241 1269 271 ad—

377 389 503 434 ¹plebem
510 393 689 432 interrogent
701 411 711 426 ,
739 399 780 419 an
792 387 916 421 alterius
929 387 1080 421 Parochia·
1098 387 1200 432 fidelis
1212 390 1264 422 crd-

377 437 438 482 fir,
466 442 516 480 qui
542 443 705 478 contempto
719 437 887 479 Presbytero
912 437 1081 480 ibiMlffam
1100 439 1204 471 audire
1217 449 1261 473 ve·

381 489 441 531 111,-
467 484 763 529 quemfiinvenerim
776 511 785 525 ,
805 487 909 525 statim
922 489 991 519 inde
1002 492 1147 529 ejiciant,
1172 489 1207 524 <5
1229 494 1261 520 in

381 536 584 572 Parochialem
600 536 689 582 suam
712 536 867 578 Ecclesiam
893 539 939 570 ad
953 539 1066 579 Miffnm
1077 539 1259 572 audiendam

379 588 478 622 reddre
489 573 664 633 cdrnpellant
679 612 685 619 .
714 588 830 623 Deinde
840 612 850 628 ,
876 589 953 622 illud
957 588 1049 629 plane*
1060 594 1183 621 vetitum
1189 587 1256 631 fuit

377 637 485 672 alienae
500 634 652 673 Parochiae
659 636 778 681 fidelem
788 639 808 672 a*
822 636 951 671 Parocbo
963 639 1006 670 ad
1017 638 1132 678 Missam
1154 644 1255 679 recipi,

376 685 433 728 ntfi
453 692 486 719 in
497 692 601 722 itinere
621 686 717 732 fuerit
728 712 738 729 ,
768 697 819 722 aut
834 688 980 723 Placitum
992 687 1035 718 rbi
1046 687 1184 721 babuerit
1200 711 1207 721 .
1223 689 1252 721 8,

374 736 490 774 Caroli
513 738 666 783 Synodus
678 737 795 774 diserte
809 738 946 771 affirmat
959 735 976 771 ὲ
990 735 1083 770 Trid.
1097 737 1252 773 Concfu-

371 786 428 822 isse
440 787 596 823 innovata
612 789 644 824 ἃ,
656 789 781 821 firmata
796 786 1011 822 Nannetensis
1038 787 1166 831 Synodi
1180 811 1190 828 ,
1219 788 1251 824 ἀ

368 838 475 881 quarti
496 838 621 875 Leonis
643 837 780 871 Decreta
794 861 804 877 ‚
831 848 902 878 quae
928 836 1032 882 palam
1054 847 1157 883 agunt
1182 848 1250 871 non

926 52 1257 101 Exuxnxrto
1293 53 1370 99 SS.
1411 55 1717 101 Canon-uu

391 137 596 175 Parochialem
609 127 759 174 Fidelium
767 144 929 172 conventus
940 160 951 176 ,
977 145 1010 170 ut
1035 137 1080 169 ad
1089 135 1165 170 banc
1190 135 1284 179 disci-¹

388 183 509 234 plinam
521 214 530 229 ‚
539 191 641 232 populi
655 188 816 226 Chr-ssiam·
828 185 1005 226 Institutioni
1015 188 1107 223 valde
1117 179 1285 221 anamma-⁹

1282 206 1286 258 l

1313 746 1342 768 ta
1356 737 1469 772 omnia
1492 738 1523 773 S.
1547 738 1684 772 Carolus
1698 738 1765 772 illic
1789 740 2125 784 invenit„pr0bavit,
2150 743 2185 778 δε

1311 784 1467 822 stabilivit
1479 811 1487 820 .
1498 787 1576 823 Fuit
1588 788 1804 833 quorumdam
1819 789 1983 824 ordinum
1998 791 2184 827 Cardinalis

1311 835 1494 872 Protector.
1522 838 1565 873 Et
1578 839 1610 871 in
1627 839 1698 881 ipfis
1710 851 1775 872 non
1800 839 1908 885 minus
1927 841 2065 882 ipsorum
2087 841 2157 885 jura
2170 864 2182 881 ,

366 883 536 922 adversum
551 885 727 931 Regulares
741 887 915 927 Ecclesias,
940 887 992 921 sed
1008 897 1064 928 pro
1080 886 1249 921 Parochiis
1308 896 1405 929 quam
1416 885 1636 923 Monassicarn
1650 888 1854 930 disciplinam
1870 890 2101 934 dfilexit,fovit,
2112 901 2182 934 pro-

365 935 534 973 adversum
563 936 739 972 Parochias
761 960 772 978 ,
806 949 843 973 ac
873 937 1043 983 praesertim
1076 937 1246 973 adversum
1309 936 1394 974 texit
1415 961 1426 978 ,
1449 937 1559 974 auxit.
1586 938 1695 984 Qare
1714 939 1913 984 quicumque
1937 940 1966 974 S.
1988 940 2182 976 Antistitem

365 986 520 1024 oratoria
545 999 582 1021 ac
606 987 756 1030 Capellas
765 1010 774 1020 .

414 1035 526 1082 Pergit
539 1036 568 1073 S.
583 1037 695 1072 Caroli
709 1036 861 1083 Synodus
877 1049 885 1069 t
913 1038 1008 1078 Cujus
1021 1043 1133 1072 veteris
1160 1036 1246 1080 dili-i-

357 1087 456 1129 pllnae
468 1087 674 1129 restituendae,
703 1094 735 1123 in
757 1085 893 1131 usumque
906 1091 1083 1121 revocandae
1110 1087 1245 1128 defiderio

356 1136 495 1181 flagrans
522 1137 589 1171 olim
611 1135 744 1182 stimma:
769 1136 911 1178 Pontifex
924 1137 1062 1172 Urbanus
1074 1141 1124 1170 VI.
1152 1148 1183 1171 eo
1206 1140 1243 1173 de

351 1196 461 1232 genere
495 1186 655 1229 Apostoltra
690 1187 843 1221 Sandlione
880 1187 1094 1232 diligentifflme‘
1127 1193 1210 1222 cavit
1231 1213 1238 1221 .

357 1235 460 1283 Qod
473 1237 580 1274 sextus
595 1235 754 1273 Urbanus
765 1237 805 1270 de
820 1235 880 1270 hac
905 1247 939 1272 rc
962 1237 1158 1281 cogitaverit
1184 1248 1239 1272 aut

1305 982 1432 1021 student
1455 988 1549 1023 nobis
1572 990 1798 1023 Adversarium
1822 990 1954 1026 suadere
1976 1014 1986 1030 ,
2020 992 2092 1025 sunt
2111 1000 2180 1026 nou

1303 1035 1472 1071 dumtaxat
1495 1038 1528 1072 in
1542 1048 1622 1079 nos,
1644 1039 1694 1073 sed
1708 1041 1807 1073 etiam
1837 1041 1868 1073 in
1891 1041 1993 1083 ipsum
2010 1041 2180 1085 insiguiter

1303 1085 1465 1138 injuriosi.
1498 1086 1690 1123 Prodicatut
1704 1090 1753 1122 vel
1769 1100 1870 1125 unum
1885 1089 2016 1125 verbum
2032 1116 2041 1130 ,
2068 1100 2134 1133 quo
2146 1091 2176 1125 S.

1302 1134 1547 1172 CarolusTrid.
1563 1139 1736 1183 Decretum
1755 1140 1842 1173 dicat
1855 1141 2002 1174 emiffum
2018 1142 2049 1174 in
2069 1141 2179 1186 Regu-

1301 1185 1379 1218 lares
1395 1186 1549 1222 Ecclefias
1562 1211 1572 1229 ‚
1590 1187 1729 1222 cantabo
1753 1189 1929 1223 solemnem
1954 1190 2171 1232 palinodiam.

355 1286 519 1327 sanxerit,
546 1287 651 1323 fateor
661 1298 712 1321 me
724 1287 895 1338 ignorare.
927 1285 969 1322 Et
981 1288 1056 1322 sane
1070 1286 1238 1322 horrendis
1297 1285 1509 1327 deprecabor.
1538 1287 1667 1323 Firmus
1678 1281 1909 1332 loquo'r,quia
1926 1290 2107 1323 certussum
2122 1300 2176 1324 ne·

355 1335 586 1380 schismatum,
613 1338 644 1371 &
659 1337 735 1372 inde
758 1346 910 1374 natorum
935 1337 966 1369 in
990 1337 1082 1371 omni
1107 1337 1236 1381 Europa
1297 1335 1510 1379 minem‚uisi
1521 1336 1658 1373 errando
1671 1338 1779 1382 ‚posse
1790 1348 1906 1373 contra
1918 1336 1986 1373 hzc
2001 1337 2174 1384 disputare.

353 1386 514 1422 bellorum
529 1387 741 1423 motibusille
765 1387 935 1424 distraetus
949 1385 1074 1422 videtur
1098 1386 1154 1422 ista
1175 1388 1235 1430 pri·
1285 1408 1287 1410 -

353 1436 439 1470 stino
465 1436 559 1473 statui
585 1437 773 1480 permifisie.
800 1437 915 1484 Qare
936 1448 995 1480 pro
1019 1436 1161 1472 Urbano
1175 1437 1232 1471 Vl.

350 1486 433 1525 forte
447 1487 602 1536 legendus
614 1487 648 1521 sit
663 1488 823 1524 Urbanus
834 1487 876 1524 V.
895 1487 1026 1521 Etenim
1042 1485 1097 1522 hic
1110 1498 1164 1532 per
1175 1486 1232 1522 Pe-

350 1546 437 1574 trum
450 1536 696 1573 Narbonensem
724 1539 758 1574 δε
783 1536 980 1573 Goffiea'um
995 1536 1230 1572 Tholosanum

353 1585 624 1630 Archiepiscopos
638 1587 757 1623 indixit
770 1588 803 1622 ὅ(
828 1586 1006 1623 celebravit
1031 1585 1230 1621 Vavrensem
1283 1598 1285 1601 ’

176 1624 255 1662 0⁸⁰·
271 1624 324 1677 84.
350 1635 525 1679 synodum
538 1659 547 1675 ‚
561 1636 594 1670 in
606 1648 669 1680 qua
682 1638 788 1671 editus
802 1637 844 1670 est
859 1634 911 1671 hic
923 1638 1041 1673 Canon
1062 1649 1068 1669 :
1093 1641 1131 1670 Ut
1143 1636 1231 1670 bonor

350 1685 467 1720 debitus
481 1685 705 1721 parochialibus
731 1684 863 1727 Ecclefits
889 1685 1076 1730 observetur,
1106 1688 1140 1720 Θ
1165 1692 1228 1718 ani-

347 1745 466 1769 marum
473 1733 614 1777 periculis
629 1735 765 1768 obvietur
780 1759 790 1775 ‚
813 1734 974 1778 salubriter
987 1738 1126 1771 duximus
1135 1735 1228 1776 statu-

346 1786 477 1826 endum,
507 1786 586 1826 quod
599 1785 776 1820 Parochiani
796 1785 901 1820 diebus
916 1788 1079 1820 Dominicis
1098 1788 1131 1820 ὑ
1146 1782 1228 1828 fhyi’i-

344 1841 398 1870 vis
425 1837 467 1869 ad
484 1833 569 1880 sunm
594 1834 795 1869 parochialem
808 1833 964 1875 Ecciestam
978 1841 1104 1870 veniant
1116 1861 1126 1876 ‚
1152 1836 1226 1879 Mifi'

318 1923 322 1924 ⁷
341 1884 395 1931 sas
410 1893 547 1930 integras
566 1886 715 1917 audituri.
743 1888 788 1919 Et
796 1884 881 1927 fiper
892 1886 961 1918 duos
977 1889 1144 1920 Domintcos
1160 1888 1223 1919 dies
1237 1912 1240 1916 .

346 1940 498 1970 continuos
512 1933 621 1975 Missas
646 1941 677 1967 in
689 1934 777 1969 diffls
796 1934 950 1976 EcclefiIs,
977 1935 1112 1979 legitima
1133 1937 1225 1979 cauffa

346 1983 493 2029 cessante,
521 1996 577 2017 non
598 1986 737 2024 audiant.
763 1997 802 2020 ex
816 1994 887 2019 tunc
898 1985 1046 2020 habebunt
1068 1986 1225 2020 Parochia-

347 2037 391 2071 les
403 2034 565 2073 Presbyteri
573 2046 752 2070 commonere
764 2044 822 2069 non
833 2041 986 2070 venientes
999 2059 1010 2078 ,
1031 2035 1065 2080 se
1076 2038 1225 2071 revelatu-

345 2097 396 2122 ros
410 2091 442 2119 in
456 2083 590 2130 Ecclefiis
602 2091 769 2120 nominatos
780 2110 790 2126 ,
812 2085 911 2127 postea
921 2088 1221 2120 excommunicandos.

345 2136 446 2172 Hanc
468 2134 640 2178 synodum
659 2146 736 2170 cum
761 2135 833 2169 aliis
862 2135 1087 2170 Narbonensis
1106 2136 1223 2172 Galliae

348 2185 514 2220 Conciliis
528 2197 629 2230 nuper
642 2186 786 2230 vulgavit
799 2185 982 2229 Stephanus
1005 2187 1157 2220 Baluzius
1168 2212 1175 2220 .

397 2235 594 2278 Respondeo
607 2236 703 2272 istum
719 2236 891 2271 Canonem
906 2235 1114 2278 effeejusdem
1127 2246 1222 2280 gene-

347 2283 410 2328 ris,
439 2285 576 2329 ideoque
588 2285 683 2321 nobis
696 2297 763 2320 non
775 2284 882 2320 obesse
895 2310 903 2318 .
932 2285 1014 2330 Agit
1026 2286 1066 2320 de
1077 2284 1222 2330 pagensi-

347 2335 408 2371 bus
419 2335 608 2377 prasertim,
639 2346 676 2369 ac
689 2335 873 2378 Oppidanis
887 2334 1054 2369 parochiis
1069 2357 1076 2366 .
1090 2335 1221 2370 Etenim

349 2384 513 2422 Urbanus
524 2385 659 2429 quintus
672 2384 815 2419 succeffit
841 2385 1040 2419 Innocentio
1061 2385 1152 2419 sexto
1165 2409 1174 2425 ,
1191 2387 1223 2420 ὄε

348 2436 438 2471 sexto
450 2435 641 2477 Clementi,
661 2445 770 2468 coram
792 2434 911 2478 quibus
922 2434 1151 2469 Mendicantes
1163 2435 1221 2468 Or-

350 2486 443 2519 dines
456 2486 495 2520 de
507 2485 569 2519 suis
580 2483 809 2531 potenriffimis
822 2484 874 2519 Ad
881 2484 1023 2519 versariis
1041 2484 1221 2529 gloriofilfi·

348 2535 401 2571 me
410 2534 652 2578 triumpharunt
666 2557 673 2566 .
700 2534 793 2570 Absit
807 2544 844 2569 ut
856 2533 1016 2570 Urbanus
1031 2534 1086 2568 ista
1099 2534 1220 2577 judicia

347 2584 611 2620 circumduxerit-
628 2583 703 2621 Fuit
715 2596 732 2620 e
744 2584 945 2619 S-Benedisti
958 2584 1085 2619 Ordine
1097 2586 1222 2619 evestus

339 2635 389 2670 ad
401 2635 430 2669 S.
445 2634 534 2671 Petri
556 2633 779 2674 Cathedram‚
806 2635 839 2670 δε
860 2635 983 2668 cunctis
1006 2633 1223 2678 Regu‘laribus

346 2684 450 2730 longe
469 2684 677 2720 amiciffimus
699 2708 706 2717 .
740 2683 784 2718 Et
815 2684 1020 2730 singulariter
1042 2684 1223 2719 Ordinibus

347 2733 619 2770 Mendicantibus
632 2758 640 2767 .
668 2734 800 2769 Etenim
821 2733 840 2769 ὲ
862 2736 950 2770 sacro
970 2734 1220 2768 Praedicatorurn

346 2785 477 2821 Ordine
492 2783 708 2819 Guilielmum
723 2782 821 2819 Sudre
833 2784 1102 2820 Lemovicensem
1115 2810 1124 2827 ,
1137 2796 1177 2817 ex
1192 2785 1221 2818 S.

347 2836 509 2871 Franciscl
522 2835 646 2870 familia
659 2833 811 2868 Marcum
835 2833 1097 2875 Viterbiensem,
1123 2835 1156 2867 δε
1178 2846 1218 2867 ex

347 2885 549 2921 Venerando
580 2883 829 2919 carmelitarum
863 2883 991 2917 Ordine
1024 2884 1220 2919 Bernardum

348 2935 591 2971 Ambafiensem
604 2937 769 2978 promovit
779 2933 820 2968 ad
841 2933 1128 2968 eminentiffimam
1153 2945 1220 2974 pur·

347 2996 459 3029 puram
475 2986 636 3021 Romanae
648 2984 798 3020 Ecclefiae
809 3008 816 3016 .
844 2982 972 3018 Eodem
984 2994 1129 3026 tempore
1141 2983 1220 3019 Prae-

346 3035 529 3071 dicatorum
541 3035 636 3071 Ordo
659 3036 841 3079 Hugonem
860 3033 900 3068 de
922 3033 1086 3072 viminio,
1110 3034 1221 3069 Gerar·

346 3085 426 3120 dum
453 3086 637 3121 Domarum
656 3109 668 3124 ,
704 3085 865 3128 Ioannem
890 3083 1142 3117 Morlandinum
1155 3109 1164 3122 ,
1189 3084 1221 3119 δε

347 3134 529 3171 Nicolaum
547 3135 716 3171 Rosellum
729 3158 740 3173 ‚
768 3134 979 3169 Franciscana
993 3133 1129 3167 Familia
1152 3134 1220 3168 Pa-

345 3184 465 3220 storem
477 3183 518 3218 de
533 3183 843 3225 Albernaco‚Eliam
854 3182 893 3217 de
905 3182 1220 3221 Hannibaldis,Gui·

345 3235 494 3271 lielmum
516 3235 743 3273 Farineriurn,
770 3233 1041 3271 &Fortanerium
1061 3231 1193 3268 Valseni
1213 3258 1222 3273 ,

345 3285 453 3319 noster
464 3285 493 3319 S.
505 3283 682 3329 Augustini
695 3283 792 3319 Ordo
802 3281 941 3319 habebat
965 3283 998 3318 in
1021 3283 1051 3318 S,
1061 3283 1221 3328 Collegio

344 3335 563 3370 Guilielmum
575 3334 840 3369 Cremonensem.
849 3333 939 3368 Absit
950 3344 985 3367 ut
993 3332 1074 3367 tanti
1087 3333 1225 3378 Ecclesie
1238 3356 1241 3371 2

352 3382 521 3432 Principes
531 3377 670 3422 viderint
682 3385 814 3422 suorum
824 3383 992 3421 ordinum
999 3382 1067 3430 jura
1081 3383 1222 3420 castrari.
1235 3375 1242 3410 l

1505 1435 1536 1470 C
1564 1435 1594 1471 A
1622 1435 1650 1472 P
1677 1435 1716 1472 U
1743 1436 1781 1472 T
1841 1439 1875 1473 X
1894 1438 1920 1471 V
1937 1437 1963 1471 I.

1293 1485 1412 1521 Sanc‘lae
1439 1489 1582 1519 Romana
1610 1484 1742 1527 Ecclefiae
1766 1492 1844 1522 clrca
1880 1490 2087 1522 Tridenrirrum
2116 1491 2172 1523 De·

1406 1546 1514 1569 cretum
1531 1535 1633 1579 sensus
1650 1542 1803 1578 exponitur
1828 1549 1863 1571 ac
1880 1537 2032 1579 stabilitur
2042 1562 2050 1570 .

1398 1585 1483 1621 Uod
1496 1586 1647 1622 Romana
1663 1586 1800 1622 Ecclefia
1811 1589 1938 1623 censeat
1950 1588 2170 1622 TridDecre·

1412 1645 1483 1669 tum
1507 1647 1574 1671 non
1597 1637 1634 1671 ad
1642 1636 1769 1672 versum
1804 1638 1980 1683 Regulares
2004 1636 2170 1673 ordinum

1292 1683 1559 1719 Mendicantium
1574 1686 1751 1726 Ecclefias,
1778 1687 1831 1722 scd
1843 1698 1900 1731 pro
1923 1686 2096 1722 parochiis
2115 1687 2172 1722 nd·

1291 1735 1415 1768 versum
1430 1734 1606 1769 parochias
1620 1759 1631 1775 ,
1657 1746 1695 1769 ac
1707 1738 1877 1779 praesertim
1900 1737 2066 1771 adversum
2089 1738 2169 1772 Ora·

1290 1784 1551 1830 toria&sacella
1573 1785 1731 1824 sanxisse,
1761 1785 1886 1820 firmavi
1909 1798 1950 1820 ex
1974 1786 2167 1827 authentico

1289 1831 1415 1873 judicio
1429 1855 1439 1872 ,
1464 1842 1531 1875 quo
1546 1833 1797 1872 Eminentiffimi
1812 1835 1891 1868 DD.
1903 1836 2104 1871 declararunt
2115 1837 2169 1873 Fi-

1286 1882 1376 1917 deles
1386 1881 1403 1915 ὲ
1417 1881 1479 1915 suis
1493 1881 1660 1926 Episcopis
1671 1893 1737 1916 non
1751 1883 1837 1927 posse
1860 1895 1914 1928 per
1926 1885 2088 1918 censuras
2108 1895 2167 1920 aut

1289 1932 1369 1967 alias
1380 1940 1490 1975 poenas
1501 1934 1656 1975 compelli
1672 1933 1711 1967 ad
1735 1934 1926 1972 deserendas
1949 1932 2167 1979 Regularium

1291 1980 1447 2024 Ecciefias
1458 2006 1466 2014 .
1495 1981 1619 2017 Addidi
1634 1984 1675 2017 fic
1686 1984 1773 2027 posse
1785 1984 1936 2026 compelli
1960 1985 1999 2019 ad
2024 1985 2168 2021 deseren-

1286 2033 1343 2068 das
1354 2032 1480 2069 alienas
1492 2031 1668 2067 Parochias
1680 2056 1690 2072 ,
1703 2034 1842 2077 ideoque
1856 2034 2027 2078 Synodum
2041 2034 2167 2079 propa·

1287 2075 1408 2119 ro'chiis
1428 2082 1597 2120 adversum
1623 2082 1799 2119 Parochias
1822 2083 1973 2119 sanxisse.
2005 2085 2047 2118 Et
2072 2086 2164 2128 spero

1287 2134 1373 2179 quod
1389 2134 1567 2177 scripserim
1588 2143 1659 2168 vera
1671 2145 1708 2168 ac
1721 2135 1803 2170 resta
1816 2159 1823 2167 .
1852 2134 1956 2168 Aliud
1969 2145 2074 2167 tamen
2091 2146 2165 2168 cen-

1286 2186 1331 2219 set
1346 2183 1583 2225 Demonstratcr:
1603 2183 1652 2218 En
1668 2184 1736 2226 ejus
1749 2184 1839 2219 verba
1853 2196 1861 2218 ε
1887 2185 2064 2227 ,Quodpqffir
2076 2181 2167 2226 Epis·

1286 2243 1372 2275 copus
1384 2232 1451 2278 suot
1459 2232 1598 2277 subditos
1610 2239 1705 2278 magis
1719 2246 1812 2278 cogere
1822 2238 1875 2276 p‘er
1892 2245 2000 2277 poenas
2023 2244 2074 2266 aut
2099 2237 2166 2267 Ex·

1287 2290 1560 2319 communicationes
1571 2282 1822 2321 adabslinendum
1832 2284 1871 2318 ab
1878 2285 1984 2317 alienis
1997 2284 2163 2326 Paroa-biii,

1288 2345 1378 2375 quam
1388 2335 1407 2366 :i
1423 2336 1612 2379 Regularum
1624 2331 1884 2376 Beckfiisfasfum
1894 2333 1938 2372 est.
1952 2337 2039 2367 Nam
2051 2344 2103 2365 nec
2114 2332 2165 2366 boc

1288 2386 1359 2417 dicit
1374 2385 1541 2418 Declaratio
1551 2407 1561 2424 ,
1584 2394 1634 2418 nec
1647 2384 1775 2419 aliunde*
1784 2382 1877 2426 potest
1885 2382 2067 2425 manifestum
2074 2380 2142 2424 fieri
2152 2406 2161 2414 .

1338 2434 1533 2475 Respondeo
1542 2436 1605 2469 effe
1617 2432 1839 2471 manifestum.
1866 2432 1998 2467 Etenim
2009 2432 2065 2466 ista
2078 2433 2175 2466 sacra.

1287 2483 1477 2518 Declaratio
1503 2495 1570 2519 non
1591 2484 1722 2519 induxit
1748 2493 1869 2521 novam
1890 2483 2162 2524 reservationem,

1289 2542 1347 2567 nec
1359 2533 1527 2568 Dominus
1539 2533 1717 2577 Episcopos
1727 2533 1859 2570 noviter
1866 2532 2014 2575 spoliavit
2024 2532 2162 2577 potesta-

1288 2593 1319 2616 te
1332 2607 1342 2623 ,
1363 2593 1460 2626 quarn
1474 2584 1594 2626 semper
1610 2583 1792 2620 habuerunt
1813 2584 1847 2618 ‘tn
1862 2582 2026 2623 Ecclesia,
2046 2583 2079 2617 ὅτ
2097 2593 2161 2625 qun

1289 2634 1409 2675 semper
1422 2634 1552 2667 fuerunt
1563 2633 1623 2667 ufi.
1654 2635 1700 2667 At
1713 2635 1787 2668 vero
1801 2632 1987 2668 istittsmodi
2004 2632 2050 2667 est
2066 2643 2161 2676 pote-

1286 2682 1347 2718 stas
1370 2683 1443 2718 suos
1456 2682 1601 2718 subditos
1613 2695 1666 2727 per
1679 2683 1834 2719 Censuras
1846 2685 1879 2721 ἕ(
1902 2693 2013 2727 poenas
2025 2707 2035 2723 ‚
2060 2682 2161 2716 eriam

1288 2744 1342 2775 per
1365 2734 1745 2768 excommunicationem
1760 2733 1911 2778 'cogendi
1942 2732 1983 2768 ad
2002 2731 2163 2766 abstinen-

1285 2782 1363 2816 dum
1378 2784 1417 2817 ab
1429 2782 1543 2816 alienis
1556 2782 1724 2817 Parochiis
1734 2808 1744 2824 ,
1757 2784 1919 2818 oratoriis
1929 2808 1940 2825 ,
1965 2780 2173 2824 &Capellis‘

1288 2834 1417 2866 Etenim
1443 2832 1582 2874 superius
1604 2833 1732 2869 laudata
1758 2833 1927 2869 Vavrenfis
1949 2831 2104 2876 synodus
2126 2831 2161 2865 iu

1280 2894 1340 2916 eos
1352 2907 1361 2921 ‚
1386 2883 1441 2926 qui
1455 2881 1577 2917 duabus
1590 2882 1777 2917 Dominicis
1791 2885 1878 2917 suam
1894 2895 1960 2918 non
1969 2881 2162 2918 accederent

1285 2932 1478 2966 parochiam
1491 2956 1502 2973 ,
1527 2931 1642 2966 diserte
1653 2932 1757 2966 edixit
1772 2947 1783 2968 .-
1810 2937 1863 2967 Ex
1874 2931 2084 2967 tunc'babeam
2101 2933 2162 2968 Ra·

1284 2981 1423 3015 rochiales
1443 2981 1602 3019 Presbyteri
1614 2994 1791 3016 commonere
1803 2995 1861 3016 non
1875 2988 2027 3018 venientes
2042 3007 2052 3022 ‚
2070 2982 2103 3025 se
2114 2994 2158 3015 re-

1284 3033 1477 3066 velaturosin
1491 3031 1620 3072 Ecclefits
1643 3039 1805 3066 nominatos
1818 3057 1828 3073 ,
1847 3033 1943 3074 posteri
1965 3033 2159 3066 excommum'·
2216 3035 2226 3046 ’·

1283 3084 1392 3116 candos
1415 3105 1420 3112 .
1453 3082 1495 3117 Et
1521 3082 1662 3124 superius
1686 3081 1821 3118 adducta
1845 3083 1928 3117 int'er
1952 3082 2161 3117 Caleiensem

1285 3131 1492 3171 parochiam,
1504 3133 1537 3167 δε
1550 3131 1691 3174 ejusdem
1706 3132 1830 3174 Oppidi
1844 3131 2068 3174 Leprosorium
2081 3142 2160 3165 con.

1285 3182 1394 3215 cordia
1407 3180 1503 3215 habet
1513 3194 1520 3214 t
1532 3183 1562 3213 si
1573 3187 1639 3222 quis
1656 3181 1903 3215 parochianorum
1914 3182 1956 3214 ihi
1971 3208 1980 3220 ,
1994 3181 2026 3214 in
2039 3181 2158 3223 Lepro-

1285 3233 1369 3266 sorio
1379 3257 1389 3273 ‚
1411 3230 1492 3273 saepe
1504 3234 1547 3264 ad
1558 3230 1682 3274 Misram
1695 3237 1811 3265 venerit
1823 3254 1833 3272 ,
1857 3233 2027 3265 admonitus
2039 3234 2058 3263 ἃ
2075 3227 2157 3272 Prefi

1284 3282 1375 3319 bytero
1381 3280 1434 3324 suo
1444 3306 1454 3321 ‚
1471 3280 1492 3321 fi
1505 3285 1541 3313 id
1550 3287 1606 3313 non
1617 3282 1820 3314 emendaverit
1835 3304 1846 3321 ,
1867 3282 1979 3322 publice*
1998 3289 2160 3316 excommu-

1285 3331 1431 3364 nicabitur
1443 3355 1450 3362 .
1481 3330 1523 3364 Et
1546 3330 1611 3365 Son
1620 3331 1699 3363 n‘atii
1722 3330 1889 3365 Remenfis
1912 3329 2158 3372 Archiepiscopi

1285 3380 1463 3427 synodalia
1471 3381 1595 3417 Statura
1611 3379 1742 3417 habent:
1754 3384 1842 3416 Curet
1854 3380 1955 3422 Pastor
1966 3391 2049 3416 ovem
2056 3378 2158 3421 suam,

1995 3431 2042 3467 σε
2055 3439 2111 3464 non

1380 135 1472 186 Quid
1483 147 1566 180 opus
1579 138 1712 173 multis?
1724 138 1836 174 Praxi·
1849 139 1892 174 est
1903 136 2031 185 optima
2044 139 2199 185 interpres

1327 185 1435 231 legum
1448 211 1455 219 .
1484 186 1655 230 Belgarum
1671 188 1800 231 plurimi
1813 190 1977 227 visitarunt
1991 190 2117 227 ltaliam
2133 217 2143 232 ,
2156 194 2198 228 ἅ

1325 235 1577 272 Mediolanensis
1588 235 1767 272 Provinciae
1777 249 1844 274 tam
1859 240 2086 285 Metropolim,
2098 254 2196 287 quam
2224 242 2227 244 ’

390 289 550 330 bibitafit.
580 289 681 323 Primo
692 293 770 319 enim
791 285 841 321 boc
854 286 964 329 jussum
977 287 1036 328 est,
1062 297 1095 320 ut
1106 289 1267 321 Dominicis
1323 286 1539 332 suffraganeas
1551 288 1890 325 civitateslustrarunt.
1912 290 2195 328 Videruntearum

385 338 536 383 ‘festisque
547 337 649 372 diebus
666 336 804 376 parochi,
830 347 989 379 antequam
1000 338 1112 379 Missam
1124 338 1267 372 celebrent
1324 346 1429 371 mores
1450 338 1482 373 δε
1508 337 1758 373 Ecclefiasticam
1776 338 2001 383 disciplinam.
2030 341 2197 378 Viderunt

1319 385 1483 423 ordinum
1504 388 1767 423 Mendicantium
1796 380 1953 424 Ecclcli‘as
1973 402 2040 426 non
2063 392 2193 435 minus,

1319 447 1415 482 quam
1429 437 1647 478 Parochiales,
1660 439 1728 473 imo
1740 440 1773 475 δε
1785 440 1883 484 longe*
1896 440 2033 485 amplius
2045 443 2194 485 frequen·
2256 439 2265 449 ¹

1318 487 1375 519 tari
1389 512 1396 518 .
1414 486 1589 523 Noverunt
1604 489 1729 523 nullum
1744 489 1938 534 Episcopum
1951 500 2006 524 aut
2019 490 2192 528 Parochia·

1317 536 1377 570 lem
1389 537 1615 583 Presbyterum
1627 539 1849 575 contradicere
1859 541 1909 574 isti
1921 541 2190 584 frequentationi,

1317 585 1384 621 imo
1397 586 1487 622 bono
1499 589 1588 633 operi
1602 587 1807 633 congaudere
1825 613 1833 624 .
1858 590 2042 625 Istiusmodi
2064 592 2188 634 quaesti-

1315 645 1394 669 ones
1406 635 1476 671 istic
1489 638 1700 682 ignorantur.
1729 638 1894 674 Paradoxa
1905 640 2036 685 ingenia
2052 642 2118 675 illic
2133 653 2190 675 no·

1314 695 1387 719 runt
1399 686 1453 720 fibi
1465 687 1637 731 capistrum
1648 689 1756 724 statim
1776 700 1841 724 non
1864 690 2050 725 defuturum
2063 715 2071 723 .
2092 691 2132 725 Et
2147 692 2189 726 is-

1300 1234 1342 1270 Et
1364 1237 1426 1269 mei
1445 1237 1560 1271 erroris
1579 1239 1708 1271 veniam
1721 1238 1762 1273 ab
1774 1239 1864 1273 omni
1881 1240 2019 1273 Ecclesia
2043 1241 2175 1282 supplex
2238 1242 2241 1244 ’
