2366 3736
384 150 484 197 400
935 176 940 180 .
1048 138 1071 186 I
1157 151 1186 183 Ν

407 220 614 260 Tridentino
637 230 747 260 antem
775 219 934 259 Concilio
956 219 1023 259 visa
1044 220 1090 259 est
1103 220 1147 259 de
1156 221 1246 260 fide,

409 282 443 320 4·
474 282 503 312 1,-

781 369 819 410 H

463 471 692 511 AEreticorum
719 472 754 510 in
787 471 930 509 carnalia
962 472 1043 508 vitia
1070 473 1240 511 sceleratus

485 523 647 571 appetitus
670 546 681 567 ‚
716 522 913 561 necessitatis
939 524 1068 566 quaesito
1086 523 1199 558 colore
1226 547 1237 566 ‚

1268 152 1301 187 D
1377 156 1406 187 ‘t
1486 156 1513 187 X

1308 220 1499 265 Ignorantia
1518 220 1599 269 juris
1609 221 1765 260 naturalis
1784 221 1828 256 est
1849 223 1981 259 essentia
1991 222 2115 268 peccati
2127 221 2190 256 ori·

1354 272 1473 319 ginalrs
1486 297 1494 305 .
1981 310 1983 313 ¹
2106 282 2136 310 1·
2166 281 2183 309 1

1306 321 1498 367 Ignorantia
1526 322 1604 367 juris
1629 335 1751 360 naturae
1783 334 1838 368 per
1863 323 2026 366 Baptisma
2050 322 2183 357 tollitur

1354 373 1462 417 quoad
1484 384 1612 411 reatum
1635 374 1846 419 praereritum.
2106 381 2133 407 1-
2159 383 2183 410 2

1303 420 1490 466 Ignorantia
1510 423 1591 469 juris
1616 435 1734 461 natura:
1745 423 1931 459 laborarunt
1943 422 2043 458 fausti.
2055 421 2179 462 Patres,

1348 474 1450 509 etiam
1462 474 1684 523 Augustinus,
1713 474 1821 522 quoad
1832 476 1956 522 aliquas
1970 471 2159 519 quaestionts
2169 495 2180 506 ·

1349 534 1379 562 2.
1407 535 1438 563 2.

364 557 367 560 Δ
382 557 386 560 .
399 570 526 611 studuit
550 571 722 611 libidinem
735 573 754 606 a
768 581 899 616 peccato
916 573 1137 621 distinguere.
1156 574 1237 611 Hoc
1296 572 1488 617 Ignorantia
1508 574 1585 619 juris
1612 585 1732 611 naturae
1750 585 1928 620 numquam
1939 571 2100 608 excusata
2113 570 2181 605 cul-

397 624 514 661 Simon
539 624 661 668 Magus
681 623 804 670 incepit
827 635 837 665 3
865 624 991 660 secutus
1015 624 1059 660 est
1085 622 1233 659 Valenti—

398 684 459 708 nus
477 684 554 711 curn
574 673 765 716 Gnosticis;
793 673 979 712 Eunomius
998 674 1034 712 ἀ
1057 673 1152 710 Etius
1166 674 1235 709 suc.—

397 724 485 762 cessit
510 749 521 766 ‚
549 726 652 771 usque
671 724 711 762 ad
733 721 937 763 Lutherum.
991 725 999 736 ’

388 874 558 913 cusanam,

352 1048 354 1050 -
381 1024 450 1059 cuit
460 1047 470 1058 .
496 1026 570 1061 ibid.
584 1025 794 1066 Arcebantur
806 1026 905 1063 ctiam
917 1026 1007 1074 parvi
1019 1022 1216 1063 Christiani.

381 1074 454 1111 rm.
482 1078 516 1113 e·
533 1074 617 1123 seqq.

328 1122 495 1165 Henricns
516 1127 697 1169 Imperator
733 1126 871 1164 salvatus
893 1126 1012 1163 merito
1044 1125 1155 1164 calicis
1183 1125 1215 1161 in

375 1172 539 1214 honorem
559 1177 591 1214 S·
614 1176 787 1214 Laurentii
807 1175 931 1213 oblati.
1113 1173 1166 1224 38-
1197 1186 1212 1215 1

324 1223 356 1261 S.
381 1225 616 1270 Hieronymus
635 1238 703 1261 non
730 1226 992 1269 fuitParochus,
1017 1226 1070 1262 sed
1093 1227 1213 1264 Mona-

371 1273 453 1310 chus
476 1276 645 1319 Presbyter
664 1301 675 1319 ,
715 1277 785 1321 jure
818 1275 1045 1315 Monachatus
1066 1277 1213 1322 gaudens

371 1324 558 1374 privilegio
571 1325 806 1364 Catechizandi
819 1328 853 1362 &
866 1327 1072 1367 Praedicandi
1086 1350 1094 1360 .
1106 1335 1207 1375 302.1

369 1375 479 1411 Etiam
502 1377 611 1415 invito
629 1378 801 1416 ordinario
821 1377 1130 1426 Hierosolymitano
1151 1401 1159 1408 .

369 1426 443 1458 ibid.
470 1438 506 1466 2.

315 1474 514 1513 Homicidia
538 1478 684 1521 quaevis,
711 1479 765 1514 seu
789 1489 844 1522 per
867 1477 953 1515 bella
978 1478 1032 1513 seu
1058 1488 1114 1521 per
1143 1477 1211 1511 sen-

363 1527 503 1620 tenltiam
515 1551 528 1573 ,
540 1530 670 1567 censuit
681 1528 914 1567 Tertullianus
925 1528 1061 1566 illicita,
1087 1527 1162 1564 thui.
1178 1537 1212 1565 2,

341 1602 344 1606 ,
365 1578 399 1610 Θ
432 1588 496 1621 eqq.
588 1607 590 1609 .

314 1625 553 1666 Homicidium
575 1628 717 1670 quodvis
737 1637 779 1663 an
805 1627 974 1663 induceret
993 1626 1207 1674 irregularita-

352 1686 432 1708 anem
453 1677 538 1711 olim
559 1677 760 1718 disputarem
771 1689 784 1708 ¹.
812 1686 871 1722 27-
883 1688 913 1711 ι.
926 1677 1067 1714 Ecclesia
1081 1678 1202 1714 Roma-

363 1736 408 1759 na
433 1722 520 1767 prius
538 1734 576 1761 ut
597 1723 791 1768 irregulares
811 1721 928 1760 habuit
948 1747 960 1766 ‚
997 1726 1108 1768 postea
1130 1724 1208 1763 vero

364 1784 535 1814 amentes,
562 1773 727 1814 infantes,
755 1772 960 1812 dormientes
981 1797 992 1814 ,
1017 1773 1050 1807 ὅ(
1073 1774 1105 1806 se
1130 1785 1208 1809 cum

329 1842 331 1845 .
362 1824 532 1861 moderata
554 1825 657 1864 tutela
669 1822 882 1863 defendentes
893 1834 1067 1871 exemptos
1080 1823 1207 1862 voluit,

366 1874 439 1910 ibid.

315 1924 618 1968 Hospitalariorum
643 1924 729 1960 varia
751 1923 832 1959 vitia
850 1947 858 1956 .
883 1922 944 1969 46.
973 1935 1004 1961 1,
1019 1922 1106 1972 seqq,
1130 1923 1210 1962 hinc

367 1974 435 2013 fere
459 1975 578 2011 redaffi
599 1976 638 2010 -in
664 1973 824 2012 nih-ilum.
1085 1974 1161 2010 ibid.
1189 1986 1210 2011 2

318 2025 474 2070 Hyberni
487 2037 669 2070 numquam
683 2025 875 2063 subfnerunt
886 2025 1044 2062 Romano
1056 2025 1211 2067 Imperio,

367 2075 449 2115 hinc
470 2076 541 2121 ejus
561 2076 649 2125 leges
670 2076 926 2125 ignoraverunt·
1104 2083 1161 2126 57.
1194 2085 1207 2109 ι

743 2175 760 2214 1

320 2274 444 2364 IBeri
456 2276 555 2311 fidem
563 2277 770 2323 susceperunt
793 2287 849 2326 per
861 2274 1028 2320 captivam
1035 2274 1192 2312 ancillam
1203 2300 1211 2311 .

469 2349 477 2357 .
504 2337 535 2365 1,
679 2350 681 2352 »
895 2342 897 2347 ¹

322 2335 488 2424 Jejuni9u9m
511 2372 786 2424 quadragesimale
811 2374 962 2423 imperite
992 2375 1034 2411 ab
1061 2373 1213 2410 haeretico

373 2421 577 2470 redarguitur
590 2448 598 2460 ,
1106 2433 1179 2472 133.
1196 2436 1210 2461 1

324 2475 552 2520 Ignorantiam
572 2472 647 2511 fasti
673 2472 873 2518 quandoque
888 2473 1041 2510 excusare
1057 2471 1099 2510 ab
1121 2474 1213 2509 omni

377 2525 496 2568 eulpa,
522 2523 689 2561 inficiatur
716 2534 834 2561 nemo.
1113 2532 1164 2571 39.
1182 2535 1214 2567 .2

326 2575 520 2622 Ignorantia
544 2574 623 2618 juris
644 2573 782 2611 humani
802 2574 935 2609 excusat
960 2571 1003 2608 ab
1034 2572 1128 2609 omni
1148 2574 1215 2610 cul-

345 2622 348 2625 ’
377 2637 443 2671 pa,
468 2625 490 2661 si
508 2623 605 2662 fuerit
626 2624 789 2661 innocua.
815 2632 871 2662 20·
901 2635 929 2661 1·
957 2622 1068 2660 Etiam
1082 2622 1159 2668 juris
1169 2622 1214 2661 di-

342 2683 345 2686 ·
378 2675 452 2712 vini
466 2699 475 2712 ,
500 2674 571 2710 rbed.
601 2673 704 2712 Ratio
725 2674 771 2711 est
788 2675 865 2718 quia
885 2683 1061 2717 antequam
1073 2673 1212 2718 obliget,

380 2722 610 2773 promulgatio
637 2725 813 2761 necessaria
833 2724 879 2760 est
898 2747 910 2764 ‚
936 2735 1007 2768 quae
1027 2723 1094 2759 sine
1118 2724 1213 2769 culpa

379 2774 485 2821 potest
507 2774 548 2812 ad
571 2772 700 2818 aliquos
720 2785 788 2808 non
813 2774 1005 2819 pervenisse.
1035 2773 1105 2808 ibid.
1121 2775 1215 2810 Exci·

377 2826 515 2874 piuntur
541 2823 734 2863 Sacerdotes
754 2826 894 2874 respectu
917 2823 1114 2868 Canonum,
1133 2837 1216 2869 quos

379 2875 531 2921 ignorare
549 2875 659 2911 nefas.
767 2905 769 2908 Α
1142 2875 1216 2911 ibid.

331 2922 527 2977 ignorantia
552 2924 662 2969 legum
686 2923 895 2967 pofitivarum
921 2924 1122 2968 imperfectio
1148 2925 1214 2960 dici

382 2975 485 3020 potest
498 2999 509 3016 ,
536 2986 605 3009 non
618 2973 735 3012 vitium
750 2987 760 3019 3
789 2975 924 3020 negatio
933 2975 979 3011 est
994 2997 1005 3014 ‚
1030 2986 1100 3013 non
1114 2977 1215 3022 priva·

329 3047 333 3050 -
381 3024 583 3068 tio;'abesse
594 3033 715 3062 natnrae
727 3026 832 3072 potest
848 3050 859 3067 ,
885 3036 952 3059 non
966 3023 1082 3061 debet.
1134 3038 1165 3066 2.
1198 3036 1211 3064 ι

332 3075 523 3124 Ignorantia
546 3074 623 3122 juris
638 3075 851 3120 Evangelici‚
873 3074 896 3112 fi
926 3074 1070 3112 innocua
1080 3076 1143 3118 sit,
1161 3088 1216 3111 ex·

383 3126 474 3164 cusat
496 3124 538 3163 ab
563 3125 657 3161 omni
683 3125 795 3171 culpa.
1108 3136 1164 3163 20.
1197 3136 1213 3165 ι

337 3173 561 3222 Ignorantiam
583 3173 661 3217 juris
683 3185 806 3212 naturae
826 3175 910 3213 inter
932 3175 965 3213 δε
985 3175 1217 3219 concupiscen·

336 3245 338 3249 ,
358 3224 360 3226 ’
385 3227 464 3262 tiam
486 3222 552 3262 hoc
571 3224 725 3266 interest,
752 3224 842 3270 quod
863 3237 918 3269 per
941 3224 1026 3262 hanc
1049 3226 1142 3261 simus
1166 3226 1217 3261 be-

332 3300 335 3301 r
382 3275 451 3314 stiis
461 3273 624 3314 affimilati
637 3298 648 3318 ,
659 3285 715 3321 per
729 3274 822 3311 illam
837 3275 913 3311 vero
922 3275 1030 3311 bestiis
1042 3277 1215 3313 inferiores,

330 3347 335 3351 ·
385 3336 419 3365 2.
435 3337 461 3366 1.
473 3325 619 3363 Rursus:
644 3323 735 3368 quod
747 3324 934 3371 ignorantia
946 3325 981 3362 in
992 3325 1052 3362 hac
1064 3326 1128 3363 vita
1140 3338 1215 3365 conv

379 3374 482 3461 sugni,
508 3374 772 3423 concupiscentia
785 3387 855 3414 non
877 3375 993 3425 poffin

385 3435 421 3466 1,
433 3449 440 3458 ·
467 3435 501 3468 ,2--
616 3432 619 3436 ’

1125 734 1177 774 37·
1212 736 1226 763 1

341 770 581 813 Haetetieorum
602 775 664 811 filii
684 786 721 809 ac
748 783 884 816 nepotes
903 774 964 817 qui
987 773 1021 807 in
1043 784 1150 808 errore
1162 785 1230 820 per-

389 834 528 863 manent
553 825 693 869 seduffl,
726 823 818 860 nulla
839 824 1022 872 pertinacia
1046 824 1148 864 fulti,·
1174 835 1226 861 ex-

1119 884 1177 912 20·
1203 885 1228 915 2.
1289 872 1478 917 Ignorantia
1493 875 1573 920 juris
1594 887 1714 910 naturae
1732 876 1959 920 quandoquea
1972 872 2103 909 mortali
2119 884 2174 906 ex·

336 921 494 962 Heretici
518 923 708 961 arcebantur
735 924 754 962 a
775 923 882 961 nobili
902 924 1022 963 militia
1042 950 1051 961 ,-
1092 935 1169 971 124·
1198 937 1227 961 1.

383 972 532 1014 similiter
556 976 797 1013 Constantinus
821 974 951 1022 Judaeos
972 974 1168 1013 &infideles
1179 986 1221 1008 ar-

1345 633 1406 667 pa,
1433 626 1711 670 quemadmodum
1737 634 1917 670 numquam
1940 623 2071 658 excusat
2100 633 2181 656 con-

1341 673 1540 718 cupiscentia
1563 700 1573 710 ,
1611 687 1664 714 21.
1694 687 1726 714 2.
1756 687 1810 714 22.
1843 685 1869 711 1.
1908 675 2011 712 Nulla
2048 672 2179 708 excusat

1342 724 1504 761 sententia
1526 724 1725 768 probabilis,
1753 726 1863 761 nullus
1878 725 1995 759 Canon
2016 747 2028 765 ,
2053 722 2177 758 nullius

1342 772 1445 810 Patris
1466 776 1647 811 authoritas
1668 800 1678 816 ‚
1714 775 1834 810 nullius
1856 773 2018 817 Praepofiti
2042 771 2174 806 manda·

1340 834 1420 861 tum·
1439 835 1488 871 14-
1505 836 1531 860 ι.
1546 826 1720 862 Occuritur
1729 826 1952 873 argumentis.
1971 821 2177 868 ibid.&fhqq.

1334 925 1448 967 cusat,
1477 937 1545 962 non
1557 927 1695 972 semper.
1724 937 1777 977 23.
1795 936 1826 961 2.
1854 925 1934 960 Non
1948 925 2077 959 excusat
2088 933 2177 968 gen-2

1335 975 1432 1016 tiles,
1459 988 1529 1014 nou
1547 976 1713 1014 hereticos
1725 1001 1735 1018 ‚
1767 988 1833 1011 non
1846 975 2089 1014 schismaticos,
2104 982 2174 1010 ¹²⁰0

1330 1035 1450 1061 omnes
1473 1024 1604 1063 fideles.
1941 1026 2013 1061 ibid.
2034 1026 2067 1058 (a
2087 1021 2171 1068 seqq,

1283 1072 1473 1122 Ignorantia
1500 1075 1578 1121 juris
1610 1087 1731 1111 naturae
1764 1076 1896 1112 excusat
1927 1075 2126 1119 quandoque
2149 1074 2169 1107 a

1333 1126 1480 1160 mortali.
1509 1136 1565 1174 24.
1580 1138 1612 1165 2-
1631 1125 1808 1163 Nimirum
1831 1125 1854 1159 fi
1876 1126 2073 1161 interveniat
2098 1135 2171 1168 pro·

1332 1174 1484 1213 habilitas
1504 1177 1641 1213 fundata
1665 1177 1699 1212 in
1727 1176 1902 1219 Rescriptis
1929 1175 2129 1215 Pontificum
2156 1196 2169 1214 .

1330 1226 1633 1263 constitutionibus
1649 1226 1890 1275 Synodalibus‚
1909 1234 2171 1272 magnorumque

1329 1275 1465 1312 Parrum
1490 1277 1637 1321 placitis.
2060 1285 2116 1319 25·
2149 1282 2164 1309 ι

1278 1325 1503 1373 Ignorantiam
1523 1327 1600 1371 juris
1622 1337 1741 1363 naturae
1761 1327 1916 1362 excusare
1931 1324 1974 1362 ab
1987 1326 2081 1359 omni
2097 1334 2170 1367 pec-

1325 1387 1401 1413 cato
1426 1377 1611 1414 docuerunt
1633 1377 1804 1422 Pelagiani
1824 1401 1834 1412 ,
1873 1386 1929 1414 21,
1957 1387 1989 1415 2·
2014 1375 2166 1411 Errorem

1325 1427 1490 1471 resumpsit
1509 1427 1706 1465 Roscelinus
1724 1424 1993 1472 Compendienfis
2010 1448 2020 1459 ,
2057 1435 2112 1462 21.
2143 1435 2168 1462 1v

1325 1477 1522 1525 Magistrum
1555 1477 1645 1515 hunc
1676 1479 1803 1515 secutus
1822 1477 1867 1513 e'st
1889 1476 1963 1518 suus
1983 1475 2158 1518 discipulus

1326 1527 1443 1563 Petrus
1460 1528 1684 1565 Abaelardus.
1708 1529 1781 1563 ibid.
1810 1527 2007 1572 Pelagianos
2018 1525 2160 1561 revinxit

1326 1578 1358 1613 S.
1370 1577 1619 1624 Hieronymus,
1643 1579 1678 1612 &
1705 1579 1736 1614 S.
1751 1577 1977 1624 Augustinus.
2004 1586 2060 1616 21.
2083 1576 2160 1612 λύ’

1320 1625 1404 1675 seqq.
1423 1628 1635 1667 Roscelinum
1649 1629 1708 1664 lvo
1719 1628 1926 1664 Carnutenfis
1944 1649 1956 1668 ,
1980 1635 2070 1666 21-1.
2096 1625 2166 1659 Pe·-

1324 1688 1411 1712 trnm
1435 1679 1654 1716 Abaelardum
1676 1679 1709 1715 S.
1727 1679 1930 1716 Bernardus,
2082 1675 2159 1712 ibid.

1276 1725 1503 1763 Infidelitatem
1515 1728 1594 1772 pure
1606 1730 1793 1772 negativam
1805 1730 1868 1764 effe
1880 1738 2047 1773 peccatum
2057 1752 2070 1771 ,
2095 1736 2165 1760 me·

1324 1774 1388 1810 rito
1403 1777 1574 1813 damnavit
1593 1776 1674 1811 Pius
1691 1776 1735 1810 V.
1763 1786 1818 1815 20.
1843 1789 1876 1815 2.
1900 1778 2050 1812 Innocua
2070 1775 2169 1819 enim,

1328 1823 1404 1875 juris
1427 1825 1557 1869 positivi
1571 1824 1674 1861 etiam
1696 1824 1891 1873 Evangelici
1910 1825 2096 1871 ignorantia
2106 1835 2163 1858 ex·

1327 1875 1417 1911 cusat
1435 1887 1455 1912 a
1478 1875 1593 1918 culpa.
2065 1882 2120 1912 20·
2135 1885 2160 1909 -ι

1277 1924 1492 1962 innocentem
1513 1925 1634 1960 directe
1655 1924 1806 1962 occidere
1826 1924 1859 1958 in
1881 1923 1970 1959 bello
1985 1935 2051 1959 non
2065 1923 2162 1969 lieet.

1326 1985 1393 2021 142.
1424 1986 1454 2014 1.
1477 1974 1557 2021 seqq.
1585 1974 1778 2012 Geharrlum
1806 1973 2021 2011 Catholicum
2051 1973 2163 2009 infide·

1327 2025 1374 2061 les
1393 2025 1435 2061 ad
1460 2023 1589 2063 Malum
1617 2027 1834 2071 exposuerant
1856 2025 2020 2072 gentiles,
2047 2034 2084 2059 ut
2103 2033 2164 2059 ter-

1327 2085 1433 2112 rerent
1453 2075 1673 2113 Godefridum
1695 2075 1786 2111 Loth
1807 2074 2164 2113 Ducemobsrdentem

1327 2125 1496 2161 civitatem
1522 2127 1620 2163 Assur
1641 2153 1650 2163 .
1675 2126 1749 2163 ibid,
1774 2127 1837 2164 Sed
1859 2136 1966 2167 neque
1988 2122 2044 2160 hic
2063 2125 2165 2169 preci·

1330 2175 1390 2212 bus
1410 2175 1558 2213 Gehardi
1579 2176 1658 2213 licet
1677 2176 1799 2211 obsidis
1820 2177 1867 2213 sui
1892 2186 2005 2210 morus
2021 2198 2033 2217 ‚
2061 2184 2165 2219 perre-

1328 2227 1399 2266 xit,
1427 2226 1500 2262 telis
1524 2226 1710 2264 vulneratus
1730 2225 1901 2264 Gehardus
1923 2226 2004 2263 fuit:
2031 2234 2164 2261 resnou

1326 2276 1418 2311 ceffit
1438 2275 1537 2314 bene:
1567 2289 1649 2316 narn
1667 2278 1836 2314 civitatem
1857 2275 2002 2311 deserere
2012 2275 2162 2319 compul-

1329 2326 1381 2363 sus
1400 2326 1446 2362 est
1465 2351 1474 2363 ,
1506 2337 1595 2373 142.·
1609 2340 1642 2367 2.
1670 2328 1713 2363 Et
1736 2327 1803 2365 hae
1824 2325 2095 2366 immisericordia
2118 2326 2167 2358 vi-

1331 2387 1478 2420 tuperata
1498 2378 1544 2414 est
1569 2401 1576 2410 ·
1605 2379 1680 2414 ibid.
1707 2378 2016 2420 supervixic,camen
2038 2372 2162 2409 Gehar-

1328 2427 1391 2460 dus
1401 2451 1412 2467 ‚
1438 2428 1472 2465 ἀ
1485 2439 1544 2471 pro
1556 2426 1732 2464 afflictione
1745 2427 1912 2470 praemium
1923 2423 2034 2460 retulit
2046 2449 2054 2459 .
2068 2432 2135 2470 143·
2153 2431 2167 2459 ι

1330 2474 1432 2511 Varia
1455 2477 1569 2512 similia
1591 2476 1761 2519 exempla.
1982 2472 2058 2515 ibid-
2077 2470 2164 2517 seqq.

1282 2523 1398 2568 Imago
1418 2523 1542 2562 Christi
1561 2525 1604 2562 ad
1616 2526 1783 2570 Edgarum
1796 2523 1887 2561 missa
1905 2547 1916 2565 ,
1940 2523 2033 2569 juxta
2046 2522 2166 2557 Cedre-

1331 2585 1411 2610 num
1432 2573 1467 2610 in
1488 2584 1582 2619 porta
1603 2574 1726 2610 Edeffae
1759 2575 1859 2618 posita
1887 2573 1934 2608 est
1958 2572 2001 2611 ab
2029 2572 2164 2618 Edgaro

1329 2625 1431 2669 usque
1446 2623 1486 2659 ad
1507 2624 1667 2671 Regnum
1683 2624 1844 2670 Nepotis.
1876 2632 1939 2671 14¹.
1956 2633 1983 2660 ι.
2011 2623 2100 2659 Dein
2118 2621 2162 2656 ab

1331 2674 1495 2710 Edeffeno
1519 2675 1685 2719 Episcopo
1703 2675 1902 2712 occultatam
1923 2674 2024 2717 usque
2044 2670 2164 2716 ad-Ju·

1331 2724 1463 2761 ssiniani
1484 2725 1682 2770 Imperium.
1709 2725 1785 2759 ibid.
1809 2724 1847 2759 T
1849 2735 1913 2760 unc
1925 2724 2028 2762 Graeci
2050 2725 2095 2758 ita
2107 2733 2164 2757 co-

1328 2774 1459 2811 luerunt
1480 2799 1493 2816 ,
1528 2786 1564 2812 ut
1587 2774 1678 2813 illam
1700 2775 1735 2812 in
1756 2773 1951 2812 exercitibus
1977 2774 2163 2818 praeferrent

1333 2825 1500 2862 victoriam
1520 2828 1744 2870 expectantes.
1984 2833 2060 2873 140·
2090 2834 2121 2860 1·
2140 2834 2163 2861 2

1280 2873 1404 2911 Inferni
1425 2887 1537 2920 poenas
1559 2875 1739 2921 aliquando
1750 2874 2011 2922 extinguendas,
2035 2885 2076 2908 ex
2088 2872 2164 2907 Pla·

1329 2934 1409 2961 tone
1431 2926 1592 2971 Origenes
1609 2927 1643 2963 in
1667 2925 1844 2963 Ecclesiam
1855 2924 2008 2963 inducere
2019 2920 2161 2958 studuit.

1329 2986 1386 3026 35.
1417 2987 1442 3012 1.
1468 2976 1622 3013 Ruffinus
1646 2975 1832 3012 Palaestinos
1853 2975 2018 3011 restrinxit
2037 2973 2078 3009 ad
2091 2982 2161 3016 pec-

1329 3036 1454 3061 catores
1476 3024 1702 3069 Christianos3
1731 3025 1785 3062 sed
1812 3026 1898 3064 male
1916 3049 1924 3058 .
1947 3025 2018 3058 ibid.
2041 3021 2162 3056 Hiero-

1327 3087 1449 3120 nymus
1472 3087 1582 3111 tamen
1608 3077 1746 3113 Ruffino
1766 3075 1864 3119 huic,
1891 3073 2053 3110 sententia,
2065 3071 2162 3118 hujus

1329 3125 1452 3160 author
1474 3127 1604 3162 extitit.
1631 3138 1685 3175 35.
1710 3136 1743 3164 2.
1769 3125 1881 3163 Plures
1901 3123 1999 3160 secuti
2018 3124 2093 3159 sunt
2121 3122 2160 3156 in

1332 3176 1442 3211 Gallia
1461 3177 1496 3214 ἀ
1520 3177 1630 3213 ltalia.
1655 3177 1729 3211 ibid.
1753 3176 1836 3223 Qae
1857 3174 2016 3211 sententia
2042 3171 2157 3208 multis

1329 3226 1452 3261 Graecis
1474 3226 1615 3270 placuit.
1645 3227 1698 3278 36-
1714 3237 1736 3263 2
1770 3225 1974 3270 Augustinus
1987 3221 2063 3258 vero
2083 3220 2159 3264 reje-

1328 3276 1376 3311 cit
1398 3301 1406 3309 .
1431 3276 1504 3312 thid.
1528 3277 1571 3314 Et
1590 3288 1666 3312 cum
1687 3275 1760 3312 aliis
1780 3276 1964 3311 constanter
1987 3274 2163 3320 impugna-

1330 3326 1394 3361 vit.
1420 3337 1472 3375 39.
1494 3338 1524 3365 2·
1546 3326 1736 3371 probabilis.
2083 3324 2161 3359 ibid.

1281 3377 1414 3427 Joannis
1436 3377 1615 3412 Frontonis
1634 3374 1871 3411 amarulentum
1883 3373 2044 3418 Scriptum
2054 3371 2094 3406 de
2106 3384 2161 3416 po-

1333 3426 1446 3467 testate
1465 3425 1638 3464 Pontificis
1651 3437 1766 3463 contra
1780 3425 2013 3462 mendicantes
2023 3447 2045 3481 ‚⁶
2061 3421 2163 3459 discu-

2022 3484 2115 3519 titur,
