2366 3736
157 2165 217 2208 Ep.
251 2160 382 2209 98.s1s:

156 2227 225 2261 cap.
254 2214 286 2253 6.

364 98 464 143 330

346 167 393 201 cis
413 165 454 200 de
479 162 662 208 Episcopali
676 163 822 197 Fratrum
836 161 1101 197 Mendicantium
1113 164 1233 197 exami-

348 229 392 251 ne
423 215 708 251 Constitutionem
737 211 978 248 circumducere
1015 214 1134 257 poterit
1168 215 1231 249 fine

349 266 484 302 vulnere
501 263 690 299 Tridentini
706 260 837 295 Decreti
851 286 857 294 .

399 317 466 351 His
487 315 614 355 insuper
630 312 867 347 confirmandis
890 311 1013 347 adduxi
1035 313 1127 348 verba
1142 312 1234 357 Aug.

347 360 517 403 Barbosae:
545 361 639 397 Hodie
660 360 733 404 ustas
756 361 914 405 observat,
941 373 974 396 ut
995 364 1120 408 quisque
1142 372 1230 396 extra

346 415 525 452 Parocbiam
541 411 631 455 suam
650 416 822 446 concionem
832 414 934 445 audire
946 415 1067 447 valeat.
1096 414 1149 448 Ad
1164 415 1227 447 haec

345 462 623 502 Demonstrator:
653 460 781 506 Rursum
802 462 853 495 hoc
869 462 986 506 falsum
1008 469 1131 507 imponit
1144 466 1227 496 Bar-

346 514 420 556 bosae
444 537 452 544 .
478 514 563 544 Nam
584 524 642 545 non
663 512 700 550 est
719 515 781 552 ejus
803 512 867 547 haec
887 514 1019 555 conclusio
1040 539 1050 555 ‚
1080 513 1138 558 sed
1163 514 1228 554 teste

343 562 424 606 ipso,
451 561 813 604 TheophiliParochiani.
844 564 884 596 Et
911 565 1035 608 pergit:
1064 568 1137 597 Non
1150 570 1225 597 imus

343 615 462 656 quidem
482 612 619 655 inficias,
645 624 709 647 eum
719 614 772 656 effe
791 612 875 655 usum
897 619 929 646 in
951 616 1055 646 multis
1074 617 1161 654 locis,
1174 612 1225 656 scu

340 665 534 706 corruptelam
550 669 674 705 potius,
702 664 873 697 Canonibus
897 665 932 697 ὡ·
955 667 1085 698 Decretis
1104 664 1223 705 Pontifi-

337 725 422 755 cum,
449 716 557 755 utJ'am
574 713 746 754 ostendimus
760 738 771 753 ‚
798 719 998 746 contrariam.

389 763 588 808 Respondeo
609 776 662 799 me
683 775 750 797 non
769 763 853 798 false>
875 764 1061 806 imposuisse
1090 789 1097 796 .
1125 764 1222 808 Inspi-

335 815 442 848 ciatur
463 824 574 849 textus
600 813 776 858 Augustini
792 812 958 847 Barbosae.
987 814 1089 862 Qod
1113 826 1222 848 autem

334 866 434 903 ctiam
462 862 661 899 Parochialis
683 862 898 906 Theophilus
918 863 1066 898 eamdem
1090 865 1222 899 conclu-

332 914 456 949 fion‘em
479 913 617 955 habeat,
644 916 687 948 eli
710 914 805 947 nobis
815 913 1068 958 gratulandum.
1090 915 1219 948 Etenim

333 964 392 998 isse
418 959 631 1006 Theophilus
660 963 704 998 est
722 964 794 1006 quis
814 965 963 1007 pertinax
985 989 994 1003 ‚
1021 965 1140 998 Fratris
1154 964 1220 999 Ca-

328 1016 460 1059 puccini
474 1016 594 1049 larvam
608 1014 756 1054 indutus,
772 1014 939 1050 Ordin'um
952 1014 1220 1050 Mendicanrium

330 1065 541 1100 Adversarius
558 1089 568 1104 ‚
598 1063 738 1108 ideoque
763 1063 847 1098 istud
867 1064 923 1107 ipsi
946 1065 964 1098 a
987 1064 1157 1101 manifesta
1171 1077 1218 1100 ve·

328 1115 424 1149 ritate
443 1124 611 1149 extortum
633 1126 690 1158 pro
711 1114 807 1148 nobis
830 1113 1056 1148 testimonium
1083 1127 1150 1148 non
1174 1115 1217 1149 est

327 1164 415 1206 parvi
439 1163 642 1199 faciendum.
676 1165 787 1198 Etubi
801 1165 889 1208 Aug.
905 1163 1080 1198 Barbosam
1094 1167 1216 1198 rursum

326 1213 410 1248 falso
437 1212 591 1249 adduxi?
618 1213 687 1260 Qi
711 1214 867 1248 Canones
887 1237 898 1254 ‚
925 1225 996 1255 quae
1019 1213 1217 1258 Apostolicae

325 1263 416 1298 Sedis
438 1265 577 1299 Decreta
615 1265 774 1298 affirmant
803 1262 901 1297 istum
923 1274 1047 1298 morem
1070 1266 1135 1298 esse
1162 1264 1215 1299 sibi

323 1315 488 1350 adversam
513 1315 756 1362 corruptelam?
785 1314 902 1350 Aniles
927 1314 1098 1353 calumniae
1115 1316 1148 1353 ὃς
1173 1317 1216 1353 fa

329 1365 430 1400 bulae.

373 1415 428 1449 Ad
456 1413 623 1449 laudatum
643 1414 685 1449 ab
699 1415 890 1461 Augustino
904 1413 1042 1449 Barbosa
1073 1417 1107 1450 ἀ
1120 1415 1213 1450 Paro·

325 1460 425 1498 chiali
443 1463 644 1508 Theophilo
667 1477 791 1500 morem
804 1466 938 1508 adjunxi
952 1479 963 1498 .·
977 1467 1084 1499 Verum
1103 1478 1143 1498 an
1166 1467 1214 1506 iste

322 1513 391 1556 usus
407 1513 441 1557 se
460 1517 607 1551 extendat
627 1517 673 1548 ad
695 1518 774 1549 alias
790 1514 971 1554 parochias,
999 1515 1213 1559 &praesertim

321 1566 366 1597 ad
387 1569 528 1599 Oratoria
551 1567 586 1600 &
603 1567 778 1607 capellas,
806 1571 923 1608 ignoro.
941 1567 974 1596 51
974 1563 1024 1614 se
1046 1567 1204 1607 extendat,

320 1615 406 1649 debet
416 1615 536 1650 retrahi
549 1637 560 1654 ‚
590 1617 739 1656 &reponi
749 1621 875 1657 antiqua
887 1603 1065 1658 disciplina.
1085 1618 1207 1650 Demon-

313 1663 425 1701 strator
444 1666 541 1699 etiam
566 1662 635 1699 haec
658 1665 764 1698 rodit.
794 1662 982 1705 Promisi-uus
1003 1665 1042 1704 est
1064 1664 1114 1704 iste
1138 1665 1238 1709 usus

319 1724 385 1746 tam
400 1721 458 1755 pro
482 1713 642 1747 parochiis
664 1715 831 1747 adversum
845 1713 1007 1746 Parocbias
1021 1738 1032 1754 ‚
1057 1727 1148 1756 quam
1153 1724 1211 1758 pro

319 1764 554 1798 Mendicantium
582 1763 719 1803 Ecclest‘is
732 1787 743 1803 ,
770 1760 973 1803 adversusque
994 1761 1210 1806 easdem,quae

319 1823 421 1847 tamen
444 1824 501 1846 non
516 1819 641 1856 patitur
662 1812 773 1845 Autbor
787 1835 797 1851 ,
823 1812 929 1855 nempe
952 1821 1074 1845 eatenus
1082 1814 1210 1859 prffefflr

320 1864 387 1899 boni
403 1869 541 1907 proprii,
569 1873 604 1897 ut
621 1863 710 1906 simul
720 1863 759 1905 fit
774 1864 898 1896 aemulus
911 1862 1003 1896 alieni
1017 1885 1025 1896 .

370 1914 494 1963 Qalia
516 1913 676 1958 stipendia
696 1923 833 1957 magnus
861 1912 947 1956 Papa
969 1912 1040 1947 Leo
1063 1912 1105 1946 ab
1119 1913 1207 1947 Hila

320 1965 371 2009 rio
394 1964 567 1998 Arelatenli
583 1962 866 2006 Archiepiscopo,
892 1963 970 1996 dum
991 1962 1094 2004 ipsum
1107 1964 1147 1997 ab
1164 1964 1209 1997 in-

320 2014 479 2050 vadendis
512 2014 648 2050 aliarum
683 2013 932 2048 Provinciarum
962 2011 1210 2058 Episcopalibus

322 2065 633 2100 consecrationibus
653 2065 852 2107 compescuit
874 2087 884 2102 ,
913 2061 1057 2106 retulerit
1071 2088 1081 2102 ‚
1106 2063 1209 2099 edicit

322 2117 389 2159 ipse
413 2115 446 2148 in
470 2115 585 2149 litteris
603 2114 643 2150 ad
661 2115 840 2158 Episcopos
851 2113 1032 2148 Provinciae
1043 2113 1210 2148 Viennen-

411 2170 484 2199 Non
505 2171 583 2198 enim
607 2166 691 2199 nobis
717 2167 930 2198 Ordinationes
952 2162 1117 2203 vestrarum
1138 2167 1209 2197 Pro·

325 2221 499 2250 vincianam
519 2216 712 2257 defendimus
728 2239 739 2254 ,
766 2217 848 2257 quod
851 2218 962 2256 poterit
964 2212 1096 2254 forfitan
1106 2215 1152 2246 ad
1159 2215 1206 2247 de·

326 2267 504 2309 pravandos
525 2266 632 2303 vestrae
654 2265 831 2300 sanc‘litatt's
851 2270 966 2297 animos
998 2265 1135 2296 Hilarius
1154 2273 1211 2305 pro

329 2314 383 2361 suo
403 2326 480 2349 more
501 2320 623 2348 mentiri
640 2327 655 2357 ς
677 2314 733 2358 sed
750 2316 834 2348 vobis
854 2323 909 2356 per
935 2313 1059 2352 nostram
1075 2309 1211 2358 sollicitu-

334 2367 435 2399 dinem
457 2366 647 2399 vindis-'amus
659 2389 670 2404 ‚
697 2377 733 2398 ne
752 2365 828 2406 quid
848 2365 973 2397 ulterius
993 2365 1078 2396 liceat
1091 2369 1209 2397 novita-

335 2422 380 2456 ti,
408 2426 460 2448 nec
475 2413 688 2459 Praesu'mptori
707 2416 785 2448 locus
807 2415 888 2447 ultra
903 2415 973 2453 J'am
983 2421 1090 2454 pateat
1109 2412 1212 2453 vestr-e

336 2465 485 2510 caffandi.
515 2465 590 2509 Ego
610 2465 710 2499 etiam
733 2460 976 2498 parochialium
1000 2462 1212 2497 Ecclesiarum

334 2517 402 2559 jura
433 2514 593 2554 defendi,
617 2515 650 2550 ὅ(
677 2515 768 2550 dicor
790 2514 897 2547 aliena
918 2512 1004 2546 bona
1031 2513 1176 2547 aemulari
1204 2537 1212 2545 .

337 2563 435 2598 Certe
458 2565 477 2597 si
499 2565 540 2599 de
561 2564 719 2598 Parochia
746 2562 899 2598 adversus
917 2560 1110 2597 parochiam
1131 2585 1142 2601 ‚
1180 2563 1213 2597 ἀ

336 2615 509 2660 praesertim
530 2615 679 2649 adversus
701 2613 896 2650 oratoria&
909 2612 1057 2656 Capellas
1070 2622 1214 2657 agamus,

339 2666 398 2699 iste
419 2674 491 2698 mos
513 2664 559 2698 est
579 2663 756 2699 admodum
776 2663 940 2700 obnoxius
951 2663 1095 2706 periculo
1107 2664 1213 2697 corru-

340 2714 436 2759 ptelae
449 2740 456 2747 .
484 2713 619 2750 Etenim
631 2715 850 2751 Nannetensis
861 2713 999 2753 Canon,
1016 2713 1120 2756 quarti
1134 2712 1215 2747 Leo-

341 2764 392 2799 nis
412 2763 622 2808 Capitulare,
639 2765 684 2805 f&
705 2765 808 2799 multa
835 2764 898 2798 alia
922 2762 1067 2797 Ecclefiae
1079 2762 1216 2797 authen·

340 2816 405 2850 tica
433 2816 573 2849 Decreta
609 2813 753 2848 alienum
786 2812 1027 2849 Parochianum
1058 2813 1215 2848 mandant

341 2865 414 2908 ejici
437 2877 477 2899 ex
500 2865 604 2899 aliena
626 2863 807 2904 Parochia,
833 2863 866 2896 &
883 2863 924 2898 ad
949 2863 1112 2907 propriam
1130 2875 1216 2898 corn·

343 2915 419 2959 peili
440 2915 536 2949 etiam
556 2925 612 2958 per
631 2913 1009 2948 excommunicationem
1029 2938 1039 2954 ‚
1065 2914 1216 2947 Oratoria

344 2967 379 3000 ὅ(
398 2965 550 3008 Capellas
570 2963 769 2999 interdicunt
783 2963 973 3009 rigidiffime
997 2987 1004 2994 .
1044 2962 1086 2996 Et
1120 2962 1218 2997 hosce

347 3017 502 3050 Canones
521 3016 586 3049 esse
606 3014 623 3048 a
650 3016 682 3049 S.
706 3013 799 3048 Trid'
820 3012 956 3057 synodo
978 3012 1157 3047 innovatos
1176 3015 1219 3047 af-

344 3067 451 3100 firmat
476 3065 509 3098 in
538 3066 593 3099 sua
614 3066 701 3099 sexta
725 3063 862 3108 synodo
887 3087 899 3104 ,
934 3062 1130 3106 eosdemque
1155 3062 1219 3106 ipse

346 3115 470 3149 ibidem
489 3114 629 3149 innovat
639 3123 736 3157 atque
754 3114 927 3159 exequitur
942 3114 972 3148 S.
987 3113 1125 3147 Carolus
1143 3112 1220 3147 Bor

346 3175 481 3200 romaeus
498 3189 505 3195 .
533 3164 676 3199 Proinde
703 3177 773 3199 non
791 3164 920 3199 tantum
942 3163 1137 3197 Oratoria&
1159 3163 1220 3197 Ca-

349 3215 441 3261 penae
461 3238 474 3257 ,
501 3214 555 3249 sed
574 3215 675 3248 etiam
702 3214 911 3251 parochiales
929 3213 1076 3248 Ecclefiae
1101 3212 1220 3247 debent

348 3268 512 3302 observare
533 3263 610 3299 istos
621 3265 798 3306 Canones,
824 3274 880 3302 aut
890 3262 1127 3307 certeipsorum
1140 3274 1222 3297 mor-

349 3327 416 3351 tem
434 3313 670 3350 demonstrare.
698 3314 822 3350 Verum
845 3315 901 3359 ipsi
923 3312 1064 3349 omnino
1082 3313 1198 3346 vivunt
1212 3338 1222 3354 ,

350 3367 489 3408 ideoque
515 3365 595 3401 citra
610 3375 742 3410 gravem
766 3365 1060 3407 praevaricationem
1074 3374 1141 3397 non
1156 3364 1223 3406 pos-

350 3417 433 3464 sunt.
451 3427 520 3455 non
546 3414 726 3454 observari.
755 3415 839 3453 Ecce
863 3426 928 3465 ego
940 3414 1044 3453 aliena
1055 3412 1142 3452 bona
1154 3424 1223 3451 non

850 79 1188 128 Exuimrio
1223 75 1305 128 SS.
1347 76 1660 124 Cauouun

1296 161 1454 202 aemulor,
1483 159 1535 195 sed
1563 155 1807 196 parochialium
1822 159 2113 207 Ecclefiarumjura
2128 163 2182 200 de-

1295 211 1412 247 sendo,

1346 261 1595 295 Demonstrator
1604 260 1708 307 pergit
1720 261 1856 296 rodere:
1849 266 2039 298 ·Enimver‹3
2051 262 2136 306 quasi
2148 264 2181 297 (7

1294 310 1419 351 Ecclesia
1441 315 1517 344 circa
1539 309 1728 353 disciplinam
1737 305 1905 355 plusculum
1911 315 2029 356 aliquid
2038 313 2177 357 sanc‘lius

1289 359 1426 402 speraret
1453 363 1473 393 ἃ
1497 362 1730 394 Mendicantium
1751 363 1923 403 Ordinum,
1951 374 2041 406 quam
2052 365 2090 397 ab
2104 366 2177 397 alte-

1291 416 1351 443 rius
1372 410 1574 454 cujuscumque
1601 412 1757 446 Parocbiae
1770 412 1953 452 Minislerio.
1979 413 2177 457 Respondeo

1291 459 1376 495 hauc
1404 462 1612 503 quaestionem
1645 461 1708 502 jam
1733 461 1856 496 dudum
1884 462 1956 496 esse
1972 462 2109 497 decisam
2134 463 2176 497 ab

1292 510 1434 547 Urbano
1450 500 1500 544 ⁸11
1525 510 1710 551 Pontifice,
1736 512 1768 545 &
1794 501 1889 546 omni
1922 512 2092 546 Gallicana
2115 512 2176 547 Ec·

1289 561 1407 595 clesia
1401 573 1434 595 in
1459 560 1616 596 Concilio
1642 560 1881 602 Nemausensi.
1910 563 1970 596 Ista
1989 563 2173 598 sententiaa

1290 610 1408 644 saeculis
1432 611 1601 645 transivit
1593 623 1626 644 in
1653 622 1720 644 rem
1738 611 1914 654 judicatam
1929 638 1940 656 ‚
1965 615 1999 647 δι
2018 611 2086 656 ejus
2097 623 2174 648 con·

1288 660 1380 695 tinua
1406 672 1473 696 non
1493 662 1595 695 cessat
1621 662 1794 695 executio.

1434 759 1810 797 CAPUT
1885 761 2023 797 XVII.

1311 861 1476 897 Alexandri
1503 865 1572 893 VII.
1602 860 1752 902 Pontificis
1777 866 1810 895 in
1826 861 1916 906 causa
1941 861 2148 907 Andegavenfi

1433 912 1589 946 Decretum
1608 917 1766 955 exponitur
1788 922 1824 946 ac
1841 911 1990 954 stabilitur
2003 937 2011 947 .

1376 1011 1538 1045 Lexandri
1558 1010 1633 1046 vn.
1656 1011 1853 1053 pontificis,
1881 1014 1937 1057 qui
1959 1022 2064 1048 moras
2085 1013 2185 1057 q‘uae-·

1401 1061 1520 1095 stiones
1545 1066 1628 1096 inter
1653 1062 1923 1107 Andegavens'em
1963 1065 2165 1108 Episcopum

1281 1112 1313 1144 &
1335 1110 1477 1146 Ordines
1491 1110 1720 1146 Mendicantes
1732 1114 1919 1159 composuit
1932 1137 1941 1153 ,
1958 1112 2164 1155 Rescriptum

1282 1161 1385 1203 scripsi
1411 1162 1477 1196 esse
1505 1160 1656 1195 haustum
1682 1165 1721 1195 est
1749 1162 1844 1197 simili
1869 1163 2042 1207 Rescripto
2065 1163 2163 1197 Xixri

1279 1211 1408 1254 quarti,
1434 1210 1588 1254 assumpti
1611 1212 1651 1245 ad
1673 1211 1908 1247 Pontificatum
1928 1224 1970 1246 ex
1990 1214 2019 1247 S.
2034 1213 2164 1248 Ordine

1280 1262 1375 1294 sancii
1389 1261 1554 1296 Francisci
1573 1286 1579 1293 .
1604 1260 1696 1295 Hinc
1720 1262 1864 1303 quaedam
1877 1261 1943 1304 ejus
1958 1261 2051 1295 verba
2065 1261 2162 1297 addu-

1278 1313 1330 1344 xi.
1363 1311 1403 1345 Et
1423 1310 1497 1355 quia
1527 1311 1626 1344 noslri
1640 1311 1978 1354 miseranditemporis
1989 1312 2104 1347 faciem
2116 1322 2161 1359 rc·

1278 1361 1355 1401 fert,
1383 1362 1462 1395 volo
1486 1363 1574 1395 nunc
1597 1361 1760 1405 integrum
1781 1361 1961 1396 adducere.

1324 1415 1392 1443 Nos
1414 1416 1506 1455 igitur
1525 1413 1736 1450 attendentes,
1762 1413 1842 1453 quod
1858 1411 2044 1455 sacrosandla
2058 1402 2162 1444 Roma·

1275 1473 1316 1494 na
1338 1460 1462 1503 Ecclefia
1483 1460 1522 1494 ab
1546 1463 1609 1501 ejus
1623 1461 1813 1502 fundatione
1829 1468 1982 1503 primeva
2000 1464 2162 1495 inordine

1274 1512 1479 1544 sacerdotali
1471 1536 1482 1552 ‚
1508 1522 1595 1553 quem
1620 1514 1729 1544 Petrus
1749 1511 1896 1553 Apostolus
1921 1513 1953 1546 (es
1974 1514 2037 1553 ejus
2048 1511 2164 1555 Succes-

1268 1559 1349 1604 sore-s
1371 1559 1587 1604 observarunt,
1614 1561 1764 1602 instituta,
1786 1563 1820 1596 <5
1839 1570 1896 1604 per
1913 1569 1993 1594 viros
2012 1563 2160 1603 providos

1278 1613 1312 1645 (5
1335 1612 1506 1646 Sacerdotes
1526 1610 1668 1654 virtuosos
1685 1611 1832 1652 aduella,
1862 1613 1894 1646 Θ·
1911 1613 2074 1656 longlffimis
2085 1622 2162 1646 tem-

1267 1661 1387 1702 poribus
1403 1660 1534 1702 feliciter
1557 1661 1735 1704 conservata
1752 1666 1875 1695 extitit.
1902 1660 2073 1705 Rursusque
2095 1668 2160 1695 ani-

1269 1712 1464 1744 madvertens
1489 1712 1572 1752 quod
1592 1710 1740 1743 hodiernis
1753 1712 1931 1754 temporibus
1944 1711 2092 1745 bominum
2102 1722 2161 1746 cre-

1265 1759 1361 1803 scente
1382 1761 1497 1793 malitia
1521 1783 1531 1800 ,
1557 1757 1611 1800 nisi
1628 1771 1700 1803 ager
1721 1762 1894 1806 Dominicus
1917 1762 2073 1794 cultoribus
2095 1763 2158 1794 ido·

1270 1815 1355 1849 treis,
1383 1808 1615 1842 buccinatoribus
1639 1808 1877 1851 Spiritussan'c‘li
1889 1835 1899 1850 ,
1925 1811 2157 1852 &praeconibus

1270 1858 1358 1892 Verbi
1384 1861 1437 1891 Dei
1458 1858 1470 1900 (
1493 1864 1545 1899 qui
1562 1866 1675 1899 praeter
1699 1866 1818 1893 caeteros
1839 1867 1873 1890 in
1900 1860 2064 1893 Ordinibus
2080 1863 2160 1894 Fra-

1272 1920 1351 1942 trum
1374 1909 1608 1941 Mendicantium
1625 1913 1727 1951 grana
1753 1905 1890 1947 afflsten'te
1914 1910 2033 1943 Divina
2065 1914 2098 1943 in
2115 1922 2160 1943 co·

1268 1957 1347 2002 pioso
1370 1969 1485 1990 numero
1506 1955 1718 2000 reperiuntur)
1745 1958 1849 1997 affldue
1868 1960 2032 2000 coleretur,
2058 1966 2158 2009 vepri-

1272 2011 1326 2043 bus
1341 2009 1507 2047 malorum,
1533 2009 1568 2042 (w
1580 2006 1709 2050 sentibus
1734 2014 1877 2041 vitiorum
1887 2013 2016 2042 omnium
2027 2012 2158 2043 celeriter

1271 2060 1460 2093 obrueretur:
1488 2062 1562 2091 Non
1570 2064 1722 2100 potum-us
1747 2070 1805 2090 non
1827 2058 1883 2097 nili
1900 2059 1940 2092 ab
1961 2063 2075 2092 intimis
2098 2071 2156 2092 cor-

1271 2112 1320 2143 dis
1337 2109 1422 2151 nostri
1442 2109 1538 2141 dolere
1560 2133 1570 2148 ‚
1598 2110 1676 2150 quod
1696 2113 1775 2140 inter
1799 2109 1875 2141 tales
1906 2113 1989 2142 viros
2012 2134 2022 2150 ‚
2049 2115 2101 2151 qui
2121 2105 2156 2152 fir

1271 2167 1372 2194 mutua
1392 2158 1538 2192 charitate
1559 2158 1699 2201 diligere,
1728 2159 1762 2192 (9·
1785 2159 1863 2191 alter
1883 2160 2007 2192 alterius
2032 2182 2042 2198 ,
2061 2161 2155 2200 juxta

1273 2210 1430 2253 Apostolum
1441 2233 1451 2250 ,
1480 2220 1568 2241 onera
1586 2216 1707 2249 portare
1721 2208 1862 2242 deberent
1872 2233 1883 2248 ‚
1909 2207 2060 2252 discordiae
2067 2209 2155 2252 semt-

1272 2266 1391 2293 narium
1410 2264 1589 2293 excitaretur
1609 2284 1614 2290 .
1645 2258 1728 2291 Unde
1754 2270 1821 2290 cum
1836 2255 1975 2292 vellemus
1993 2258 2085 2301 supe-r
2103 2259 2154 2292 bis

1271 2323 1326 2351 ea,
1352 2322 1411 2352 qua
1435 2309 1514 2341 decet
1535 2332 1546 2349 ,
1573 2315 1749 2341 maturitate
1772 2307 1916 2349 consulere
1935 2332 1947 2347 ‚
1973 2309 2157 2342 Venerabili-

1272 2361 1326 2393 bus
1354 2358 1518 2393 Fratribus
1543 2358 1645 2397 nostris
1669 2359 1820 2391 Guilielmo
1831 2357 1986 2400 Hostienfi,
2014 2360 2154 2402 &Ange-

1271 2411 1298 2443 lo
1310 2408 1487 2449 Praenestino
1508 2407 1685 2451 EpiscopIs‚
1712 2407 1828 2440 dilectis
1847 2407 1921 2448 filiis
1945 2406 2158 2452 nostrisJulia-

1275 2471 1310 2492 no
1329 2459 1409 2492 tituli
1424 2456 1525 2500 sanlli
1549 2460 1635 2491 Petri
1654 2458 1699 2490 ad
1719 2458 1843 2490 Vincula
1868 2481 1878 2495 ,
1904 2469 1939 2490 ac
1966 2460 2055 2490 Petro
2074 2459 2156 2491 tituli

1270 2509 1366 2552 sanlli
1390 2512 1470 2544 sixti
1492 2507 1670 2546 Presbyteris
1691 2506 1906 2539 Cardinalibus
1933 2531 1944 2547 ,
1969 2512 2055 2540 vivae
2075 2514 2155 2542 vocis

1274 2560 1386 2592 oraculo
1405 2557 1592 2599 commifimus
1613 2559 1646 2591 Co·
1667 2557 1879 2589 mandavimus
1901 2581 1912 2597 ,
1938 2567 1973 2590 ut
1995 2558 2016 2589 ἃ
2034 2554 2157 2601 lingulis

1272 2609 1406 2652 partibus
1424 2607 1604 2650 pradellis,
1631 2608 1684 2640 vel
1702 2617 1797 2639 eorum
1825 2606 2067 2640 Procuratorlbus
2088 2609 2158 2651 legi-

1277 2664 1380 2699 timis,
1407 2659 1523 2690 auditis
1549 2657 1617 2690 binc
1638 2658 1708 2689 inde
1725 2655 1896 2698 propositis,
1923 2662 2002 2690 inter
2030 2668 2080 2690 eas
2095 2669 2169 2701 conl-2

1273 2710 1400 2743 cordiam
1423 2708 1589 2741 narrarent
1602 2732 1610 2740 .
1638 2709 1703 2750 ,Qui
1724 2708 1843 2748 quidem
1856 2705 2038 2748 Episcopi&
2049 2705 2160 2747 Card17

1276 2761 1377 2798 nules,
1399 2758 1521 2798 statutis
1541 2758 1598 2790 loco
1621 2759 1655 2790 <5
1671 2765 1819 2797 tempore,
1844 2763 2032 2796 convocatis,
2044 2758 2156 2801 auditis

1277 2811 1312 2844 <ff
1333 2808 1487 2843 intellec‘lis
1509 2807 1645 2849 partibus
1661 2806 1817 2848 praedic‘lis
1837 2808 1849 2845 s
1860 2817 1893 2840 ut
1909 2807 2097 2848 praefertur)
2123 2804 2158 2841 6³

1276 2866 1307 2892 in
1327 2859 1478 2901 praemiffis
1485 2864 1624 2902 graviter
1637 2859 1671 2890 <9¹
1682 2854 1810 2898 consulte³
1818 2858 2007 2897 procedentes
2017 2880 2028 2896 ,
2050 2863 2157 2896 partes

1277 2909 1356 2953 ipsas
1377 2913 1413 2942 de
1432 2918 1575 2942 commum
1586 2909 1753 2940 earumdem
1776 2905 1912 2948 consensu
1924 2908 2158 2939 adeone-ordiam

1277 2958 1501 3002 infrascriptam
1517 2959 1724 2999 perduxerunt
1738 2981 1743 2987 .
1771 2957 1914 2989 Videlicet
1927 2981 1936 2995 ‚
1947 2958 2027 2998 quod
2033 2954 2088 2996 ipfi
2098 2958 2156 2988 Pa-

1277 3010 1406 3043 rochiant
1427 3009 1594 3042 sacerdotes
1618 3010 1655 3040 de
1671 3017 1774 3039 caetero
1797 3018 1854 3039 non
1877 3008 1978 3038 dicant
2001 3006 2022 3036 ἃ
2042 3006 2159 3038 Mendi-

1277 3060 1418 3094 cantibus
1441 3056 1740 3100 baerescsproceffiffe,
1765 3068 1828 3088 cum
1840 3062 1872 3087 in
1885 3061 2009 3087 veritate
2016 3054 2097 3096 fides
2109 3067 2158 3088 no·

1271 3111 1335 3153 stra
1351 3108 1389 3150 fit
1411 3109 1600 3147 illuminata,
1628 3109 1662 3141 &
1683 3105 1806 3146 Ecclesia
1815 3106 1951 3138 exaltata
1957 3114 1993 3146 p
1995 3117 2009 3136 r
2022 3103 2157 3147 eosdem,

1278 3163 1312 3195 (9'
1340 3158 1506 3203 praesertim
1529 3166 1582 3199 per
1604 3159 1733 3190 Ordines
1758 3156 1991 3187 Praedicatorum
2009 3155 2041 3187 Θ
2062 3158 2160 3188 Mino·

1277 3223 1363 3250 rum,
1389 3219 1422 3242 ut
1437 3211 1513 3248 J'ura
1533 3206 1694 3247 testantur.
1723 3207 1866 3248 ,Quodque
1893 3208 2020 3237 Fratres
2044 3206 2160 3238 Mendi-

1281 3270 1382 3294 cantes
1403 3270 1461 3292 non
1477 3259 1665 3301 praedlccnt,
1689 3256 1808 3296 populos
1824 3254 2016 3287 parochianos
2039 3266 2096 3287 non
2118 3264 2161 3288 te·

1280 3316 1341 3344 neri
1362 3311 1465 3342 audire
1485 3308 1599 3350 Missam
1621 3312 1653 3338 in
1674 3316 1771 3337 eorum
1789 3304 1938 3338 Parocbiis
1955 3304 2056 3338 diebus
2069 3302 2159 3343 Festi-

1281 3366 1331 3395 νὴ
1356 3361 1390 3393 (ν
1409 3362 1591 3396 Dominicis,
1615 3366 1679 3388 cum
1695 3357 1768 3396 jure
1785 3353 1823 3395 fit
1847 3364 1965 3388 cautum
1984 3356 2044 3387 illis
2055 3351 2162 3386 diebus

1284 3409 1481 3449 Parocbianos
1494 3413 1588 3445 teneri
1599 3407 1703 3441 audire
1718 3406 1831 3452 Miffam
1842 3411 1874 3440 in
1887 3416 1982 3442 eorum
1994 3401 2162 3487 Pgoclbialt

2049 3460 2078 3486 CC
2089 3462 2114 3486 e·

2344 2576 2366 2726 ἊῩζῧὲὶᾷσῇἴ
2350 2556 2366 2572 'n'
2360 2540 2366 2547 -,
2360 2514 2361 2520 ⁴
2352 2470 2366 2509 'if-2

2344 2728 2366 2790 uzu„

2350 3317 2352 3320 v
2337 3152 2366 3309 *wrm
2328 3052 2366 3146 κξεὴεν-
2338 2953 2363 3047 „2
2343 2933 2362 2948 s
