2366 3736
706 120 790 167 DE
824 120 1140 165 OP1N10NE
1175 111 1533 163 Pioniai.

314 203 512 250 Respondeo
531 204 682 240 traditam
704 199 908 237 offertionem
928 200 990 234 effe
1012 199 1141 234 certiffi-

262 270 350 295 mun
363 257 477 295 ,Haec
486 256 597 290 omnia
623 263 690 288 non
709 250 853 285 obstare.
883 249 1016 283 Etenim
1028 260 1138 292 repeto

259 307 401 352 fiiperius
422 307 587 342 laudatam
598 302 692 337 sanffl
717 299 898 344 Augustini
919 298 1098 334 doctrinam
1125 324 1137 341 ‚

259 359 362 403 quiin
379 358 485 400 primo
498 353 690 393 adseristum
704 350 913 385 Bonifacium
935 349 1132 383 Pontificem

248 407 344 444 libro
364 409 499 443 affirmat
515 412 646 447 peccata
670 402 777 435 nostra
799 402 861 435 effe
885 398 1046 444 triplicia.-
1074 400 1137 433 alia

254 469 313 502 per
326 455 542 503 ignorantiam
554 452 646 487 limul
669 453 703 486 ὅ(
725 449 1042 494 concupiscentiam,
1070 449 1135 484 alia

253 519 309 552 per
323 501 673 548 solamignorantiam.
702 501 744 535 Et
771 501 805 535 in
831 499 898 534 alio
924 499 1033 534 scribit
1056 499 1137 542 ejus-

251 554 410 593 demlibri
423 554 558 597 capite.-
586 549 738 594 Haecsunt
763 563 831 593 quae
846 549 1009 592 secundam
1028 555 1131 583 carnis

250 604 511 647 concupiscentiam
532 603 583 637 vel
600 606 803 646 ignorantiam
824 602 925 634 illiciti
942 599 1022 641 fiunt
1043 623 1053 640 ,
1089 601 1135 632 di-

247 663 354 690 cuntur
374 678 385 695 ,
410 660 591 697 cogitantur.
618 655 748 686 Peccata
754 651 854 693 fiunt,
873 649 937 691 five
952 655 983 681 in
993 655 1127 691 concupi·

242 702 601 749 fientiaeconfhnsi‘onibus
611 726 622 742 ‚
646 714 712 736 cum
725 701 764 734 ab
776 713 827 740 eo,
851 700 1012 742 quodlibet
1023 724 1036 740 ,
1063 705 1134 732 vin·

246 761 322 788 citur
335 755 415 797 quod
420 755 537 795 placet,
555 752 621 797 five
635 754 700 786 ciem
718 759 771 793 per
796 756 997 795 ignorantiam
1017 750 1130 782 malum

246 804 331 848 quafi
339 806 445 838 bonum
452 805 550 845 placet
561 829 568 836 .
599 806 695 836 Fiunt
707 810 806 835 autem
825 802 975 842 operando
988 824 1000 840 ,
1011 800 1129 840 loquen-

245 856 284 888 do
297 878 308 894 ‚
332 855 499 899 cogitando.
533 853 635 898 Qod
649 853 752 895 ipsum
765 851 860 886 docet
875 851 908 884 in
924 851 1009 884 libro
1021 847 1061 884 dc
1072 849 1130 892 spi-

242 905 310 939 ritu
328 905 362 938 &
382 905 485 938 littera
499 928 506 935 .
533 903 640 937 Docet
654 912 786 936 omnem
812 900 952 936 nostram
975 899 1130 942 justitiam

244 965 313 988 non
334 954 396 987 eise
409 953 497 988 aliud
512 977 522 993 ,
550 953 646 996 quam
672 952 736 987 Dei
757 951 789 986 &
812 950 956 994 proximi
996 949 1127 992 plenam

242 1002 434 1038 charitatem
459 1025 469 1042 ,
494 1014 589 1046 atque
606 1002 773 1046 subjungit
795 1015 802 1035 :
835 1004 1038 1034 Veruntamen
1076 1003 1131 1041 qui

238 1051 293 1086 boc
306 1054 442 1087 attendit
453 1078 463 1093 ‚
490 1059 580 1086 etiam
594 1054 672 1085 illud
684 1053 824 1085 attendat
835 1076 846 1091 ‚
871 1053 962 1093 quam
974 1056 1007 1083 in
1025 1049 1128 1083 multis

239 1101 425 1143 offendamus
439 1114 555 1139 omnes.
586 1103 655 1135 dum
671 1110 815 1143 putamus
842 1104 924 1141 Deo,
951 1111 1036 1143 quem
1064 1099 1131 1132 dili·

234 1159 335 1198 gimus
349 1178 359 1193 ,
380 1155 501 1196 placere
512 1154 563 1187 vel
576 1163 632 1185 non
643 1151 800 1195 displicere
813 1154 894 1195 quod
909 1151 1047 1192 facimus
1060 1174 1071 1190 ,
1096 1152 1128 1184 (θ’

233 1203 331 1245 posted
341 1212 396 1245 pet
410 1205 591 1245 scripturam
602 1204 667 1243 ejus
679 1227 688 1242 ,
710 1201 775 1243 five
787 1210 867 1235 ceria
879 1200 1074 1243 &perspicua
1083 1210 1129 1231 ra-

237 1257 315 1286 tione
337 1259 525 1293 commoniti,
553 1254 617 1286 crim
639 1254 831 1286 didicerimus
857 1253 939 1292 quid
955 1250 982 1283 el
998 1261 1054 1284 non
1062 1249 1129 1290 pla·

238 1311 302 1336 ceaet
315 1326 325 1342 ,
348 1305 518 1344 penitendo
533 1304 725 1344 deprecamur
738 1310 772 1334 ut
786 1299 917 1345 ignoscat
928 1324 935 1333 .
964 1300 1061 1334 Plena
1074 1296 1121 1329 bi&

237 1362 331 1384 muna
345 1358 412 1386 vita
434 1352 472 1392 est
499 1355 678 1385 documentis
698 1350 830 1384 talibur.
856 1347 1002 1380 Peccatis
1027 1346 1126 1379 solius

235 1399 444 1442 ignorantiae.
475 1398 616 1431 Proinde
635 1398 701 1431 haec
724 1421 735 1436 ‚
762 1395 838 1430 licet
864 1396 899 1431 in
921 1398 1035 1440 aliquo
1045 1396 1112 1430 defi

235 1447 355 1481 cientia
368 1470 378 1486 ‚
404 1457 501 1487 opera
513 1446 597 1481 fiunt
611 1457 666 1488 per
680 1442 870 1481 charitatem
882 1471 890 1479 .
921 1445 1056 1483 Etenim
1068 1443 1123 1480 ubi

235 1507 304 1530 non
319 1495 363 1529 est
376 1496 537 1537 cupiditas
550 1519 561 1535 ‚
591 1506 657 1529 non
673 1496 777 1538 potest
793 1507 858 1530 non
871 1497 935 1531 effe
947 1493 1087 1530 charitas
1111 1521 1122 1536 ‚

234 1544 454 1580 hocestreeia
476 1545 509 1580 δε
523 1546 574 1588 pia
588 1545 619 1579 in
636 1545 745 1580 Deum
759 1546 930 1580 voluntas.
958 1544 1061 1580 Aliud
1072 1546 1118 1580 est

232 1607 318 1639 opus
339 1595 402 1629 effe
425 1606 558 1638 pravum
582 1606 620 1629 ac
643 1606 813 1641 peccatum
829 1617 852 1636 „
867 1594 956 1630 aliud
980 1598 1012 1630 in
1051 1595 1122 1640 ipso

231 1646 359 1689 peccari
370 1670 377 1677 .
405 1644 543 1679 Peccare
554 1646 721 1688 possumus
737 1647 837 1681 etiarn
851 1646 886 1680 in
903 1647 993 1680 bono
1004 1657 1119 1688 opere.

232 1695 292 1730 Est
305 1694 557 1731 constantiffima
572 1696 671 1730 sanffl
691 1695 892 1741 Augustini,
919 1697 1032 1741 magni
1043 1697 1124 1730 Gre-

231 1745 321 1789 gorii
347 1768 360 1785 ‚
386 1757 423 1781 ac
440 1744 579 1779 aliorum
618 1745 752 1781 Panum
771 1746 916 1781 doctrina
941 1772 948 1779 .
975 1747 1064 1782 Nam
1085 1747 1119 1780 ὅ(

231 1795 361 1830 Divina
374 1795 444 1829 Lex
459 1795 616 1836 mandat,
646 1807 681 1829 ut
694 1807 762 1831 non
787 1807 913 1831 aremus
934 1798 969 1831 in
993 1796 1118 1832 bove&

230 1845 340 1881 anno.
361 1845 406 1878 Et
421 1846 589 1881 Dominus
602 1847 634 1880 in
651 1846 836 1891 Evangelio
857 1846 965 1889 jubet,
993 1858 1030 1881 ut
1053 1858 1117 1881 no-

229 1895 292 1929 stra
303 1895 423 1929 sinistra
437 1896 558 1930 nesciat
573 1895 651 1940 quid
665 1897 761 1931 faciat
775 1897 907 1931 dextera
922 1921 930 1929 .
961 1896 1015 1931 Est
1030 1897 1115 1931 idem

230 1945 360 1987 penitus
372 1945 582 1980 mandatum.
610 1945 761 1989 Praecipit
784 1958 820 1981 ut
832 1947 926 1982 bonis
947 1948 980 1982 ἀ
1004 1947 1117 1983 fandis

230 2003 288 2036 per
297 1992 461 2027 dexteram
485 1995 676 2027 charitatem
691 1997 783 2025 factis
795 1996 948 2033 operibus
966 1995 1050 2027 nihil
1063 1997 1115 2028 ad·

230 2042 421 2076 misceamus
433 2053 520 2075 vana:
532 2041 644 2084 gloria:
658 2064 669 2079 ,
695 2040 814 2083 proprii
836 2041 1005 2075 commodi
1020 2065 1031 2081 ,
1058 2052 1112 2076 aut

231 2091 463 2135 cujuscumque
474 2090 605 2124 alterius
617 2089 743 2122 sinistra:
773 2088 977 2131 cupiditatis.
1011 2091 1053 2123 Et
1074 2102 1115 2123 ex

225 2138 291 2174 'hac
300 2141 446 2174 doctrina
460 2138 629 2170 adversum
645 2137 745 2171 nostri
766 2138 921 2180 temporis
945 2137 1113 2172 haereticos

59 2192 135 2229 Sem
158 2191 190 2227 ό.
230 2188 380 2223 definivit
402 2188 487 2221 sacra
509 2186 710 2220 Tridentina
735 2187 907 2229 Synodus:
936 2190 968 2221 5i
989 2195 1055 2230 quis
1076 2191 1109 2222 i'n

58 2243 144 2278 Can.
157 2249 211 2285 25.
229 2237 356 2281 quolibet
369 2237 440 2270 bono
451 2246 534 2279 opere
550 2235 664 2278 justum
676 2235 785 2279 saltem
809 2239 968 2271 venialiter
986 2247 1109 2279 peccare

229 2290 342 2321 dixerit
357 2312 367 2327 ‚
393 2297 467 2325 aur,
494 2288 574 2329 quod
595 2287 811 2320 intolerabilius
824 2286 860 2326 est
873 2311 882 2327 ‚
909 2289 1073 2322 mortaliter
1101 2313 1111 2328 ,

230 2340 393 2380 atqueideo
403 2346 510 2379 poenas
524 2346 658 2370 aeternaes
675 2343 803 2376 mereri,
829 2346 1003 2381 tantumque
1021 2340 1056 2371 ob
1077 2341 1112 2371 id

229 2400 287 2422 non
298 2390 458 2428 damnari,
485 2394 556 2431 quiz
576 2390 659 2419 Deus
672 2399 708 2421 ea
728 2395 814 2429 opera
836 2399 893 2421 non
915 2394 1038 2429 imputet
1062 2390 1106 2422 ad

229 2440 472 2479 damnationem,
498 2437 658 2470 anathema
686 2436 743 2478 fit.
784 2437 826 2470 Et
854 2441 886 2471 in
912 2439 986 2472 alio·
997 2439 1073 2473 loco
1101 2451 1108 2470 ε

60 2492 143 2539 Cap,
161 2504 213 2544 13,
230 2488 315 2528 Confi
319 2500 350 2520 at
362 2501 407 2522 eos
421 2487 601 2520 orthodoxa
617 2489 774 2531 Religionis
786 2487 925 2522 doc‘Jri‘nae
935 2488 1107 2531 adversari,

77 2540 79 2543 ’
229 2540 394 2581 quidicuni
409 2540 521 2578 justum
533 2549 563 2570 m
583 2542 661 2569 omni
672 2537 742 2570 bono
751 2547 833 2579 opere
840 2537 950 2581 saltem
975 2541 1102 2573 veniali-

227 2595 273 2621 ter
292 2595 428 2629 peccare,
456 2595 529 2627 aut,
556 2588 632 2628 quod
667 2587 887 2621 intolerabilius
916 2588 977 2628 est,
1000 2597 1104 2631 poenas

228 2647 357 2671 aeternas
378 2643 505 2670 mereri.
532 2636 677 2671 Damnat
693 2649 757 2671 non
771 2637 844 2672 illos
855 2639 910 2682 qui
934 2639 1103 2682 dicuntju·

227 2688 311 2721 stum
326 2688 358 2721 in
372 2686 562 2731 quibusdam
572 2712 583 2727 ‚
611 2688 661 2721 sed
674 2687 842 2722 dumtaxat
854 2699 910 2722 eos
922 2693 975 2732 qui
991 2690 1104 2723 dicunt

227 2737 323 2771 illum
337 2749 465 2781 peccare
485 2738 651 2771 venialiter
677 2738 710 2771 in
739 2740 863 2773 cunstis
887 2739 982 2772 bonis
1004 2742 1104 2783 operi·

228 2787 289 2821 bus
301 2813 308 2820 .
339 2788 379 2820 Et
391 2787 491 2821 reste.
520 2788 653 2821 Etenim
665 2811 675 2827 ‚
702 2788 749 2822 uti
762 2799 887 2822 certum
901 2791 943 2823 est
957 2800 1016 2822 nos
1037 2800 1103 2822 non

226 2837 262 2870 in
274 2836 426 2871 omnibus
439 2861 450 2877 ,
479 2839 520 2870 'ita
532 2846 655 2871 certum
666 2837 710 2869 est
728 2849 786 2871 nos
801 2838 833 2870 in
845 2837 1037 2881 quibusdam
1051 2839 1104 2872 bo-

227 2888 279 2921 nis
291 2888 441 2930 operibus
453 2887 620 2921 venialiter
639 2898 782 2931 peccare.
812 2889 908 2922 Etita
931 2890 1011 2923 fitin
1037 2901 1105 2933 pec-

227 2938 308 2971 catis
320 2938 640 2982 soliusignorantiae.
668 2938 746 2971 Haec
759 2964 767 2977 ,
798 2939 955 2982 quoniam
968 2950 1021 2983 per
1031 2937 1105 2973 cha·

227 2987 356 3021 ritatem
369 2988 451 3021 fiunt
463 3012 473 3027 ‚
500 2999 566 3021 non
580 2988 708 3030 poliunt
719 2988 781 3022 effe
795 2998 921 3030 peccata
943 2990 1102 3030 mortalia;

226 3038 303 3081 quia
327 3049 367 3072 ex
389 3038 544 3082 originali
568 3038 758 3081 ignorantiae
784 3039 866 3072 vitio
888 3039 1065 3081 procedunt
1092 3062 1102 3077 ‚

226 3098 295 3120 non
308 3088 436 3130 poliunt
450 3099 516 3121 non
529 3090 591 3122 effe
616 3098 761 3130 peccata.
793 3088 833 3122 Et
854 3087 932 3121 hinc
953 3089 1101 3122 hodierni

227 3135 402 3178 Donet-es,
432 3137 487 3181 qui
508 3138 637 3172 censent
657 3137 697 3171 ad
718 3139 867 3172 naturalis
902 3138 979 3180 juris
1004 3140 1100 3183 igno-

227 3186 364 3220 rantiam
375 3198 430 3221 aut
442 3199 579 3221 errorem
593 3199 658 3221 non
672 3188 758 3231 posse
768 3189 873 3222 enisci
898 3200 1005 3222 veram
1029 3188 1104 3223 cha-

226 3235 378 3274 ritatem,
404 3239 746 3282 inlignirerlabuntur.
777 3239 818 3272 Et
832 3238 914 3272 istud
928 3239 972 3272 est
986 3240 1101 3282 palma·

227 3295 263 3319 xe
276 3284 521 3322 fundamentum
533 3299 645 3322 contra
656 3289 827 3322 sententias
850 3289 1031 3332 probabiles
1041 3314 1049 3322 .

282 3333 406 3367 Verum
419 3334 467 3370 his
490 3337 613 3372 videtur
637 3339 701 3382 ipse
716 3338 917 3382 Augustinus
939 3340 1064 3373 obstare
1090 3364 1095 3370 .

231 3383 365 3417 Etenim
379 3387 410 3417 in
424 3385 539 3429 quinto
557 3399 667 3421 contra
692 3389 845 3422 Faustum
865 3388 946 3423 libro
966 3391 1096 3423 demon-

231 3434 310 3470 strat
322 3433 451 3470 nullum
461 3446 542 3480 opus
551 3438 644 3481 plene
654 3438 777 3476 bonum
791 3440 880 3484 posse
890 3441 951 3475 effe
971 3441 1037 3475 fine
1049 3450 1094 3474 ve·

1200 208 1233 231 ra
1243 195 1401 231 charitate
1418 219 1429 236 ‚
1453 197 1486 230 ὅ(
1496 195 1669 242 adjungit.-
1695 198 1785 231 Finis
1798 199 1946 240 Praecepii
1957 201 1994 237 eli
2013 203 2081 238 clm.
2096 202 2175 248 Cap,
2190 204 2225 249 5,·

1199 254 1275 280 ritas
1293 249 1329 280 de
1340 248 1524 289 cordepuro,
1553 249 1587 280 δ’
1597 245 1770 290 conscientia
1783 248 1856 280 bona
1869 273 1879 288 ,
1904 251 1937 282 <9⁸
1950 249 2008 291 fide
2020 265 2080 288 non

1193 297 1268 339 fii‘la
1276 323 1284 331 .
1310 298 1394 332 Unde
1404 299 1471 340 ergo
1482 294 1589 330 habere
1603 297 1720 338 potestis
1731 309 1835 333 veram
1847 297 2024 333 charitatem
2038 315 2079 336 en

1193 348 1255 392 fide
1262 348 1337 389 fic‘la
1341 346 1535 392 surgentem?
1563 346 1665 393 Qiod
1679 349 1782 392 ipsum
1803 349 1902 384 docet
1925 348 1958 382 in
1984 352 2082 393 pluri-

1201 397 1261 432 mis
1272 398 1368 432 locis.
1399 397 1442 431 Et
1459 397 1505 430 est
1530 396 1699 432 manifesta
1720 399 1868 433 doctrina
1891 399 2044 443 Apostoli
2070 426 2079 434 .

1201 447 1334 481 Etenim
1345 446 1447 490 justus
1458 457 1498 480 ex
1510 446 1574 480 fide
1586 446 1667 479 vivit
1679 471 1687 478 .
1712 447 1755 481 Et
1767 449 1926 492 quidquid
1946 461 2011 485 non
2035 449 2083 484 est

1197 510 1239 531 ex
1252 498 1317 531 fide
1331 522 1342 537 ‚
1366 497 1411 531 est
1451 505 1620 540 peccatum
1638 520 1645 527 .
1674 495 1729 530 At·
1751 499 1825 533 vero
1846 500 1979 542 omnis,
2004 494 2084 535 lieet

1199 547 1363 590 probabili
1387 547 1544 581 sententia
1566 546 1692 586 fultus,
1718 545 1805 581 circa
1830 559 1951 582 naturae
1976 550 2085 595 legem

1169 620 1171 622 -
1197 608 1284 631 error
1294 597 1338 631 est
1352 597 1431 631 fides
1442 597 1534 632 fidia:
1560 594 1640 640 ergo
1650 607 1690 628 ex
1704 596 1774 638 ipso
1787 607 1854 630 tion
1877 598 1970 640 poffit
1994 599 2086 634 nasci

1196 646 1359 687 charitas,
1384 658 1439 682 aut
1464 647 1551 681 bona
1576 646 1742 680 voluntas.
1770 646 1971 689 Respondeo
1993 648 2085 684 aliud

1196 697 1258 730 esse
1272 722 1283 737 ‚
1311 697 1432 731 bonam
1453 697 1657 731 voluntatem
1682 696 1770 729 nasci
1783 707 1823 729 ex
1836 707 1941 731 errore
1954 722 1964 737 ‚
1993 698 2084 733 aliud

1200 748 1299 790 ipsam
1330 747 1419 783 nasci
1437 747 1477 780 ad
1501 757 1659 781 errorem.
1691 746 1795 779 Aliud
1807 746 1851 780 est
1877 748 1992 782 vera&
2012 747 2083 782 vere

1195 796 1358 831 luminosa
1373 821 1384 837 ,
1409 796 1499 831 aliud
1519 797 1655 839 perfetste
1678 795 1838 830 luminosa
1860 796 1877 837 ,’
1909 799 1962 830 seu
1983 810 2019 831 ut
2045 800 2084 833 in

1194 847 1330 890 epistola
1340 848 1380 882 ad
1404 847 1612 881 Anastasium
1627 846 1751 881 sanstus
1764 845 2083 892 Augustinusloqui·

1194 908 1244 931 tur
1257 919 1268 936 ,
1294 897 1538 931 luminosissima
1551 895 1691 931 charitas
1702 920 1710 929 .
1741 897 1874 946 Qaevis
1887 897 2082 941 imperfecta,
2098 906 2158 953 ΕΡ,
2172 915 2251 956 144,

1195 947 1298 981 immo
1319 946 1515 991 &pleraque
1538 945 1634 989 hujus
1657 946 1726 981 vita:
1749 948 1882 990 perfecta
1903 946 2045 982 charitas
2067 973 2081 991 ,

1195 997 1239 1032 uti
1254 998 1413 1040 quosdam
1437 997 1711 1040 concupiscentia:
1727 998 1882 1038 assensus,
1910 998 1955 1033 ita
1970 999 2080 1034 secum

1194 1049 1315 1089 patitur
1331 1047 1486 1093 quosdam
1514 1047 1709 1092 ignorantia
1730 1059 1851 1082 errores
1872 1049 1906 1085 ἀ
1937 1059 2046 1083 naevos
2070 1073 2080 1082 .

1197 1097 1305 1132 Etiam
1327 1099 1413 1133 circa
1427 1098 1512 1141 leges
1526 1099 1684 1132 naturales
1694 1121 1702 1131 .
1732 1098 1866 1133 Etenim
1880 1099 2020 1133 necdum
2033 1098 2080 1133 est

1195 1147 1289 1189 plena
1309 1158 1351 1181 ex
1369 1156 1446 1183 toto
1467 1148 1565 1182 corde
1587 1173 1594 1181 .
1622 1148 1697 1183 Nec
1720 1159 1853 1184 omnem
1875 1148 2080 1195 voluntatem

1196 1196 1377 1230 inflammat
1392 1221 1403 1237 ,
1431 1208 1634 1232 necomnem
1656 1199 1857 1232 intellectum
1872 1200 2044 1235 illuminat
2070 1224 2079 1232 .

1195 1243 1316 1278 Eadem
1339 1245 1385 1279 est
1409 1247 1495 1279 ratio
1505 1247 1601 1280 fidei.
1631 1247 1864 1283 Proindelicet
1875 1247 2015 1282 charitas
2025 1260 2082 1284 na·

1193 1294 1233 1328 sci
1246 1306 1312 1327 non
1327 1295 1420 1337 poffit
1432 1293 1491 1327 nisi
1505 1305 1547 1328 ex
1560 1294 1623 1328 fide
1639 1320 1650 1335 ‚
1680 1305 1825 1329 attamen
1854 1297 1934 1331 fides
1955 1308 2080 1332 errores

1191 1344 1390 1387 compatitur
1410 1368 1422 1385 ,
1448 1343 1691 1387 atqueitalicet
1715 1355 1782 1378 non
1803 1356 1845 1378 ex
1869 1343 1940 1386 his,
1968 1356 2079 1382 tamen

1190 1393 1229 1427 ad
1244 1393 1328 1437 ipsos
1339 1393 1443 1437 potest
1468 1405 1540 1427 vera
1564 1391 1703 1428 charitas
1724 1395 1864 1428 exoriri.
1894 1395 1937 1430 Et
1965 1408 2020 1440 per
2033 1406 2078 1434 ta-

1192 1445 1253 1478 lem
1270 1443 1463 1478 charitatem
1480 1443 1560 1478 fana
1583 1455 1681 1487 opera
1705 1445 1777 1478 sunt
1790 1445 1892 1478 fausta
1908 1447 1940 1480 ὅ(
1954 1446 2041 1482 bona
2065 1468 2078 1488 ‚

1189 1495 1234 1530 ita
1246 1504 1355 1528 tamen
1369 1504 1405 1529 ut
1418 1495 1453 1528 in
1466 1493 1541 1538 ipsis
1555 1494 1724 1529 venialiter
1734 1493 1974 1541 delinquamus.

1422 1592 1700 1631 CAPUT
1801 1595 1843 1631 X.

1185 1698 1232 1729 An
1245 1703 1306 1739 per
1326 1697 1478 1730 naturalis
1491 1696 1578 1736 juris
1611 1700 1816 1739 ignorantiam
1833 1684 1964 1737 patrata
1984 1706 2073 1743 opera

1378 1744 1437 1788 fini
1453 1744 1571 1790 semper
1586 1754 1713 1789 peccata
1734 1747 1898 1783 mortalia?

1285 1845 1333 1879 Es
1331 1846 1459 1889 pondeo
1471 1845 1651 1890 aliquando
1662 1848 1726 1882 effe
1749 1859 1889 1891 peccata.
1901 1849 2070 1887 mortalia.'

1309 1896 1442 1932 Etenim
1464 1897 1506 1931 de
1526 1897 1718 1932 Gentilibus
1737 1898 1856 1938 diserte
1893 1900 2015 1937 scribit.
2029 1901 2072 1937 ad

1182 1947 1354 1981 Romanos
1377 1949 1502 1983 sanstus
1514 1947 1657 1983 Paulus:
1685 1950 1750 1992 ‚Qui
1761 1949 1826 1990 fine
1848 1951 1908 1993 lege
1927 1959 2072 1996 peccavq—
2087 1946 2169 1995 Cap.
2180 1947 2213 1987 ι’.

1178 2005 1273 2032 runi,
1292 1996 1356 2035 fine
1369 1999 1432 2038 lege
1450 1997 1596 2039 peribunt
1616 2022 1624 2031 .
1654 1998 1842 2042 Utiqueju
1861 2003 2071 2044 sempiternas

1180 2041 1365 2085 gehennas.
1395 2044 1549 2078 Gentiles
1577 2046 1700 2080 habent
1737 2049 1861 2084 nudum
1883 2061 1921 2083 ac
1944 2054 2069 2090 inerme

1180 2092 1359 2123 voluntatis
1384 2093 1577 2133 arbitrium,
1604 2096 1690 2129 nihil
1717 2097 1793 2131 fidei
1818 2110 1874 2133 aut
1900 2099 2068 2136 chariratis

1179 2138 1323 2179 habent,
1351 2139 1489 2183 ideoque
1503 2142 1591 2185 viget
1615 2144 1726 2177 inillis
1748 2146 1816 2180 baec
1829 2148 1927 2181 sancti
1952 2150 2069 2194 Aug-u-

1179 2190 1253 2222 llini
1273 2189 1404 2233 regula:
1427 2191 1483 2223 Ubi
1495 2191 1600 2230 nonest
1614 2195 1672 2225 Dei
1681 2193 1835 2236 charitas,
1863 2207 1967 2240 regnat
1978 2195 2066 2236 mun-

1177 2240 1209 2271 di
1231 2240 1400 2280 cupiditas.
1429 2243 1553 2276 Omnia
1564 2253 1620 2285 per
1633 2247 1750 2280 mundi
1771 2247 1984 2290 cupiditatem
2009 2262 2065 2288 vo-

1178 2290 1246 2322 lunt
1261 2289 1352 2323 ilii&
1365 2301 1468 2334 agunt
1484 2315 1494 2331 ,
1520 2302 1617 2335 atque
1631 2292 1674 2326 ita
1686 2295 1794 2330 omnis
1804 2309 1918 2332 eorum
1944 2300 2063 2337 volitio

1177 2341 1208 2371 in
1223 2339 1374 2373 creaturis
1387 2340 1505 2381 haeret,
1532 2342 1579 2375 uti
1594 2342 1627 2376 in
1653 2346 1772 2379 ultimo
1794 2347 1879 2382 fine.
1908 2348 2002 2384 Hinc
2025 2351 2061 2385 ἂι

1173 2399 1288 2422 omnes
1301 2390 1443 2433 ipsorum
1457 2390 1653 2435 Philosophi
1668 2395 1819 2431 u-timum
1833 2399 1932 2432 finem
1945 2399 1981 2432 in
2002 2400 2060 2434 ali·

1171 2450 1235 2480 qua
1247 2450 1414 2481 creatura,
1438 2452 1495 2475 aut
1518 2442 1683 2483 aliquibus
1705 2449 1859 2481 creaturis
1877 2447 2019 2482 fixerunt
2045 2473 2057 2482 .

1172 2488 1275 2522 Porro
1288 2490 1334 2523 uti
1348 2489 1414 2523 Dei
1425 2490 1563 2525 charitas
1576 2493 1818 2531 luminofiffima
1831 2520 1843 2537 ,
1870 2497 1915 2530 ita
1939 2499 2057 2534 mundi

1172 2538 1330 2581 cupiditas
1343 2540 1386 2573 est
1402 2542 1652 2576 tenebrosissima
1668 2566 1678 2582 ‚
1704 2545 1844 2590 ideoque
1854 2548 1965 2580 omnis
1974 2560 2057 2592 gen-

1171 2590 1280 2622 tilium
1298 2590 1381 2625 circa
1395 2601 1514 2623 naturae
1525 2591 1611 2636 leges
1625 2594 1864 2637 ignorantia&
1885 2608 1973 2631 error
1982 2599 2053 2633 fue·

1172 2649 1245 2672 tunt
1266 2641 1390 2673 caecitas
1404 2642 1541 2674 mentis.
1570 2642 1761 2685 ignorantia
1783 2647 1846 2680 fuit
1859 2658 1914 2690 per
1938 2648 2054 2691 adjun-

1170 2691 1256 2723 ‹stum
1270 2700 1395 2723 aeternae
1406 2691 1520 2725 mortis
1536 2702 1659 2726 reatum
1672 2694 1785 2729 vivens
1806 2696 1968 2740 originale
1979 2709 2051 2740 peo-

1168 2750 1275 2772 catum
1290 2763 1301 2780 ,
1327 2749 1415 2773 error
1427 2741 1556 2783 fuitper
1577 2742 1652 2778 istas
1676 2745 1847 2789 plusquam
1869 2746 2052 2791 AEgyptia·

1167 2787 1377 2823 castenebras
1401 2791 1534 2832 poenalis
1556 2794 1750 2835 cespitatio,
1779 2795 1906 2839 lapius,
1933 2809 1971 2831 ac
1988 2798 2050 2832 de·-

1169 2839 1286 2872 viatio.
1318 2838 1359 2872 Et
1373 2841 1536 2883 supremus
1561 2842 1690 2884 justitiae
1709 2844 1766 2878 Sol
1789 2847 1942 2881 nullosin
1967 2848 2049 2890 ipsas

1169 2888 1298 2922 immisit
1310 2890 1438 2923 Divinae
1450 2890 1615 2926 charitatis
1627 2893 1733 2927 radios
1742 2919 1749 2926 .
1778 2895 1871 2930 Hinc
1884 2897 2048 2942 quidquid

1169 2939 1214 2971 illi
1228 2950 1283 2981 per
1295 2950 1431 2973 errorem
1452 2951 1609 2984 egerunt,
1636 2954 1772 2986 egerunt
1792 2947 1892 2981 etiam
1918 2959 1973 2991 per
1992 2959 2048 2982 cu·

1168 2989 1355 3031 piditatem:
1385 2990 1474 3023 nulla
1487 2991 1584 3025 solius
1611 2992 1829 3036 ignorantiae,
1855 2998 1907 3032 sed
1931 2996 2046 3033 omnia

1166 3040 1307 3081 ipsorum
1321 3050 1449 3082 peccata
1461 3040 1591 3075 fuerunt
1603 3043 1795 3085 ignorantiae
1804 3046 1898 3082 simui
1909 3048 1940 3082 ὅ(
1963 3059 2044 3083 con-

1164 3089 1392 3132 cupiscentiae‚
1422 3101 1518 3133 atque
1541 3092 1608 3132 ita,
1634 3093 1710 3128 iicet
1745 3096 1877 3132 forsitan
1915 3109 1984 3132 non
2007 3099 2042 3131 in

1163 3140 1283 3173 cundlis
1305 3164 1316 3180 ‚
1341 3139 1427 3174 certe
1453 3142 1486 3174 iu
1516 3142 1660 3185 plurimis
1687 3144 1864 3182 istiusmodi
1891 3149 2042 3192 operibus

1161 3190 1302 3222 omnino
1314 3189 1493 3227 mortaliter
1515 3192 1719 3234 deliquerunt
1738 3219 1746 3228 .
1778 3196 1939 3233 Videatur
1961 3199 2037 3234 Car·
2054 3204 2139 3241 Part.
2150 3208 2183 3244 6.

1162 3238 1280 3273 dinalis
1295 3239 1456 3273 Roberrus
1477 3240 1591 3276 Pullus
1604 3268 1611 3276 .
1638 3245 1720 3291 Qae
1737 3248 1849 3280 omnia
1864 3251 1937 3283 sunt
1960 3262 2035 3284 vera
2052 3267 2158 3304 cap.5„

1163 3289 1305 3322 etiamin
1319 3289 1444 3333 perfidis
1456 3291 1590 3333 Judaeis,
1616 3291 1792 3338 haereticis,
1819 3308 1916 3342 atque
1939 3299 2037 3341 schis-

1164 3341 1291 3373 maticis
1314 3365 1321 3372 .
1348 3338 1481 3373 Nam&
1495 3340 1528 3375 hi
1550 3342 1770 3381 nihilhabent
1790 3346 1971 3382 charitatis.
1998 3350 2034 3384 Si

1164 3389 1239 3432 quid
1254 3389 1427 3430 haberent,
1452 3402 1522 3427 non
1543 3393 1719 3431 lacerarent
1735 3408 1853 3442 corpus
1873 3398 1995 3434 Christi
2022 3425 2035 3442 ,

1159 3439 1250 3485 quod
1263 3440 1306 3476 est
1321 3439 1459 3478 Ecclesia
1468 3466 1478 3476 .

1893 3498 2005 3537 Etiam
