2366 3736
708 112 774 151 ηπ
806 97 1206 150 Palatinam
1241 101 1536 154 Hit-Restm.

220 182 601 234 insinuationeadrumpit⁸
628 190 808 226 Sedar‘lione
822 190 956 224 Palladii
978 192 1103 222 Draconi

223 244 312 285 Papa
321 243 481 282 Celeflmus
497 246 680 276 Germanum
701 238 957 282 Antifiodorensem
980 242 1009 271 E
1009 238 1101 281 pisco-

219 299 294 334 pum
313 297 379 326 vice
394 291 453 335 sua
466 299 560 326 mittit
570 315 581 331 ‚
607 301 642 326 ut
651 291 815 324 deturbans
838 289 986 322 baereeicis
998 311 1008 327 ,
1033 290 1100 324 Bri-

222 349 332 374 tannos
354 344 400 375 ad
418 340 700 383 Catholicaemfidem
709 341 840 384 dirigat.
868 339 1037 382 Pelaqum
1061 350 1102 373 ex

223 389 413 426 cambrensi
424 393 510 436 apud
524 391 698 425 Britannos
715 388 889 424 Monacho
907 388 999 423 fuisie
1012 388 1102 422 Ban-

219 439 428 476 nachorensis
439 442 562 476 ibidem
572 440 728 474 Ooenobii
739 452 777 475 ac
801 439 969 482 Gymnafii
992 437 1103 473 Praefe-

221 489 308 524 &um
323 516 334 532 ,
359 491 478 535 ipfique
490 491 632 525 Romam
643 490 785 535 digresso
804 489 975 524 succeffiffe
998 489 1102 531 Lepo-

220 541 305 575 rium
315 541 505 585 Agricolam
515 564 526 581 ,
553 542 704 575 adserunt
715 540 830 576 vetusti
843 539 1017 573 Britonum
1031 540 1100 573 An-

219 591 311 624 nales
321 615 328 622 .
356 590 531 624 Damnatis
553 592 630 625 item
653 590 837 635 pelagianis
856 590 985 623 iteratas
1007 590 1102 624 t0ties

218 639 395 674 sententias
405 650 473 673 non
485 640 659 680 suffecisse,
685 642 738 675 sed
749 649 886 675 remotas
903 640 1003 673 etiam
1026 638 1101 672 Pro-

216 689 341 723 vincias
351 689 386 723 ἀ
398 699 514 733 gentes
524 691 618 725 fuisse
629 691 671 725 ab
688 691 759 734 ipsis
781 689 941 724 infestatas
953 715 964 731 ,
994 687 1101 722 scribit

216 736 258 774 ad
269 738 515 775 Maximianum
528 764 540 780 ‚
565 740 731 785 degradati
742 739 885 775 Nestorii
897 739 931 772 in
943 739 1102 773 Conssan-

216 788 443 832 tinopolitano
452 788 648 833 Episcopatu
660 790 865 824 successorem
877 813 888 830 ‚
901 789 1007 823 noster
1018 787 1101 820 Pon-

215 837 299 873 tifex
314 839 499 874 Celestinus
509 864 516 872 .
542 840 633 874 Hinc
646 839 777 881 quidam
789 840 880 873 suum
893 840 991 872 etiam
1017 849 1102 871 nata-

218 888 251 922 le
262 889 366 923 solum
379 890 566 924 invaserunt
576 913 588 929 ,
611 901 782 933 corrupere
798 889 965 923 laudatum
979 887 1101 922 Coeno-

216 938 312 973 bium
326 963 338 979 ‚
362 939 394 973 ἀ
405 939 633 985 Apostolicam
648 939 763 974 Sedetn
775 939 816 974 ad
828 938 913 976 hanc
930 938 1102 982 Synodum

215 996 397 1037 coegerunt
407 1012 420 1023 ,

341 1085 598 1124 ACTIO
647 1088 983 1125 TERTIA.

315 1189 451 1237 Traque
473 1188 584 1224 Scotia
603 1200 670 1225 erat
688 1200 766 1224 tunc
787 1189 871 1224 adeo
889 1188 1021 1224 barbara
1034 1212 1044 1229 ,
1070 1197 1104 1220 ut

340 1239 502 1274 humanas
520 1238 626 1274 adhuc
647 1251 757 1275 carnes
771 1250 896 1275 voraret
909 1265 916 1275 ,
945 1239 994 1274 lta
1006 1239 1106 1272 adfir-

206 1290 289 1325 'mat
305 1290 336 1323 S.
358 1290 603 1332 Hieronymus.
632 1290 758 1324 Vicinae
771 1290 950 1324 Britanniae
960 1288 1105 1324 adflictio

218 1349 292 1374 eam
305 1339 400 1373 duxit
412 1340 447 1373 in
461 1339 585 1381 synodi
597 1338 691 1383 hujus
703 1341 894 1376 memoriam
904 1364 915 1380 ‚
943 1350 1039 1382 atque
1061 1337 1107 1371 ita

221 1391 343 1425 fadum
354 1389 400 1423 est
413 1414 423 1430 ,
450 1389 539 1433 quod
550 1390 584 1422 in
599 1389 771 1423 Chronico
783 1390 893 1423 laudat
904 1388 933 1423 S.
948 1387 1083 1430 Prosper
1096 1400 1108 1420 .·

220 1440 274 1472 Ad
292 1441 387 1472 scotos
409 1445 442 1471 in
464 1437 613 1477 christum
630 1440 780 1471 credentes
801 1440 959 1471 ordinatur
974 1439 995 1471 ἆ
1019 1440 1108 1478 Papa

220 1487 362 1527 eelestrno
383 1488 540 1521 Palladius
552 1511 563 1526 ‚
589 1488 623 1520 ὀ·
642 1493 760 1528 primus
770 1487 934 1530 Episcopus
954 1492 1086 1520 mittitur
1100 1511 1107 1521 .

218 1538 274 1574 sic
285 1537 419 1572 barbara
432 1536 540 1572 Insula
551 1537 690 1582 profecit
702 1537 738 1571 in
761 1535 984 1572 Christianam
999 1561 1006 1569 .

246 1634 615 1673 GALLICANA
643 1636 915 1672 INCERTI
943 1635 1088 1673 LOCI

463 1736 486 1771 S
513 1736 546 1771 Y
575 1735 610 1770 N
638 1738 672 1772 O
699 1737 733 1771 D
762 1737 802 1772 U
829 1737 871 1772 S.

333 1836 409 1871 Anc
429 1836 603 1881 synodum
623 1835 732 1871 laudat
744 1836 778 1870 in
799 1836 906 1881 primo
918 1835 950 1871 A

359 1886 500 1921 historiae
521 1886 605 1920 libro
628 1885 821 1921 venerabilis
844 1886 931 1921 Beda
951 1899 958 1920 ε
987 1884 1110 1926 Haerefis

224 1938 394 1980 Pelagiaena
405 1960 416 1975 ‚
438 1944 493 1978 per
515 1937 676 1980 Agricolam
687 1937 774 1969 illata
796 1939 950 1970 Severum}
972 1934 1111 1977 Episcopi

227 1986 488 2028 Pelagium-filium
498 2009 510 2026 ‚
535 1985 626 2027 fidem
638 1988 856 2018 Britannorum
859 1985 948 2026 foeda
953 1985 1031 2026 pelle
1041 1996 1113 2017 com-

225 2036 435 2069 maculaverat
449 2059 458 2068 .
482 2035 588 2068 Verum
602 2034 746 2067 Britanni
756 2059 767 2075 ,
796 2036 860 2068 cum
873 2045 965 2076 neque
971 2032 1114 2076 suscipere

226 2083 401 2127 perversum
410 2087 515 2127 dogma
522 2090 656 2128 gratiam
669 2084 777 2124 Christi
790 2083 1022 2126 blasphemando
1032 2108 1041 2121 ,
1071 2084 1112 2116 ule

227 2137 345 2168 latenas
356 2135 466 2169 vellent
477 2159 488 2175 ,
514 2145 606 2176 neque
617 2133 782 2176 versutiam
792 2134 920 2174 nefhrt'ae
925 2131 1112 2174 persuasionis

225 2184 363 2227 refutare
375 2185 476 2219 vabre
487 2187 626 2217 certando
631 2181 796 2225 sufficerent
806 2206 816 2223 ‚
828 2189 991 2215 inveniunt
994 2180 1114 2223 salubre

225 2234 372 2275 confilium
382 2258 393 2274 ‚
418 2233 480 2268 utri
492 2233 658 2265 Gallicanis
672 2232 858 2273 Antistttibus
881 2232 1026 2263 auxilium
1047 2231 1113 2263 belli

222 2281 393 2326 spiritualis
415 2288 574 2325 inquirant
584 2306 592 2314 .
619 2283 725 2324 ‚Quam
743 2281 776 2314 ob
787 2279 909 2323 eausam
923 2280 1039 2314 conella
1052 2293 1112 2313 ma-

220 2345 287 2377 gna
297 2333 407 2372 synodo
416 2357 425 2372 ,
451 2331 627 2374 quaerebant
638 2338 669 2364 in
681 2342 829 2365 commune
841 2354 852 2370 ‚
864 2336 913 2373 qui
922 2332 989 2363 illuc
1003 2329 1112 2373 adsicc-

221 2383 400 2417 currendum
407 2383 480 2425 fidei
491 2388 573 2414 mim
585 2380 727 2414 deberent
738 2406 749 2421 ,
774 2390 861 2423 atque
869 2386 996 2413 omnium
999 2382 1113 2421 judicio

220 2433 406 2476 eligebantur
421 2432 569 2474 apostolici
583 2432 774 2473 sacerdotes,
801 2434 967 2464 Germanus
995 2430 1111 2471 Antista-

220 2481 348 2523 dorenfis
358 2505 368 2521 ,
393 2484 428 2516 <St
451 2485 556 2522 Lupus
577 2482 742 2521 Tricaffinae
755 2485 905 2514 Civitatis
926 2479 1088 2522 Episcopus
1100 2502 1111 2521 ,

220 2536 275 2573 qur·
286 2533 330 2564 ad
338 2530 569 2571 confirmandam
577 2530 669 2571 fidem
677 2537 789 2573 gratlae
801 2529 914 2570 celestis
926 2533 1107 2563 Britannias

219 2587 363 2615 >venirent
379 2605 387 2613 .
421 2579 525 2626 Qod
549 2580 652 2622 ipsum
676 2581 710 2612 in
731 2580 836 2614 Sancti
861 2580 1019 2614 Germani
1043 2582 1108 2612 vita

220 2630 440 2665 Constantius
464 2628 635 2672 Presbyter
647 2653 658 2668 ,
682 2640 720 2663 ac
747 2630 780 2662 in
806 2629 957 2672 Eutropii
980 2630 1111 2673 supple-

220 2692 340 2715 mento
348 2681 495 2714 adfirmat
508 2677 630 2712 Paulus
642 2679 814 2714 Diaconus
826 2703 834 2711 .

272 2729 477 2765 postulatum
489 2729 506 2761 ὲ
521 2727 673 2762 Romana
685 2729 824 2763 Ecclesia
834 2728 994 2762 auxilium
1006 2729 1107 2764 Brito·

218 2780 321 2816 nibus
333 2780 435 2814 visum
450 2780 513 2812 fuit
524 2789 630 2812 moras
654 2781 779 2813 nestere
789 2804 799 2820 ,
827 2779 965 2821 ideoque
977 2780 1017 2813 ad
1033 2781 1104 2813 vici‘

223 2843 288 2866 nos
309 2829 425 2866 Galliae
450 2828 607 2873 Collegas
630 2826 771 2862 habuere
792 2830 955 2873 refugium
979 2844 986 2863 z
1014 2830 1045 2863 δε
1071 2829 1105 2862 hi

221 2890 343 2927 magna
351 2879 490 2913 colleeia
502 2879 637 2921 Synodo
648 2904 659 2920 ‚
672 2878 897 2922 Apostolicam
909 2879 1015 2913 Sansti
1029 2880 1108 2914 Ger·

222 2931 312 2964 mani
323 2929 519 2974 legationem
537 2929 732 2972 probarunt,
758 2930 791 2963 ὃ(
803 2930 865 2963 San
874 2930 958 2963 stum
975 2931 1106 2973 Lupum

223 2978 466 3023 adjunxerunt.
494 2980 633 3013 Annum
649 2979 767 3023 ignoro
777 3002 785 3010 .
810 2979 904 3026 Qin
928 2990 1062 3023 utraque
1075 2979 1106 3012 in

225 3028 364 3071 synodo
378 3029 548 3074 Pelagiani
563 3040 685 3063 errores
696 3027 806 3064 denuo
817 3029 965 3065 damnati
975 3029 1108 3070 fuerint,

226 3088 296 3114 non
307 3080 350 3113 est
362 3079 595 3124 ambigendum
606 3103 614 3111 .

276 3176 550 3215 GENERALIS
586 3177 840 3214 EPHESINAE
881 3178 1061 3216 SYNom

277 3276 541 3315 ADVERSUS
569 3279 876 3317 PELAGIANOS
903 3280 1062 3315 ACTA.

277 3377 313 3412 N
325 3387 469 3421 apertam
481 3389 518 3412 ac
532 3377 726 3420 pertinacem
741 3379 892 3416 haereseos
915 3380 1114 3424 praedicatio-

302 3439 377 3462 nem
392 3428 479 3470 lapso
492 3427 645 3462 Nestorio
660 3432 808 3473 praecepit
822 3432 1006 3468 Celestinus
1029 3431 1114 3476 Pong

326 3477 437 3522 Christ.
451 3481 530 3523 Lupi
549 3482 649 3523 Opera
667 3482 746 3515 rom.
762 3482 823 3514 XL,

1905 106 1999 164 185

1162 190 1264 231 tifex,
1290 199 1326 225 ut
1346 190 1430 225 intra
1450 192 1561 227 decem
1572 188 1641 227 dies
1652 188 1784 226 meliora
1797 192 1914 234 saperet
1926 204 1963 227 ac
1984 194 2033 228 so·

1167 241 1318 275 lemniter
1339 242 1563 283 profiteretur,
1589 243 1737 286 alioquin
1748 253 1788 276 eo
1812 242 1881 286 ipso
1895 241 2035 285 Episco-

1164 298 1274 333 patum
1292 292 1493 325 amitteret&
1506 292 1720 327 Christianam
1742 293 2011 327 communionem
2024 316 2035 325 .

1165 340 1277 374 Amici
1298 340 1397 379 varii,
1423 343 1588 384 praesertim
1610 343 1749 384 Joannes
1761 340 1948 377 Patriarcha
1961 342 2037 374 An-

1163 390 1334 424 tiochenus
1344 414 1355 430 ,
1383 390 1488 433 ipsum
1500 391 1539 424 ad
1551 391 1768 425 obediendum
1779 418 1790 434 ‚
1814 393 1846 427 &
1859 392 1960 426 multa
1979 392 2039 426 Ec-

1163 440 1264 473 clefiae
1287 440 1371 474 mala
1394 441 1581 476 redimenda
1596 442 1667 474 sunt
1679 442 1759 475 serio
1780 441 1960 483 adhortati;
1988 451 2038 475 ve·

1163 490 1234 524 nim
1257 490 1404 532 Julianus
1426 502 1463 523 ac
1484 489 1539 523 alii
1563 491 1681 533 praefati
1697 490 1951 535 Pelagianorum
1963 491 2039 534 Epi-

1165 539 1253 582 scopi
1273 538 1314 573 ad
1335 540 1517 584 generalem
1541 550 1717 582 provocare
1738 541 1908 582 Synodum
1927 542 1956 575 ei
1971 552 2040 585 per·

1165 590 1351 630 suaserunt,
1379 591 1411 623 in
1433 589 1563 624 turbida
1585 588 1647 623 hac
1667 601 1750 632 aqua
1763 592 1921 634 sperantes
1936 593 1970 625 δε
1983 590 2049 635 ipsi·

1164 640 1288 680 aliquid
1312 640 1441 683 piscari.

1214 690 1367 732 Synodus
1378 689 1445 725 haec
1466 688 1580 724 habuit
1592 698 1654 723 tres
1674 687 1830 722 Primates
1844 689 2040 732 Episcopus:

1164 740 1315 774 Sanftum
1336 740 1499 784 Cyrillum
1521 763 1531 778 ,
1558 738 1763 772 Alexandriae
1788 737 2004 773 patriarcham
2028 761 2041 779 ,

1164 789 1323 823 Celestini
1335 790 1430 834 Papae
1442 789 1611 825 Vicarium
1624 814 1634 829 ,
1647 789 1805 831 Ioannem
1820 788 2041 823 patriarcham

1168 838 1436 880 Antiocheam,
1461 852 1498 874 ac
1520 840 1624 883 ipsum
1649 838 1839 873 Nestorium
1861 862 1869 870 .
1896 838 1988 871 Hinc
2008 839 2042 872 &

1165 891 1269 925 dolofi
1292 890 1345 924 isti
1366 891 1401 924 in
1426 900 1487 924 tres
1509 891 1540 923 se
1550 890 1686 924 divisere
1697 890 1824 929 claffes,
1852 888 1885 922 &
1908 888 2049 932 quidam

1167 941 1244 974 huic
1258 964 1269 980 ,
1295 940 1430 983 quidam
1453 940 1518 973 istis
1541 938 1715 979 adhaesere,
1744 938 1911 972 turbarum
1932 939 2043 972 ansam

1166 991 1288 1032 ubique
1307 1000 1478 1024 venantes.
1506 989 1548 1022 Et
1571 989 1588 1022 e
1605 989 1740 1031 Joannis
1751 987 1946 1023 patriarche
1961 988 2045 1030 Epi-

1168 1042 1272 1084 scopis
1283 1041 1409 1083 aliquos
1422 1038 1564 1073 omnino
1577 1040 1768 1073 seduxerunt
1782 1062 1789 1070 .
1816 1039 1920 1072 Lucet
1931 1049 1971 1072 ex
1987 1038 2045 1078 Sy-

1169 1092 1279 1125 nodali
1301 1091 1334 1124 in
1355 1091 1439 1133 ipsos
1450 1091 1626 1123 sententia:
1656 1091 1793 1132 ,Quidam
1803 1086 1916 1130 exipfis
1929 1086 2047 1126 celestii

1164 1140 1328 1183 sententias
1336 1138 1495 1183 fhquisunt
1507 1137 1681 1181 deprehensi.
1697 1140 1740 1174 Et
1753 1140 1786 1172 in
1800 1140 1854 1172 sua
1864 1138 1904 1172 ad
1918 1138 2048 1171 Rufum

1168 1191 1496 1225 Thessalonicensem
1516 1190 1715 1232 Episcopum
1725 1189 1884 1223 relatione
1895 1189 1980 1222 idem
1992 1186 2049 1229 Jo-

1168 1251 1267 1274 annes
1277 1241 1440 1275 accusavit
1451 1241 1604 1275 Sanstum
1617 1238 1782 1282 Cyrillum
1794 1263 1805 1278 ,
1831 1238 1919 1282 quod
1942 1236 2048 1271 adhae-

1168 1299 1273 1324 rentes
1295 1289 1427 1323 haberet
1442 1287 1594 1323 homiues
1616 1289 1662 1322 ob
1682 1288 1821 1322 haerefim
1833 1286 2025 1331 degradatos
2038 1310 2050 1325 ‚

1173 1338 1390 1374 Enthusiastas
1401 1350 1438 1371 ac
1450 1339 1661 1381 Pelagianos.
1694 1338 1788 1383 Qiin
1810 1337 1842 1369 ὅ(
1857 1336 1985 1369 Divalis
2007 1335 2051 1369 sa-

1169 1401 1246 1428 cra,
1271 1400 1368 1432 quam
1398 1399 1452 1430 per
1480 1388 1639 1430 Joannem
1668 1388 1824 1419 sacrarum
1837 1385 2055 1430 largitionum

1170 1439 1337 1473 Comitem
1362 1438 1572 1472 Theodosius
1595 1436 1765 1480 Augustus
1787 1435 1870 1469 misit
1887 1435 1927 1469 ad
1949 1436 2053 1477 Syno-

1170 1490 1249 1524 dum
1264 1513 1275 1529 ,
1287 1500 1354 1523 non
1367 1488 1443 1521 solis
1455 1488 1614 1531 legitimis
1627 1511 1638 1527 ‚
1661 1485 1713 1519 sed
1728 1487 1760 1519 ὃ(
1771 1484 1857 1519 hisce
1869 1485 2055 1529 Pelagianis

1171 1538 1339 1582 Episcopis
1352 1539 1412 1571 fuit
1426 1538 1592 1579 inscripta.
1622 1536 1723 1569 Aliud
1737 1535 1825 1570 enim
1838 1535 1888 1569 isti
1904 1547 1969 1568 non
1982 1545 2056 1578 ege-

1170 1600 1246 1622 runt
1260 1613 1270 1628 ‚
1283 1600 1380 1630 quarn
1393 1598 1428 1623 ut
1442 1585 1536 1629 hujus
1547 1585 1675 1629 Synodi
1689 1586 1722 1619 ἀ
1739 1586 1939 1619 Nestorianae
1949 1584 2057 1629 appel·

1171 1639 1304 1673 lationis
1320 1638 1427 1682 aliqua
1451 1638 1560 1680 portio
1581 1635 1786 1669 crederentur
1799 1658 1807 1667 .

1219 1688 1440 1722 Miserandam
1461 1688 1623 1721 scissuram
1645 1686 1728 1728 passa
1740 1684 1801 1718 fuit
1816 1683 1880 1718 haec
1891 1684 2054 1726 synodus.

1170 1738 1271 1771 Multi
1293 1740 1381 1771 enim
1402 1738 1551 1772 Sanctum
1564 1736 1729 1778 Cyrillum
1743 1758 1753 1773 ,
1781 1733 1877 1768 multi
1900 1735 2057 1778 Episcopi

1172 1789 1270 1820 secuti
1293 1789 1366 1821 sunt
1391 1788 1551 1830 Joannem
1578 1783 1830 1819 Antiochenum
1850 1798 1860 1818 :
1897 1784 2058 1818 Adversas

1172 1837 1275 1870 fecere
1300 1837 1454 1879 Synodos
1475 1858 1486 1873 ,
1513 1846 1551 1869 ac
1577 1833 1821 1879 degradationis
1842 1832 1954 1877 elogio
1975 1834 2058 1867 invi-

1171 1898 1242 1920 cem
1266 1887 1450 1920 foedarunt.
1478 1885 1647 1928 Pelagiani
1672 1884 1821 1918 videntur
1833 1893 1912 1918 tunc
1924 1883 2058 1919 tertium

1173 1938 1306 1980 agitaffe
1335 1935 1602 1971 conventiculum
1618 1959 1628 1975 ‚
1651 1935 1683 1970 &
1705 1933 1860 1970 conflasse
1883 1933 1939 1967 illa
1962 1932 2058 1968 Pseu-

1173 1985 1313 2019 clo-Aeta
1326 2010 1337 2025 ,
1364 1985 1482 2028 quibus
1501 1985 1678 2020 damnatur
1687 1983 1851 2028 originale
1865 1994 2032 2025 peccatum
2043 2007 2057 2025 ,

1173 2035 1397 2069 &Catholica
1420 2035 1563 2068 domina
1587 2034 1766 2068 traducitur
1786 2044 1822 2068 ut
1835 2032 2018 2066 Manichaea
2042 2057 2057 2074 ,

1174 2086 1208 2120 δε
1230 2097 1299 2128 quae
1325 2086 1374 2118 uti
1399 2085 1547 2129 legitima
1570 2084 1609 2116 ad
1625 2085 1768 2118 sancium
1781 2083 1977 2126 Gregorium
1990 2094 2057 2117 ma-

1173 2145 1277 2178 gnum
1300 2135 1384 2167 misit
1397 2135 1538 2177 Joannes
1550 2133 1718 2167 Neustetta
1729 2157 1740 2172 ,
1767 2132 1953 2166 patriarcha
1965 2133 2058 2166 Con-

1175 2182 1482 2226 stantiuopolitanus
1504 2207 1512 2217 .
1541 2182 1709 2224 Ejusmodi
1735 2182 1816 2216 fucis
1838 2181 1966 2216 haereses
1993 2182 2059 2225 pas-

1173 2234 1229 2267 sim
1251 2242 1485 2275 promoventur
1499 2257 1507 2264 .

1224 2282 1391 2317 Adversus
1409 2283 1496 2316 illius
1520 2282 1650 2317 Divalis
1676 2283 1922 2326 inscriptionem
1946 2281 2056 2316 omnis

1172 2333 1323 2376 synodus
1345 2333 1410 2366 fuit
1434 2332 1606 2376 protestata
1629 2358 1636 2365 .
1664 2333 1701 2366 ln
1730 2333 1850 2366 eximia
1878 2334 1954 2365 item
1979 2333 2056 2371 illa,

1173 2394 1271 2425 quam
1294 2393 1352 2426 pro
1372 2384 1466 2416 omni
1495 2382 1650 2416 Africana
1675 2383 1815 2417 Ecclefia
1829 2392 1882 2425 per
1893 2381 2058 2416 Baffulam

1173 2433 1364 2467 Diaconum
1386 2433 1471 2467 misit
1494 2433 1672 2475 Capreolus
1695 2430 1956 2475 Carthaginenfis
1982 2431 2057 2473 Epi-

1171 2484 1302 2525 scopus.
1320 2483 1463 2525 Epistola
1475 2481 1654 2515 obtestatur
1666 2482 1852 2524 synodum,
1864 2493 1903 2513 ne
1921 2480 2056 2514 damna·

1169 2535 1209 2566 tis
1222 2531 1387 2567 haerefibus
1398 2532 1511 2565 alteras
1526 2532 1692 2575 indulgeat
1703 2532 1939 2574 disputationes
1954 2555 1962 2570 ,
1986 2530 2055 2571 qui-

1170 2582 1228 2616 bus
1251 2583 1360 2616 lucida
1385 2583 1499 2614 veritas
1522 2580 1632 2614 denuo
1648 2583 1865 2624 inquietetur.
1882 2579 1990 2614 Palam
2001 2581 2053 2613 lo-

1169 2634 1275 2676 quitur
1284 2630 1431 2665 adversus
1446 2630 1648 2674 Pelagianos.
1664 2631 1703 2664 Et
1715 2631 1757 2664 ita
1772 2630 1911 2663 omnino
1923 2630 2054 2671 jubebat

1168 2684 1255 2716 fasta:
1267 2692 1320 2724 per
1331 2681 1555 2725 Apostolicam
1568 2679 1682 2714 Sedem
1692 2679 1863 2715 decisionis
1873 2680 2055 2715 auctoritas.

1217 2730 1353 2764 Istorum
1381 2741 1487 2765 tamen
1513 2731 1740 2772 importunitas
1774 2731 1866 2765 aliud
1887 2731 2019 2764 extorsit
2041 2751 2052 2763 0

1170 2782 1269 2815 Lucet
1282 2792 1322 2815 ex
1337 2780 1493 2822 Synodali
1510 2780 1548 2813 ad
1565 2780 1766 2814 Celestinum
1780 2780 1974 2814 Pontificem
1988 2781 2050 2813 Re-

1170 2831 1289 2864 latione
1301 2844 1311 2864 .-
1341 2833 1434 2863 Porro
1443 2830 1584 2872 perlec‘lis
1597 2836 1628 2862 in
1636 2829 1745 2873 sanHa
1758 2831 1865 2869 synodo
1874 2839 2050 2862 commenta-

1168 2888 1220 2913 riis
1234 2881 1368 2913 Abiorum
1381 2886 1413 2913 ln
1427 2879 1762 2922 depofitioner’mpiorum
1778 2880 2005 2922 Pelagianorum
2016 2881 2049 2913 Θ

1168 2931 1415 2970 celestianorum,
1444 2930 1586 2970 celestii,
1615 2932 1753 2973 Pelagii,
1774 2929 1930 2974 Juliani,
1959 2928 2048 2971 Perfi-

1167 2982 1232 3020 ἄη,
1258 2983 1342 3013 Florl
1358 3005 1368 3020 ‚
1396 2982 1585 3020 Marcellinl,
1612 2984 1750 3020 Oremii,
1777 2980 1923 3013 &eadem
1935 2981 2047 3013 cumil-

1167 3032 1204 3063 lis
1211 3030 1403 3073 sentientium
1416 3055 1426 3070 ,
1440 3042 1506 3072 quae
1518 3032 1537 3061 ἃ
1553 3032 1667 3062 Pietate
1679 3033 1745 3062 Tua
1757 3031 1793 3062 de
1805 3029 1871 3071 ipsis
1887 3031 2002 3062 decreta
2015 3030 2047 3063 (τ

1167 3079 1318 3120 constituta
1325 3079 1394 3123 sunt
1405 3105 1414 3121 ,
1436 3082 1643 3121 judicavimus
1655 3081 1688 3113 (θ’
1705 3091 1756 3112 nos
1767 3091 1802 3113 ea
1810 3077 1906 3121 solida
1917 3105 1927 3120 ,
1949 3079 2050 3121 firma-

1168 3142 1221 3173 que
1240 3140 1414 3173 permanere
1436 3130 1557 3169 debere,
1586 3130 1708 3163 &idem
1721 3141 1820 3163 omnes
1834 3132 1938 3162 Tecum
1943 3128 2049 3169 statui-

1170 3193 1255 3221 mus,
1285 3193 1328 3214 eos
1352 3189 1408 3222 pro
1431 3178 1563 3220 deposito
1588 3179 1734 3214 habentes
1754 3204 1761 3211 .
1796 3178 1942 3223 Ipsorum
1969 3178 2049 3222 ergc‘·

1171 3231 1264 3265 causa
1290 3231 1361 3264 istic
1383 3232 1546 3263 retraetata
1565 3230 1626 3263 fuit
1641 3253 1651 3269 ,
1679 3241 1717 3263 ac
1739 3229 1857 3264 iterum
1879 3229 2048 3262 damnata.

1175 3281 1254 3315 Eam
1270 3281 1467 3315 damnarunt
1479 3279 1597 3313 Canon
1615 3280 1735 3322 primus
1746 3279 1778 3312 ὅ(
1793 3289 1938 3323 quartus.

1226 3332 1267 3365 Et
1292 3331 1370 3364 hinc
1394 3329 1426 3361 in
1440 3327 1648 3363 Bibliotheca
1667 3330 1749 3363 redie
1775 3328 1879 3362 scribit
1890 3326 2050 3362 Photius:

1175 3382 1339 3425 Pelagiana
1362 3377 1476 3420 haerefis
1499 3378 1694 3413 anathemate
1718 3381 1864 3412 damnata
1875 3376 1911 3416 est
1926 3382 1957 3408 ln
1965 3375 2054 3418 sacra

1174 3430 1325 3478 prefina
1349 3430 1475 3469 synodo.
1502 3429 1546 3465 Et
1572 3431 1606 3465 in
1635 3430 1788 3464 Carmine
1808 3428 1849 3463 de
1871 3426 2010 3471 Ingratis
2020 3427 2054 3463 S.

1609 3479 1656 3530 Q
1692 3487 1715 3530 ³
1915 3476 2008 3515 Pros-
