2366 3736
173 1726 246 1764 Ast.
270 1738 301 1773 4.

433 80 522 138 358

378 174 438 198 nec
450 164 593 208 exponi,
616 175 676 200 nec
699 158 897 198 circumferri
919 169 1064 201 unquam
1079 160 1192 202 poffic,
1206 161 1262 195 nisi

341 216 355 221 ”’
375 227 415 249 ex
439 216 588 259 permissu
612 213 777 250 ordinarii
801 236 807 243 .

375 276 498 300 nonem
526 267 622 309 usque
650 263 712 296 huc
740 264 945 306 ignoramus.

425 318 573 362 Qiintus
592 325 679 348 error
699 312 743 345 est
767 312 799 345 in
822 310 872 345 his
896 309 996 344 verbis
1018 322 1029 342 :
1056 313 1101 342 Et
1132 316 1184 344 uni
1204 308 1259 353 sblt'

374 370 436 399 Deo
456 371 550 398 omnis
572 372 640 396 tunc
670 364 819 405 praecipue
856 360 980 394 debetur
1007 361 1115 392 Cultus
1136 363 1258 400 latriae,

372 415 461 449 bonor
486 417 519 447 (τ
537 415 633 458 gloria
655 438 662 446 .

368 466 520 508 pra-cipue3
546 463 693 496 debetur?
724 463 855 495 Etenim
880 461 978 495 latria:
1003 459 1122 494 Cultus
1135 463 1254 503 semper

370 515 404 547 &
430 514 550 557 ubique
571 514 706 548 debetur
743 513 802 547 so'li
826 512 976 544 Domino
1019 509 1092 543 Deo
1113 535 1120 542 .
1160 510 1250 555 Quid

370 565 448 597 item
472 564 529 597 fibi
548 563 663 597 volunt
686 563 799 603 verba,
822 561 1072 595 Honor-&Gloria
1087 560 1103 591 ἒ
1131 560 1251 592 Viden-

368 623 421 647 tur
432 615 587 648 affirmare
597 638 607 654 ,
634 615 719 657 quod
734 615 765 646 in
779 611 946 646 tremendo
961 609 1073 643 nostro
1085 609 1250 643 Sacrificio
1266 601 1269 627 ¹

368 665 478 698 nullus
501 675 610 708 praeter
631 664 817 698 Dominum
845 664 953 695 Deum
979 659 1074 702 poffit
1097 657 1248 692 honorari

366 725 405 747 ac
427 714 620 758 glorificari.
650 715 705 748 Est
718 724 804 747 error
817 711 1001 755 paradoxas
1016 734 1023 740 .
1053 708 1184 741 Etenim
1194 710 1245 742 da·

363 775 456 799 mnat
488 777 525 799 ac
555 765 670 798 evertit
692 764 917 803 Minas,quas
940 758 1051 794 omnis
1071 759 1128 792 sub
1150 759 1246 792 Coelo

364 813 506 848 Ecclesia
529 815 545 849 a
569 815 675 847 sansto
689 812 923 856 Apostolorum
939 820 1087 852 tempore
1110 809 1244 842 celebra·

362 865 411 898 vit
433 877 507 899 cum
529 864 843 898 commemoratione
866 861 900 894 δε
925 860 1142 894 invocatione
1166 859 1242 891 San·

361 914 505 948 storum.
534 914 576 947 Et
599 924 688 946 totus
709 913 815 946 Miffae
838 911 980 951 Canon,
1005 908 1162 942 illustrior
1175 920 1242 951 por-

359 965 431 1004 tio,
458 965 514 998 vix
536 963 581 997 est
604 963 693 997 aliud
715 986 726 1002 ,
755 962 852 1007 quam
885 961 1075 994 sannorum
1101 970 1240 993 comme-

357 1016 500 1048 moratio
523 1026 560 1048 ac
586 1012 754 1048 invocatio
772 1037 779 1044 .
819 1012 862 1044 Et
884 1009 969 1044 certe
998 1010 1020 1042 st
1061 1009 1239 1042 sanctorum

356 1063 518 1108 Reliquiae
555 1075 592 1098 ac
621 1064 782 1108 Imagines
818 1072 884 1095 non
921 1060 1041 1103 poffint
1069 1058 1236 1092 Sacrificio

354 1115 460 1149 adesse
481 1139 492 1156 ‚
518 1113 688 1157 quomodo
709 1112 828 1156 poffint
850 1109 1100 1145 commemorari
1135 1119 1170 1142 ac
1193 1109 1238 1142 in·

354 1165 461 1198 vocari
484 1165 625 1207 ipsorum
651 1162 815 1197 nomina?

403 1213 576 1260 Qidquid
601 1213 746 1257 Scriptor
765 1211 797 1244 in
812 1210 880 1245 istis
893 1209 997 1244 verbis
1021 1207 1161 1247 sentiat,
1185 1206 1237 1241 ad-

351 1265 466 1297 dustus
486 1265 554 1306 ejus
574 1273 750 1296 contextus
771 1262 907 1295 affirmat
923 1271 978 1303 per
1000 1259 1178 1301 impensam
1192 1259 1236 1292 fa·

350 1316 410 1348 cris
445 1312 650 1358 Imaginibus
669 1323 725 1347 aut
752 1311 914 1354 Reliquiis
942 1308 1158 1342 reverentiam
1182 1310 1232 1342 de·

351 1363 431 1398 trahi
452 1365 594 1407 exposito
616 1363 808 1397 sanniffimo
820 1363 1048 1398 sacramento,
1073 1369 1130 1392 aut
1147 1358 1232 1392 certe

349 1415 390 1449 ab
414 1426 454 1448 eo
473 1413 606 1448 distrahi
629 1439 639 1454 ,
663 1414 802 1455 ideoque
822 1412 899 1445 istas
925 1413 987 1445 esse
1005 1408 1047 1442 ab
1071 1407 1138 1450 ejus
1161 1419 1231 1452 pra:—

348 1465 450 1499 sentia
475 1464 686 1498 removendas
709 1488 715 1494 .
747 1462 808 1495 Ista
829 1460 961 1495 assertio
984 1458 1070 1491 certe
1091 1459 1229 1492 nimium

346 1514 472 1548 accedit
484 1515 523 1548 ad
538 1514 707 1557 profanum
723 1513 927 1556 Imperatoris
938 1508 1155 1544 Constantini
1168 1510 1229 1543 Ca·

346 1565 461 1599 ballini
482 1564 611 1598 Palatio
622 1565 780 1608 agitatum
803 1560 1088 1597 conventiculum,
1107 1559 1228 1603 dequo

346 1616 386 1653 ad
410 1616 575 1657 septimam
590 1614 761 1656 Synodum
772 1611 857 1644 dixit
870 1607 1164 1645 Reverendiffimus
1177 1611 1225 1653 Jo-

346 1676 467 1703 annes,
492 1663 706 1704 Presbyter&
728 1659 938 1699 Monachus,
960 1660 1224 1702 LegatusOrien·

345 1715 461 1749 talium
476 1710 732 1746 patriarcharum
748 1721 755 1740 :
780 1708 1023 1751 Pftudossllogus
1033 1709 1111 1740 illud
1126 1707 1226 1750 susur-

345 1769 448 1802 ravit,
479 1763 549 1804 que'a
576 1767 627 1803 qui
654 1761 759 1791 adorat
793 1762 976 1801 Imaginem,
1004 1757 1117 1787 dividit
1144 1757 1228 1789 cbri-

844 210 976 244 Etenim
999 208 1179 244 istiusmodi
1204 211 1263 246 Ca-

1082 73 1710 126 Drssnnrmic's

1330 172 1395 195 mus
1419 165 1561 196 Domine.
1588 162 1728 198 Perfistit
1741 163 1775 198 in
1799 161 1928 208 errore,
1950 176 2018 210 quo
2040 167 2138 203 vulta
2152 180 2203 206 ve-

1330 212 1404 246 teris
1426 212 1575 247 Ecclefiae
1596 213 1780 258 Disciplina
1799 216 1900 250 sacras
1912 215 2076 261 Imagines
2089 230 2125 253 ac
2138 219 2208 258 Re-,

1329 262 1443 306 liquias
1455 275 1522 297 non
1546 264 1683 298 fuissein
1704 265 1822 299 eodem
1835 266 1940 300 Altari
1961 268 2200 304 toleratas-cum

1327 313 1459 347 Divinis
1479 313 1649 357 Mysteriis
1667 313 1797 358 publice
1806 315 1959 359 expositis
1979 317 2021 350 ad
2033 317 2198 353 adoratio-

1324 373 1418 397 nem.
1447 359 1593 398 Rursum‘
1613 375 1695 399 errat
1718 366 1752 399 in
1777 365 1962 408 supposito.
1985 366 2119 407 Etenim
2142 370 2197 403 us-

703 413 795 460 Qid
818 410 874 444 sibi
900 410 1017 444 volunt
1040 410 1132 443 verba
1150 434 1160 448 ‚
1186 419 1257 442 tunc
1322 423 1384 454 que
1403 414 1444 448 ad
1469 413 1604 448 Urbani
1623 413 1685 449 IV.
1710 415 1850 455 Decreta
1877 415 2115 457 Sanitiffimum
2136 431 2200 463 pu·
2247 445 2249 452 ,

1321 461 1402 497 blice
1423 474 1489 498 non
1517 464 1762 507 exponebatur,
1790 465 1849 499 nisi
1869 465 1903 506 in
1927 467 2021 501 noste
2032 465 2199 504 Paschatis

1318 524 1355 545 ac
1377 512 1602 550 pentecostes.

1367 562 1470 598 Porro
1489 564 1579 606 quod
1603 565 1687 599 intra
1710 565 1804 598 suurn
1823 564 2092 602 Tabernaculum
2105 569 2197 611 super

1316 611 1431 646 Altare
1450 614 1602 649 existenti
1627 615 1822 649 sanstiffirno
1850 616 1960 659 paffim
1974 618 2140 652 adfuerint
2152 618 2197 652 sa-

1314 673 1373 696 crae
1391 662 1556 708 Imagines
1569 689 1580 706 ‚
1602 676 1658 699 aut
1677 665 1842 708 Reliquiae
1863 689 1874 705 ‚
1894 667 1939 700 est
1965 667 2066 712 longe
2089 668 2197 703 certis-

1313 711 1445 746 fimum.
1474 713 1607 748 Etenim
1629 716 1664 749 in
1689 715 1774 759 libro
1792 724 1904 749 contra
1922 715 2147 761 Vigilantium
2159 718 2190 752 S.

1313 762 1540 807 Hieronymus
1565 764 1674 799 laudat
1699 765 1798 798 Rom.
1817 765 2020 808 Pontificrs,
2041 769 2131 809 quod
2146 769 2195 802 su·

1312 823 1365 855 pra
1391 813 1582 857 Principum
1597 814 1746 858 Apostol.
1773 814 1921 859 Corpora
1945 817 2097 852 offerrent
2110 818 2193 852 Mis-

1312 863 1573 905 saeSacrificium,
1597 865 1628 899 ἀ
1641 866 1782 908 ipsorum
1793 865 1939 900 tumulos
1960 865 2117 902 haberent
2133 879 2191 910 pro

1310 910 1430 947 Christi
1445 914 1631 949 Altaribus.
1664 915 1825 961 Qaedam
1837 917 1918 951 olim
1934 915 2114 952 Gallicanae
2127 918 2191 952 Ec·
2219 927 2299 972 Cap,
2322 925 2353 976 '3

1307 961 1406 997 clefiae
1426 964 1679 999 sacro-sanctam
1700 964 1937 1001 Eucharistiam
1962 968 2055 1011 super
2071 968 2192 1002 Altari-

1309 1013 1366 1046 bus
1387 1014 1553 1057 ponebant
1573 1015 1608 1049 in
1630 1015 1832 1059 Imaginatio
1856 1017 1971 1051 ordine
1997 1042 2008 1059 ,
2026 1017 2079 1051 seu
2106 1018 2190 1053 inter

1306 1063 1415 1097 Sacras
1426 1063 1589 1108 Imagines
1600 1077 1611 1097 .·
1623 1064 1770 1099 Secunda
1782 1076 1891 1100 autem
1904 1066 2107 1102 Turonenfis
2118 1069 2180 1111 Sy-

1307 1113 1411 1147 nodus
1432 1113 1514 1148 istud
1528 1114 1662 1158 corrigit
1685 1115 1845 1150 mandans
1858 1116 1959 1159 ipsam
1985 1117 2064 1160 poni
2077 1118 2109 1151 in
2126 1118 2188 1162 AL,

1305 1165 1380 1197 raris
1400 1163 1509 1200 medio
1522 1188 1533 1204 ,
1554 1163 1610 1198 sub
1631 1164 1728 1198 titulo
1742 1163 1772 1198 S.
1788 1166 1903 1200 Crucis
1916 1191 1923 1198 .
1951 1167 2032 1201 Non
2046 1166 2180 1203 mandat

1303 1214 1418 1248 auferri
1442 1215 1605 1259 Imagines
1629 1227 1637 1246 :
1677 1214 1785 1248 Nullo
1808 1214 1910 1250 modo
1930 1240 1938 1248 .
1966 1216 2186 1253 Solummodd

1303 1264 1436 1298 mandat
1449 1262 1615 1298 Christum
1625 1264 1812 1298 Dominum
1826 1264 1982 1308 constitui
2000 1266 2034 1299 in
2048 1266 2126 1300 Ioco
2137 1267 2186 1301 di-

1301 1314 1455 1358 gnissimo
1467 1339 1475 1346 .
1496 1314 1587 1348 Abfit
1599 1325 1635 1348 ut
1649 1312 1817 1350 Christum
1831 1315 2019 1349 Dominum
2030 1316 2185 1359 spoliare,

1300 1375 1355 1399 aut
1372 1366 1513 1408 separare
1534 1364 1675 1399 voluerit
1696 1364 1715 1398 ὲ
1735 1366 1795 1400 suo
1818 1364 2008 1399 Sandiorum
2022 1366 2181 1401 exercitu.

1301 1416 1399 1449 Hanc
1422 1413 1583 1450 rationem
1610 1414 1641 1448 S.
1661 1414 1807 1457 Jomnes
1830 1415 2183 1459 Damascenuslaudat

1299 1466 1330 1497 in
1347 1466 1448 1508 prima
1473 1477 1511 1500 ac
1524 1464 1660 1498 secunda
1681 1465 1833 1499 oratione
1847 1476 1908 1508 pro
1919 1466 2014 1499 sacris
2024 1462 2185 1511 Imagini<

1299 1515 1374 1549 bus.
1404 1515 1446 1548 Et
1470 1516 1502 1548 in
1528 1515 1903 1559 Constantinopolitana
1928 1516 2060 1550 Mennae
2071 1515 2184 1550 Patri⁴

1297 1563 1397 1599 archae
1412 1564 1550 1606 synodo
1565 1563 1782 1600 Antiochenae
1793 1564 1949 1600 Civitatis
1964 1565 2181 1600 Archi-Man·

1296 1614 1386 1648 dritae
1400 1615 1490 1648 suurn
1505 1615 1529 1648 P
1539 1613 1875 1655 feudo-patriarcham
1887 1615 2039 1650 Severum
2052 1617 2182 1659 accusa·¹

1297 1674 1368 1698 runt
1381 1667 1480 1698 etiarn
1493 1665 1533 1698 de
1555 1662 1619 1699 hoc
1633 1666 1807 1700 Articulo:
1837 1669 1904 1699 Eas
1917 1690 1935 1708 ,
1947 1676 2014 1708 quae
2025 1671 2057 1699 in
2069 1669 2179 1709 Typum
2202 1661 2273 1698 Λᾶ.
2296 1663 2333 1712 ςζ

1294 1716 1322 1746 5.
1335 1716 1464 1754 Spiritus
1473 1712 1548 1755 sunt
1559 1737 1570 1752 ‚
1584 1725 1681 1746 aureae
1695 1738 1706 1753 ,
1722 1717 1757 1748 6*
1771 1725 1924 1759 argenteae
1935 1715 2096 1756 columbae,
2114 1713 2180 1759 sus-

1292 1761 1393 1805 pensae
1412 1766 1508 1804 supra
1527 1761 1626 1804 sacros
1633 1762 1738 1803 fontes
1755 1786 1765 1802 ,
1788 1766 1822 1796 (9
1845 1766 1965 1796 ,marla
1978 1777 2042 1797 cum
2052 1766 2123 1798 aliIs
2133 1767 2173 1799 de

338 1814 416 1856 stum
443 1818 476 1845 in
501 1813 580 1851 duo,
609 1812 642 1844 &
668 1816 719 1852 qu!
745 1809 828 1841 videt
841 1812 1011 1850 Imagines,
1038 1806 1072 1837 Θ
1093 1805 1168 1837 dicit
1181 1806 1232 1838 vel
1288 1810 1481 1851 fraudabat.
1511 1810 1693 1844 Pendentes
1714 1813 1805 1853 super
1818 1810 1945 1846 Altaria
1966 1814 2177 1848 coiumbaein

340 1861 552 1909 superscribit,
576 1860 662 1905 Quia
686 1859 739 1892 hic
761 1858 804 1891 est
819 1856 988 1897 Christus,
1010 1856 1126 1888 dividit
1138 1854 1229 1888 Chri·

338 1914 435 1955 stum.
465 1913 556 1956 ,Quod
581 1910 617 1950 est
638 1910 847 1949 stultissimum.
876 1906 953 1941 Hoc
967 1904 1036 1945 est,
1058 1906 1227 1938 reverenti·

345 1976 398 1998 am
422 1965 508 1997 suam
522 1961 638 1995 dividit
651 1972 687 1993 ac
705 1957 854 1993 distrahit
866 1955 1027 2002 partimin
1042 1953 1231 1997 Proto-Ty·

345 2026 413 2058 pon
429 2039 440 2055 ,
462 2012 578 2056 partim
601 2012 634 2044 in
659 2010 840 2054 Imaginem
863 2032 870 2039 .
902 2006 956 2041 Est
982 2015 1086 2039 unum
1114 2016 1156 2039 ex
1176 2017 1227 2039 ar-

342 2063 512 2110 gumentis
531 2086 542 2102 ,
579 2073 632 2104 per
653 2072 723 2103 quae
746 2057 971 2092 Icono-clastae
993 2055 1230 2099 circumscripti

345 2114 536 2149 ceciderunt
560 2112 592 2145 in
608 2110 691 2144 istud
712 2107 898 2144 barathrum
911 2132 919 2140 .
948 2107 1096 2140 Errorem
1108 2117 1146 2139 ex
1160 2106 1230 2139 Ma-

347 2177 416 2209 gno
431 2163 549 2196 Basilio
562 2161 732 2205 insigniter
751 2158 889 2193 revincit
913 2157 1063 2191 laudatus
1075 2157 1230 2199 joannes,

1296 1859 1488 1903 quibusdam
1503 1858 1654 1893 Eccleliis
1675 1857 1903 1907 custodiebant
1925 1860 2178 1906 Eucharistiam,

1295 1911 1327 1944 ὅ(
1339 1909 1492 1944 Sacrificii
1508 1918 1653 1952 tempore
1675 1919 1742 1942 non
1754 1907 2014 1953 deponebantur.
2044 1911 2088 1945 Et
2102 1911 2178 1947 istas

1297 1958 1653 1994 Archi-Mandritarutn
1678 1971 1784 2003 preces
1794 1959 2025 2003 comprobavit
2039 1955 2175 2007 septima

1297 2010 1467 2053 Synodus·
1495 2009 1549 2043 Ad
1574 2009 1713 2043 eandem
1732 2010 1904 2052 Synodum
1926 2009 1969 2044 de
1994 2011 2103 2054 Ezido
2125 2011 2181 2047 Sa·

1297 2071 1487 2095 racenorum
1510 2059 1661 2104 Principe
1688 2059 1773 2093 dixit
1796 2058 1944 2095 laudatus
1973 2060 2176 2096 Hiero-Mo-

1298 2110 1420 2144 nachus
1440 2110 1603 2152 Joannes:
1639 2115 1764 2145 Omnem
1786 2112 1980 2154 Imaginalem
1998 2110 2177 2153 pidarar'n,

1290 2160 1353 2199 five
1375 2166 1408 2193 in
1422 2160 1533 2193 tabulis
1546 2183 1556 2199 ,
1577 2158 1642 2202 five
1658 2168 1713 2201 per
1722 2157 1834 2202 mufiva
1856 2167 1891 2194 in
1911 2161 2082 2202 parietibus
2094 2160 2176 2202 ,five

347 2216 382 2247 ἃ.
403 2213 536 2247 tandem
558 2211 746 2245 concludit:
774 2210 857 2242 Unde
870 2210 903 2242 Ca·
929 2206 974 2240 bic
988 2209 1082 2239 Pater
1109 2206 1230 2246 ostendit
1296 2215 1329 2242 jn
1351 2209 1428 2250 vast}
1449 2212 1568 2249 sams,
1589 2211 1623 2243 ὠ·
1644 2209 1770 2249 vestibus
1796 2211 1963 2252 Altanum,
1990 2213 2177 2254 &quotquot

348 2275 406 2296 non
433 2265 509 2295 duas
537 2263 741 2300 adorationes,
763 2258 819 2302 sed
844 2270 933 2291 unam
957 2257 1007 2299 effe
1026 2258 1060 2289 (ι’
1086 2259 1229 2299 Imagim's

1296 2258 1462 2302 hujusmodi
1479 2265 1664 2301 reperiuntur
1677 2266 1709 2292 in
1737 2259 1845 2292 cunm:
1868 2259 2105 2302 Christianorum
2116 2265 2178 2295 Ec-

347 2315 382 2347 &
403 2312 604 2354 principalis,
632 2313 714 2349 cujus
740 2314 840 2351 Imago
866 2307 919 2347 est.
950 2307 1074 2340 Eodem
1101 2306 1229 2349 penitus
1294 2309 1405 2351 clesr'ts,
1421 2315 1619 2343 exterminare
1624 2310 1723 2351 jufflt.
1753 2309 1884 2353 Utique
1899 2311 1932 2344 in
1945 2310 2100 2348 omnibus
2117 2311 2177 2344 Ec-

347 2362 451 2395 modo
474 2362 507 2394 &
530 2360 717 2393 sacrosancti
737 2356 958 2396 sacramenti,
978 2357 1226 2390 &circumstan-

347 2414 432 2446 tium
457 2408 645 2454 Imaginum
672 2419 708 2441 ac
731 2406 957 2450 Reliquiarum
981 2416 1045 2438 una
1079 2404 1122 2437 est
1153 2406 1247 2472 ado-¹

347 2463 432 2496 ratio
446 2485 457 2501 ,
483 2471 546 2494 una
568 2458 672 2504 gloria
686 2482 696 2498 ,
714 2467 798 2490 unus
811 2455 935 2489 honor.
965 2455 1151 2498 Quomodo
1162 2454 1227 2488 Dei

348 2524 387 2545 ac
413 2510 552 2552 proximi
578 2509 674 2542 unica
696 2506 740 2540 est
762 2505 894 2540 dilestio
920 2529 927 2536 .
964 2505 1058 2537 Hinc
1081 2503 1226 2537 Romani

334 2559 491 2594 'Missalis
511 2557 663 2593 Rubricae
687 2556 784 2591 etiam
808 2556 840 2589 in
868 2555 929 2588 isso
954 2554 1083 2593 Aluti,
1106 2553 1140 2587 in
1161 2565 1227 2596 quo

346 2610 391 2645 cst
418 2611 606 2643 sacrosansti
630 2606 827 2641 Sacramenti
849 2604 1116 2639 Tabernaculum
1139 2627 1150 2643 ,
1173 2602 1226 2638 ad-

345 2661 486 2695 mittunt
510 2659 688 2692 sanctorum
714 2656 886 2699 Reliquias
905 2666 943 2689 ac
973 2653 1134 2698 Imagines
1156 2678 1167 2693 ‚
1192 2654 1225 2688 &

345 2708 506 2745 mandant
527 2708 609 2750 ipsas
632 2707 833 2750 singulariter
853 2704 1012 2743 incensari
1032 2729 1039 2736 .
1078 2704 1120 2737 Et
1143 2702 1226 2737 Bar-

345 2758 540 2796 tholomeus
558 2757 729 2790 Gavantus
750 2756 931 2790 reverentiae
954 2755 1046 2788 istius
1069 2753 1166 2787 ritum
1179 2765 1225 2788 re-

345 2810 394 2844 cte
413 2808 530 2844 fundat
555 2808 588 2841 in
612 2806 745 2840 laudato
779 2817 833 2848 per
854 2804 1085 2839 Venerabilem
1106 2804 1226 2838 Hiero-

343 2851 550 2894 Monachum
575 2857 733 2900 Joannem
756 2855 946 2889 testimonio
967 2854 1084 2898 Magni
1101 2854 1224 2888 Bafilii.

395 2907 606 2943 Adversarius
627 2906 771 2948 Scriptor
793 2906 1011 2947 prosequitur:
1037 2905 1145 2937 Fluxit
1159 2915 1223 2946 quo-

343 2970 399 3002 que
422 2971 459 2993 ex
483 2960 580 2992 eodem
601 2962 697 2990 veteri
720 2954 852 2995 Ecclesiae
874 2954 1003 2994 instituto
1025 2955 1058 2987 (ν
1081 2953 1223 2997 exsacra-

343 3021 411 3042 rum
425 3014 662 3042 ceremoniarum
673 3005 866 3050 observantia
879 3030 889 3046 ‚
899 3006 977 3047 quod
991 3003 1156 3046 sanc‘lorum
1168 3008 1223 3037 Re·
1237 3000 1241 3073 Ι

342 3060 467 3101 liquiae‚
492 3058 529 3090 ab
553 3057 704 3090 Altaribus
717 3066 835 3089 remoeae
845 3057 896 3088 vel
916 3052 1059 3096 absconsa·
1073 3078 1083 3094 ,
1104 3053 1240 3101 honorif:

330 3113 493 3149 ‘accipiunt
513 3108 590 3140 nihil
612 3117 679 3139 tunc
696 3132 706 3146 ‚
731 3107 849 3148 quando
868 3109 900 3138 in
921 3110 959 3136 iis
982 3102 1045 3146 ads
1042 3113 1095 3135 unt
1107 3106 1222 3137 Divina
1238 3109 1239 3113 ’

344 3158 489 3199 mysteria.
525 3161 569 3189 Et
583 3156 613 3197 fi
624 3157 707 3198 forte³
726 3163 877 3198 contingat
902 3166 937 3188 ex
960 3155 1224 3193 incurla‚⁴velad

343 3217 502 3247 ornatum,
524 3207 574 3240 vel
591 3217 628 3238 ex
650 3208 711 3239 alia
725 3205 814 3246 fimilz
834 3204 925 3249 causa
945 3202 1105 3246 conspicias
1129 3205 1222 3247 adeffe
1238 3235 1240 3251 Ἴ.

345 3258 464 3301 aliquas
477 3257 651 3299 Reliquicts,
672 3257 781 3288 licitum
804 3254 908 3295 nonest
922 3279 933 3293 ,
954 3251 1104 3297 incensato
1120 3253 1222 3296 supre-

344 3320 391 3341 mo
411 3312 553 3347 Domino,
574 3305 652 3352 ⁵Pst1,
667 3307 797 3346 aliquam
822 3303 1050 3347 incensationem
1071 3303 1215 3337 adbiberi.

345 3361 439 3391 Immo
461 3357 615 3400 nequidem
636 3359 761 3401 Imagini
784 3355 869 3397 ipfiur
885 3380 895 3395 ,
909 3353 1021 3395 fiadst‘t
1034 3378 1045 3394 ,
1058 3355 1221 3395 Crucifixi,
1237 3388 1240 3403 ÷

344 3408 414 3454 §icet
434 3407 470 3441 de
489 3418 521 3442 eo
538 3413 628 3443 canat
649 3403 774 3447 Ecclesia
797 3419 805 3438 :
841 3408 937 3440 Tuam
961 3408 1086 3439 Crucem
1116 3404 1242 3446 adora-l

1293 2360 1395 2394 clefiis
1419 2359 1464 2392 sui
1490 2359 1622 2404 Regni.
1650 2360 1692 2393 Et
1713 2359 1747 2392 in
1770 2360 1924 2402 responso
1949 2360 1990 2393 ad
2003 2362 2176 2403 praefatum

1295 2410 1507 2444 Constantini
1531 2409 1694 2443 Caballini
1707 2407 1990 2442 Conventiculum
2005 2408 2124 2452 scripsit
2139 2410 2170 2442 S.

1292 2458 1474 2501 Stephanus
1495 2457 1605 2491 Abbas
1626 2458 1659 2491 in
1670 2467 1783 2491 monte
1804 2458 1837 2490 S.
1862 2453 2047 2492 Auxentii:
2070 2459 2176 2492 Sed&

1293 2513 1324 2540 in
1338 2506 1436 2550 sacris
1457 2506 1582 2546 vestibus
1599 2509 1633 2541 (τ
1656 2508 1791 2540 Cimeliis
1806 2511 1957 2551 Imagines
1989 2509 2009 2540 ἆ
2030 2508 2055 2539 5.
2067 2510 2177 2540 Patri-

1293 2557 1347 2590 bus
1374 2556 1604 2600 dipingebamur
1622 2579 1633 2596 ,
1654 2554 1805 2597 &inipsr's
1836 2562 1995 2590 incruenta
2016 2558 2173 2600 sacrificia

1290 2606 1477 2640 celebrabant
1500 2631 1508 2638 .
1545 2607 1649 2653 Sacris
1675 2606 1792 2640 nostris
1815 2605 1985 2641 Calicibus
2005 2607 2174 2650 insculptae

1291 2656 1456 2701 Imagines
1478 2656 1551 2690 sunt
1572 2654 1656 2690 adeo
1679 2655 1837 2700 antiquae,
1860 2666 1898 2691 ut
1921 2658 2003 2701 ipsas
2026 2657 2060 2690 in
2082 2657 2171 2692 libro

1289 2707 1329 2740 de
1354 2705 1510 2750 pudicitia
1533 2706 1641 2740 laudet
1664 2705 1888 2740 Tertullianus
1904 2729 1913 2738 .
1954 2706 2008 2741 Ad
2030 2708 2174 2753 confun-

1289 2756 1415 2790 dendos
1437 2756 1654 2798 Iconoclastas
1685 2756 1872 2790 Graecorum
1915 2755 2084 2800 Episcopis
2107 2757 2172 2799 suis

1288 2808 1388 2840 etiam
1411 2805 1652 2849 Epimanichiis
1664 2828 1675 2844 ,
1696 2807 1788 2840 sacrae
1802 2804 2107 2841 Eucharistiaeintra
2119 2801 2171 2840 Si.

1286 2857 1447 2890 crificium
1471 2855 1672 2890 viciniffimis
1697 2865 1843 2891 attexere
1865 2866 2034 2900 coeperunt
2061 2857 2170 2891 sacras

1289 2907 1471 2951 Imagines,
1497 2906 1608 2949 utique
1622 2904 1690 2948 post
1702 2906 1869 2949 septimam
1884 2906 2055 2949 Synodum
2067 2928 2077 2938 .
2100 2904 2173 2940 Ad-

1286 2956 1360 2989 duci
1374 2956 1502 2999 possunt
1517 2955 1578 2989 alia
1591 2955 1793 3000 plurima‚ex
1803 2956 1919 3000 quibus
1930 2956 2055 2996 luceat,
2079 2950 2171 2999 quo‘d

1285 3007 1419 3050 antiqua
1445 3006 1593 3040 Ecclefiae
1612 3003 1783 3048 disciplina
1809 3007 1902 3041 nullo
1923 3007 2017 3049 pasto
2029 3005 2168 3049 voluerit

1285 3057 1515 3090 sacrosanctam
1542 3055 1776 3090 Eucharistiam
1800 3058 1862 3091 effe
1881 3055 1914 3090 in
1941 3054 2047 3088 Altari
2062 3055 2164 3090 solam

1285 3107 1352 3140 fine
1377 3107 1470 3139 sacris
1493 3105 1680 3149 Reliquiis,
1699 3115 1755 3139 aut
1777 3103 1979 3150 Imaginibus
2002 3129 2010 3137 .
2038 3105 2082 3138 Et
2107 3104 2168 3140 ho-

1284 3156 1402 3190 diernae
1424 3180 1435 3195 ‚
1467 3167 1534 3199 quae
1555 3155 1639 3190 certe
1663 3166 1731 3189 non
1756 3157 1830 3190 sunt
1852 3164 1944 3188 novae
1964 3178 1977 3195 ‚
2015 3154 2165 3190 Romani

1283 3204 1422 3240 Miffalis
1443 3205 1595 3240 Rubricae
1615 3206 1697 3249 ipsas
1718 3203 1832 3240 diserte
1853 3204 2046 3248 admittunt.

1333 3255 1482 3299 Antiqua
1507 3255 1639 3297 Pagrum
1661 3254 1833 3297 disciplina
1855 3254 1996 3298 idipsum
2019 3253 2160 3289 omnino

1282 3307 1406 3340 censuit
1427 3305 1468 3339 de
1488 3304 1618 3348 publice
1628 3304 1668 3338 ad
1680 3304 1904 3338 adorationem
1925 3305 2071 3348 exposito
2085 3306 2165 3339 San·

1283 3356 1434 3390 stimmo.
1463 3355 1571 3389 Etiam
1583 3353 1759 3388 Gallicanae
1781 3354 1928 3388 Ecclefiae
1942 3378 1954 3394 ,
1974 3365 2043 3397 quae
2054 3354 2160 3397 ipsum

1282 3404 1542 3454 aut-imaginario
1563 3402 1699 3447 ordine,
1720 3413 1776 3440 aut
1797 3404 1833 3439 in
1842 3404 1960 3440 altario
1983 3403 2093 3487 mffdgo
2104 3415 2159 3439 cu-

2036 3463 2056 3488 0
2082 3464 2122 3487 le·
