2366 3736
189 309 247 354 Ep.
260 308 289 347 8.

157 1996 260 2031 Tom.
275 1993 308 2036 8.

400 147 465 195 82

361 236 487 270 sancius
515 237 739 280 Hieronymus
760 232 800 269 ad
821 235 948 271 Sacram
973 234 1147 282 Virginem
1170 241 1234 274 De-

361 286 552 322 metriadem
567 301 574 319 :
606 289 701 321 Solent
711 284 811 327 miseri
828 295 973 332 parentes
987 311 997 326 ,
1024 290 1058 321 (a
1071 300 1128 321 non
1134 291 1233 330 plenae

357 335 432 379 fidei
446 337 626 377 Christiani,
653 335 797 377 deformes
810 336 851 372 of
863 337 960 379 aliquo
980 336 1104 371 membro
1123 339 1231 373 debiles

354 386 460 431 filias,
487 391 556 430 quia
566 388 671 430 dignos
677 396 805 433 generos
822 398 879 420 non
901 392 1080 426 inveniunt,
1106 394 1231 432 virgini-

358 442 418 470 tati
440 437 570 474 tradere.
605 438 696 469 Certe
721 443 770 480 qui
791 434 964 481 religiofhres
976 435 1031 478 fibi
1053 439 1192 472 videntur
1220 464 1230 479 ,

352 492 454 529 parvo
464 483 585 528 sumptu
596 509 607 526 ‚
632 487 666 522 (at
677 491 728 527 qui
740 493 795 520 vix
806 490 849 520 ad
860 489 1002 520 alimenta
1008 485 1134 529 sufficiat
1146 513 1156 529 ‚
1169 494 1231 522 vir·

350 535 473 582 ginibus
485 536 556 568 dato
566 560 576 576 ,
603 547 716 569 omnem
727 535 842 580 censum
850 542 883 569 in
894 545 1015 578 utroque
1019 536 1111 579 sexus
1131 537 1229 581 saecu-

354 585 469 619 laribus
479 585 579 623 liberis
595 588 765 632 largiuntur
778 611 785 619 .
812 587 911 620 Hanc
933 586 1142 631 irreligiosam
1165 589 1227 623 sor·

352 634 469 678 ditiem
481 637 582 671 nostri
600 637 786 681 piemiffimi
803 636 975 680 Belgarum
995 635 1159 681 Principes
1172 637 1225 671 ab·

350 685 388 719 fit
400 696 435 719 ut
446 686 609 733 probent,
635 697 690 721 aut
704 687 758 731 ipsi
771 686 848 721 dent
861 685 926 720 ulla
946 686 1094 720 fomenta
1108 712 1115 718 .
1143 688 1223 721 Om-

350 735 432 776 nia,
460 748 530 779 quae
542 737 739 782 Regularem
754 737 854 770 vitam
877 736 1062 778 professuris
1084 748 1122 770 ac
1144 737 1225 780 ipso-

348 796 422 822 rum
435 786 602 822 Coenobiis
613 788 692 821 dant
704 786 852 830 Leges&
876 785 1050 826 canones,
1076 786 1143 829 jura
1169 798 1224 821 vo-

347 835 424 870 lunt
435 837 520 871 salva
544 839 577 875 &
599 837 745 880 integra,
770 834 953 869 dummodo
975 836 1135 871 salventur
1157 837 1222 871 fine

335 883 471 932 'damno
489 887 709 931 Reipublicae‚
735 884 787 921 cui
802 896 869 919 non
881 885 1035 929 expedit,
1062 897 1099 920 ut
1121 886 1220 920 nimia

346 936 525 971 fundorum
537 939 633 971 maiia
645 935 837 970 devolvatur
847 936 885 969 ad
902 936 1056 970 Ecclefias
1078 948 1133 971 aut
1145 936 1218 970 Mo-

344 987 481 1022 nasteria
501 1014 508 1020 .
550 986 637 1019 Cum
660 984 857 1029 Imperatore
879 985 1064 1029 Justiniano
1092 987 1220 1030 penitus

343 1037 484 1078 nolunt,
511 1044 545 1069 ut
566 1036 639 1077 quis
659 1034 704 1069 ob
725 1035 947 1072 Monasticam
971 1036 1216 1071 sanctimoniam

342 1085 558 1123 exhaeredetur
569 1108 576 1116 .
602 1085 696 1120 Hinc
709 1086 807 1132 distas
817 1085 1043 1130 stipulationes
1055 1087 1192 1130 probant
1204 1111 1214 1126 ,

340 1133 509 1169 stabiliunt
531 1146 569 1169 ac
582 1135 714 1171 defendi
729 1135 932 1171 mandantin
958 1137 1022 1170 suis
1041 1136 1216 1170 tribunali-

341 1184 417 1223 bus.
447 1185 489 1218 Et
504 1185 593 1223 nulla
616 1184 671 1220 hic
683 1186 878 1220 Simoniacae
888 1186 980 1230 lepra:
995 1195 1123 1228 apparet
1145 1187 1215 1228 spe-

339 1237 421 1269 cies.
451 1235 524 1270 Nec
537 1236 625 1269 enim
643 1235 685 1271 de
706 1235 922 1278 profeffione‚
949 1245 1005 1269 aut
1029 1235 1069 1268 ad
1089 1235 1212 1269 Mona-

338 1285 472 1321 sterium
487 1285 537 1319 vel
550 1284 614 1329 ejus
626 1285 800 1328 spiritualia
813 1284 879 1327 jura
894 1285 928 1321 δε
952 1284 1082 1320 vincula
1102 1285 1209 1318 admis

338 1335 462 1368 fionem
475 1335 512 1370 fit
541 1334 707 1379 stipulatio
720 1359 730 1375 ‚
758 1334 812 1371 sed
830 1334 872 1370 de
882 1335 957 1371 solis
977 1335 1212 1379 temporalibus

337 1384 461 1431 juribus
474 1383 668 1420 Monasterii
681 1411 689 1419 .

390 1435 435 1471 Et
458 1433 641 1477 hujusmodi
664 1435 889 1480 stipulationes
901 1437 976 1470 sunt
996 1435 1081 1479 apud
1103 1434 1211 1470 Eccle-

337 1486 415 1521 fiam
428 1485 672 1531 antiquiffimae.
699 1487 832 1531 Insigne
843 1486 909 1529 ejus
920 1486 1107 1529 exemplum
1119 1483 1211 1519 habe-

336 1536 435 1570 musa
450 1535 626 1572 venerabili
640 1535 784 1570 Geraldo
809 1535 996 1570 Caturcenfi
1019 1534 1182 1579 Episcopo
1200 1558 1211 1575 ‚

336 1586 394 1630 qui
407 1585 464 1619 sub
478 1585 611 1620 Urbani
624 1586 664 1619 11.
679 1586 878 1620 Pontificatu
894 1586 984 1620 istam
999 1585 1083 1620 rexit
1096 1585 1211 1619 Eccle-

336 1637 435 1676 fiam,
462 1636 495 1669 &
521 1637 593 1670 suos
618 1634 828 1670 Cathedrales
850 1636 998 1671 Clericos
1019 1635 1146 1669 reduxit
1169 1634 1210 1669 ad

335 1685 515 1730 regularem
540 1687 572 1719 in
597 1686 733 1721 claustra
757 1687 878 1720 vitam.
906 1685 1070 1728 Interejus
1103 1684 1213 1719 Eccle-

334 1736 457 1782 fiam&
480 1735 635 1771 illustrem
657 1736 763 1769 virum
781 1736 1000 1770 Gansbertum
1029 1735 1210 1770 Deltalium

333 1785 377 1819 de
389 1785 508 1818 Castro
522 1784 624 1819 Novo
636 1785 712 1819 dura
725 1785 786 1820 fuit
796 1786 929 1829 quaestio
951 1784 992 1820 de
1014 1785 1209 1829 quibusdam

339 1834 452 1869 fundis
463 1845 499 1868 ac
512 1835 649 1878 juribus.
679 1834 975 1870 Esttandeminita
999 1836 1172 1870 transactio
1202 1859 1212 1875 ‚

338 1895 380 1918 ex
403 1884 492 1927 cuius
514 1885 599 1929 apud
622 1885 762 1919 Domini
787 1885 883 1920 Lucae
906 1883 1060 1920 Dacherii
1082 1885 1211 1929 Spicile·

339 1936 431 1980 gium
443 1936 800 1970 extanteinstrumento
814 1936 959 1979 quaedam
981 1935 1130 1969 adduco:
1158 1935 1212 1976 Est

339 1986 440 2032 taliter
454 1984 618 2030 hujusmodi
628 1985 778 2029 discufflim
792 1991 954 2030 negotium.
984 1986 1074 2018 Prius
1103 1984 1213 2026 dimisit

331 2031 501 2080 'praedurus
515 2037 703 2070 Gansbertus
715 2037 867 2078 quidquid
875 2041 907 2067 in
918 2035 1022 2069 bonore
1044 2034 1213 2068 sanffuarn

339 2085 426 2126 nostri
433 2085 510 2127 juste*
522 2087 574 2120 vel
580 2086 684 2133 injuste
697 2109 706 2124 ,
712 2083 773 2126 lt've
783 2087 882 2128 aliquo
894 2091 1008 2130 ingenio
1018 2087 1070 2118 vel
1078 2096 1212 2127 quacum-

339 2147 394 2178 que
405 2138 565 2169 calliditate
575 2145 708 2177 expetere
716 2136 861 2178 potuiffet.
874 2136 973 2174 Postea
984 2137 1054 2168 vero
1065 2134 1152 2176 quasi
1159 2143 1215 2176 pro

333 2185 505 2226 ‚obedientia
514 2188 782 2218 commendavimus
795 2191 820 2216 ei
829 2193 1001 2217 exteriorem
1024 2182 1157 2215 bonorem
1170 2185 1213 2215 5e-

339 2238 476 2269 cretariae
498 2233 601 2274 nostrae
617 2258 627 2274 ‚
654 2239 755 2267 nimiis
765 2233 898 2275 precibus
922 2234 1040 2265 Domini
1061 2231 1214 2274 Pontificis

339 2284 482 2327 obstr-131,
513 2289 647 2326 exceptis
681 2283 813 2325 Ecclefiis
826 2284 859 2317 Θ
871 2284 990 2316 decimis
1002 2307 1012 2323 ‚
1038 2283 1072 2316 (a
1091 2291 1214 2323 excepta

331 2343 446 2383 aturre,
470 2346 538 2375 quae
552 2339 582 2366 in
591 2332 735 2377 superiori
751 2342 840 2375 parte
861 2338 1010 2367 Civitatis
1034 2331 1136 2372 nostrae
1155 2329 1213 2372 fita

341 2382 402 2423 est,
427 2393 492 2415 cum
524 2384 660 2425 appositis
694 2383 848 2424 domibus,
875 2385 908 2416 ὦ·
922 2382 1034 2424 furno,
1061 2381 1112 2415 boe
1135 2390 1209 2414 teno-

341 2445 375 2468 re
386 2442 487 2466 tamen
500 2435 532 2466 (ἓν
546 2438 753 2467 convenientia
767 2457 777 2473 ‚
803 2441 836 2466 ut
850 2434 899 2465 det
911 2432 992 2465 nobis
1011 2431 1108 2473 filium
1127 2429 1212 2474 suum

343 2482 632 2522 unicumeduobus,
659 2494 727 2524 quos
736 2483 824 2524 prius
845 2482 891 2515 illi
906 2487 1008 2525 genuit
1031 2492 1104 2514 uxor
1121 2479 1178 2523 sua
1203 2503 1213 2519 ‚

343 2542 378 2567 ut
399 2531 452 2573 fiat
479 2532 822 2576 canonicus-Regularis
838 2536 872 2563 in
885 2531 980 2570 nostra
1001 2530 1146 2571 Ecclesia,
1176 2533 1210 2564 &³

331 2578 409 2616 ¹cum
420 2593 451 2615 eo
472 2583 620 2624 relinquat
632 2581 713 2615 nobis
727 2593 791 2614 cum
802 2587 880 2614 omni
889 2589 963 2622 pace
973 2589 1063 2614 totum
1077 2580 1211 2613 bonorem

332 2633 537 2675 'pertinentem
557 2633 603 2670 ad
622 2635 813 2665 secretariam
825 2630 951 2670 nostram
963 2656 973 2671 ‚
998 2636 1029 2663 in
1039 2639 1212 2672 perpetuum

331 2676 539 2725 spqffidendum
554 2692 617 2715 cum
637 2687 793 2723 omnipace
812 2683 845 2714 (5
865 2681 1016 2714 dilec‘lione
1039 2687 1209 2726 nominatus

342 2731 529 2766 Gansbertus
556 2757 562 2765 .
590 2736 664 2764 Fiat
677 2734 748 2765 vero
758 2731 1018 2772 conceffio&pueri
1038 2732 1072 2764 ό·
1095 2729 1209 2763 honoris

338 2781 481 2825 usquead
489 2783 681 2824 expletionem
703 2781 800 2814 decem
812 2792 975 2820 annorum,
1001 2786 1045 2813 ita
1065 2789 1166 2813 tamen
1176 2790 1209 2813 ut

336 2843 371 2871 *eo
381 2835 428 2865 die
438 2857 448 2873 ,
474 2844 530 2875 quo
538 2841 614 2874 puer
626 2832 833 2864 Canonicalem
844 2831 975 2863 induerit
988 2829 1122 2862 habitum
1134 2855 1142 2869 ‚
1165 2831 1204 2862 di-

339 2888 446 2914 mittat
457 2882 537 2915 nobis
551 2890 641 2915 totum
652 2883 767 2914 omnino
779 2880 914 2913 honorem
932 2881 978 2912 ad
997 2879 1205 2912 sanc‘luarrum

335 2938 558 2973 pertinentem,
583 2935 617 2966 (9
639 2933 749 2973 adjus
772 2929 905 2971 Ecclefiae
926 2928 1047 2969 nostrae,
1075 2929 1205 2961 ubicum—

338 2990 395 3021 que
406 2986 545 3014 inventus
550 2976 647 3024 fueris
657 3007 667 3022 ‚
694 2984 727 3016 Θ
740 2980 822 3023 infra
832 2985 988 3013 terminum
1000 2980 1095 3011 decem
1116 2991 1205 3011 anno-

337 3040 404 3063 rum
414 3028 584 3073 disposuerit
609 3032 690 3064 nobis
716 3031 834 3063 tradere
855 3029 1003 3070 infantem
1019 3053 1026 3059 .
1053 3030 1084 3060 Si
1107 3038 1204 3061 autem

333 3075 391 3124 *inec
401 3080 525 3120 expletis
537 3081 631 3113 decem
643 3086 734 3114 annis
747 3105 758 3121 ,
785 3081 886 3122 aliqua
908 3077 1029 3120 confisus
1053 3079 1201 3110 callidita-

336 3135 367 3161 te
380 3152 391 3168 ,
419 3129 540 3162 noluerit
552 3130 632 3162 nobis
645 3132 766 3163 tradere
775 3129 871 3171 fillum
882 3152 892 3168 ,
917 3138 950 3162 ut
963 3132 1130 3161 eanonicus
1146 3127 1203 3169 fiat

333 3175 514 3222 Regulam,
535 3178 606 3219 ficut
623 3178 745 3220 paaeum
769 3178 805 3218 est
820 3203 830 3218 ,
856 3178 988 3211 bonorem
1009 3187 1109 3210 tamen
1136 3177 1203 3210 libe-

331 3223 403 3274 rum
412 3227 474 3270 fine
484 3233 563 3261 omni
581 3230 780 3270 inquietudine
791 3252 801 3268 ‚
821 3227 883 3269 five
904 3239 969 3262 cum
975 3226 1036 3269 filio
1050 3251 1060 3267 ,
1092 3225 1154 3268 five
1166 3226 1201 3267 fi-

335 3289 373 3311 ne
387 3278 468 3320 filio,
495 3277 687 3325 consummato
695 3279 818 3311 termino
829 3284 860 3310 in
867 3287 941 3320 pace
954 3277 1035 3310 nobis
1044 3278 1200 3318 relinquet·

334 3326 445 3363 Verba
457 3329 531 3362 sunt
544 3328 734 3361 lucidiffima
747 3352 754 3360 .
782 3327 1006 3361 Geraldusille
1026 3327 1089 3361 fuit
1113 3327 1202 3359 Sum—

333 3387 407 3412 mus
429 3376 624 3421 Episcopus.
650 3376 723 3410 Nec
746 3376 812 3418 ipse
833 3377 939 3417 solus,
965 3376 1018 3411 sed
1042 3377 1075 3411 &
1096 3377 1202 3409 omnis

332 3426 402 3469 ejus
413 3427 551 3462 Ecclefia
562 3425 629 3461 haec
654 3425 778 3471 pepigit
791 3449 798 3456 .
825 3427 909 3473 Qis
928 3427 1094 3470 praesumat
1114 3425 1199 3460 dam·

332 3478 434 3514 aare?
459 3479 511 3513 Ex
522 3476 572 3513 his
583 3478 684 3514 etiam
700 3475 790 3511 vides
809 3472 895 3513 hanc
913 3476 1120 3523 complexam
1142 3487 1196 3511 vo·

1012 146 1652 214 Dissuta-Ario

1297 250 1366 273 cem
1380 263 1391 280 ,
1417 244 1590 274 canonicus·
1600 238 1756 282 Regularis
1770 260 1781 277 ,
1808 245 1876 271 non
1886 238 1949 273 effe
1964 236 2145 274 hesternam
2157 261 2164 270 .

1343 289 1447 331 Elapsi
1477 290 1579 322 saecuii
1600 299 1704 323 annus
1733 287 1904 331 vigesimus
1926 289 2087 324 secundus
2105 287 2166 321 fuit

1295 338 1474 374 Catholicae
1498 339 1642 372 Ecclefiae
1666 337 1901 371 infeliciffimus
1918 361 1925 369 .
1975 338 2166 373 Turcorum

1293 387 1467 432 Imperator
1489 388 1699 422 Solimannus
1722 386 1887 421 arfflffime
1920 385 2071 431 cingebat
2092 414 2103 430 ,
2130 389 2165 421 &

1293 439 1422 472 tandem
1435 440 1533 481 coepit
1548 437 1703 471 Rhodum
1719 463 1729 478 ,
1755 436 1971 480 Metropolim
1984 437 2165 473 Provinciae

1292 489 1484 524 lnsularum.
1515 488 1679 521 Martinus
1694 487 1859 521 Lutherus
1881 486 2096 522 invalescebat
2110 499 2165 530 per

1291 549 1423 573 omnem
1436 539 1648 573 Germaniam
1662 562 1672 577 ‚
1697 548 1735 571 ac
1746 538 1854 571 omnis
1867 533 1930 571 fere
1959 536 2088 580 Europa
2111 537 2163 570 fla-

1290 587 1402 632 grabat
1424 587 1585 621 intestinis
1595 586 1704 620 bellis.
1734 587 1827 620 Hinc
1839 587 1986 630 optimus
2008 586 2164 629 Princeps

1291 637 1535 680 Ferdinandus,
1576 637 1782 679 Imperatoris
1807 637 1921 670 Caroli
1948 637 2070 684 Qinti
2096 648 2164 680 ger-

1291 699 1404 722 manus
1414 687 1509 721 frater
1521 712 1531 727 ,
1558 698 1594 720 ac
1608 684 1740 730 Imperii
1754 685 1905 720 Vicarius
1918 711 1929 727 ,
1955 697 2071 720 ornnes
2085 688 2163 719 Ger·

1291 749 1460 772 manorum
1475 738 1653 782 Episcopos
1665 737 1695 770 &
1709 736 1861 770 Proceres
1872 737 2067 770 convocavit
2092 737 2161 770 Nu—

1290 788 1487 832 rembergam
1501 811 1512 827 ‚
1548 787 1789 822 consultaturus
1811 786 1852 820 de
1873 787 2038 820 remediis.
2067 785 2162 830 Opti-

1289 850 1360 872 mus
1373 837 1528 871 Pontifex
1542 837 1707 871 Adrianus
1717 836 1780 871 Vl.
1803 836 1841 869 ad
1854 835 1995 870 eundem
2009 836 2162 870 Conven-

1287 897 1355 921 tum
1369 888 1487 932 legavit
1499 886 1661 921 eruditum
1675 888 1780 920 virum
1806 886 2015 920 Franciscum
2041 884 2161 919 Chere·

1285 949 1417 982 gatum,
1448 937 1618 981 Aprutinae
1630 937 1778 970 Ecclefiae
1793 936 1938 970 medium
1953 960 1963 975 ‚
1994 934 2161 978 postulans

1286 988 1369 1022 varia
1383 1012 1393 1028 ‚
1419 998 1557 1029 quorum
1569 986 1709 1031 palmare
1732 997 1828 1029 caput
1840 995 1907 1020 erat
1930 985 2100 1029 suppressio
2121 997 2159 1019 ac

1283 1038 1443 1072 extinffio
1488 1037 1639 1071 factionis
1678 1035 1890 1070 Lutheranae.
1918 1036 2028 1078 Hujus
2064 1047 2158 1069 exor-

1283 1087 1375 1121 dium
1390 1087 1452 1123 fuit
1474 1086 1699 1121 Ecclefiasticae
1711 1086 1890 1129 disciplinae
1902 1086 2120 1129 praevaricatio
2147 1109 2159 1125 ‚

1281 1137 1478 1171 &libertina
1494 1137 1583 1171 Cleri
1599 1137 1664 1170 vita
1675 1161 1682 1168 .
1708 1136 1805 1170 Istam
1820 1136 1914 1178 hujus
1939 1147 2068 1178 poenam
2082 1135 2099 1168 ὲ
2111 1135 2160 1169 ‹ii-

1283 1187 1354 1220 vina
1366 1187 1487 1230 justitia
1509 1187 1714 1231 irrogandam
1727 1185 1791 1228 jam
1804 1185 1884 1220 olim
1897 1185 2080 1220 Bafileensrs
2101 1185 2159 1227 Sy-

1283 1236 1360 1270 nodi
1378 1247 1522 1280 tempore
1547 1237 1755 1280 praedixerat,
1785 1238 1818 1270 ὃς
1839 1236 1879 1269 ad
1902 1237 2067 1283 Qartum
2093 1235 2158 1268 Eu·

1278 1287 1413 1330 genium
1430 1287 1593 1330 scripserat
1614 1296 1752 1329 magnus
1774 1285 1829 1318 ille
1850 1285 2035 1319 Cardinalis
2057 1284 2160 1329 Julia-

1280 1348 1340 1370 nus
1362 1335 1562 1370 Caesarinus.
1588 1335 1682 1368 Hinc
1693 1335 1795 1368 dietus
1807 1334 2004 1368 Conventus
2023 1333 2156 1368 laudato

1277 1387 1431 1431 Legato,
1457 1397 1494 1419 ac
1508 1396 1561 1429 per
1586 1386 1691 1427 ipsum
1715 1385 1851 1418 Summo
1874 1383 2060 1423 Pontifici,
2087 1384 2158 1417 vice

1278 1437 1364 1470 versa
1387 1434 1553 1480 proposuit
1574 1445 1707 1468 centum
1731 1433 1942 1478 gravamina,
1982 1445 2053 1475 quae
2076 1434 2157 1468 Ger-

1277 1487 1386 1520 mania
1409 1486 1524 1528 partim
1540 1484 1557 1517 a
1580 1485 1732 1518 Romana
1774 1483 1914 1517 Ecclesia
1934 1508 1944 1524 ‚
1972 1482 2087 1524 partim
2114 1482 2155 1517 ab

1276 1535 1370 1569 omni
1393 1535 1476 1569 statu
1490 1532 1714 1567 Ecclesiastico
1730 1532 1928 1572 sustinebat,
1956 1533 1990 1566 ὅ(
2015 1532 2156 1576 postula-

1277 1586 1324 1619 vit
1346 1584 1489 1629 corrigi.
1517 1583 1724 1618 Postremum
1761 1593 1936 1627 gravamen
1964 1583 2027 1616 fuit
2055 1582 2119 1616 hoc
2143 1594 2152 1614 :

1276 1633 1435 1678 Utriusque
1446 1633 1532 1677 sexus
1549 1631 1719 1677 Religiosi‘in
1735 1632 1853 1677 suorum
1879 1631 2118 1669 Monasteriorum
2142 1655 2154 1672 ,

1276 1684 1478 1729 clausurarum
1496 1710 1506 1724 ‚
1534 1683 1751 1726 fundationum
1772 1708 1781 1723 ,
1807 1684 1989 1724 aliorumque
2014 1686 2156 1715 Conven-

1275 1743 1357 1769 tuum
1369 1736 1549 1769 commodum
1562 1733 1715 1777 succedunt
1724 1731 1918 1775 saecularibus
1933 1756 1944 1772 ‚
1970 1733 2034 1765 cum
2042 1730 2099 1774 ipst‘
2107 1736 2158 1765 vi·

1276 1846 1330 1877 que
1341 1837 1543 1868 admittantur
1559 1859 1566 1865 .
1595 1838 1703 1876 Neque
1714 1831 1764 1865 boc
1780 1835 2018 1866 Germanicorum
2035 1842 2155 1875 grava·

1276 1885 1573 1927 minumpostremum
1586 1883 1623 1920 est
1634 1906 1644 1922 ,
1669 1887 1808 1925 quamvis
1819 1883 1952 1915 ultimum
1975 1881 2022 1914 bie
2045 1879 2154 1924 sortia-

1275 1944 1323 1969 tur
1346 1937 1452 1969 iocum.
1480 1938 1545 1967 Mos
1571 1945 1628 1966 non
1653 1934 1781 1974 amplios
1816 1931 1960 1976 ferendus
1975 1955 1986 1971 ,
2011 1930 2151 1964 badensis

1277 1977 1425 2027 inolevit,
1449 1985 1593 2026 pauloque
1617 1984 1709 2015 altius
1724 2006 1734 2022 ‚
1761 1983 1850 2024 quam
1860 1990 1920 2024 par
1946 1980 1985 2021 est
2000 2005 2010 2019 ,
2036 1981 2154 2014 radices

1277 2040 1352 2078 egit.
1382 2034 1522 2073 Videlicet
1534 2033 1615 2074 quod
1629 2030 1785 2071 monachi,
1814 2031 1961 2064 moniales
1974 2053 1985 2070 ‚
2013 2032 2152 2074 Beginae‚

1281 2085 1448 2128 Begardae,
1474 2081 1627 2116 Nolbardi
1652 2105 1662 2121 ‚
1690 2088 1883 2121 Conventus,
1921 2082 1955 2114 &
1977 2085 2153 2122 quicumque

1278 2135 1400 2168 tandem
1406 2133 1487 2174 fiat„
1515 2130 1607 2174 quise
1617 2130 1768 2174 Religiosos
1781 2133 1814 2164 Θ
1827 2132 1847 2162 ἃ
1853 2129 1879 2174 s
1873 2129 2046 2164 aecularibus
2055 2127 2152 2173 segre-

1274 2193 1362 2227 gatos
1394 2182 1573 2224 profitentur
1598 2204 1607 2219 ‚
1641 2180 1819 2221 parentibus
1845 2203 1855 2218 ,
1892 2178 2112 2224 consanguineis
2138 2203 2152 2221 ,

1277 2237 1419 2276 agnatis,
1446 2232 1605 2265 (a'caeteris
1616 2227 1739 2269 amicis,
1768 2233 1800 2260 in
1812 2228 2011 2261 bieredttariis
2024 2229 2109 2262 bonis
2135 2252 2149 2269 ,

1278 2283 1441 2325 aliquando
1453 2286 1484 2313 in
1493 2288 1610 2323 partem
1621 2302 1631 2318 ,
1657 2289 1879 2320 nonnumquam
1897 2284 1930 2310 in
1949 2284 2043 2310 totum
2057 2276 2150 2319 succo·

1277 2334 1354 2365 dant
1367 2357 1374 2364 .
1404 2335 1441 2364 At
1453 2331 1568 2370 viciffim
1582 2339 1676 2362 eorum
1686 2333 1802 2372 cognati
1815 2352 1824 2366 ‚
1847 2325 1898 2370 seu
1918 2328 2066 2370 necessarii
2079 2330 2151 2361 Lai-

1276 2388 1302 2416 ci
1328 2407 1337 2422 ‚
1364 2383 1384 2414 ἃ
1407 2380 1548 2422 praefatis
1576 2377 1722 2422 Religiofis
1743 2379 1787 2410 ad
1805 2376 1932 2420 ipsorum
1955 2376 2149 2410 haereditates

1276 2433 1432 2465 adeundas
1449 2455 1458 2470 ,
1485 2441 1540 2463 non
1546 2427 1638 2472 solum
1654 2440 1710 2461 non
1721 2435 1864 2462 vocantur
1879 2452 1888 2467 ,
1910 2426 1966 2470 sed
1976 2437 2026 2460 nec
2038 2428 2149 2460 admit-

1275 2490 1361 2515 tatur
1375 2482 1511 2524 quidem.
1541 2479 1633 2522 ,Quod
1642 2481 1802 2511 Germanis
1816 2479 1849 2511 (Β
1855 2489 1954 2521 grave
1966 2501 1975 2516 ‚
2002 2479 2036 2511 (9
2059 2477 2148 2510 mole-

1269 2531 1348 2572 stum
1364 2555 1374 2572 ,
1400 2529 1538 2571 injustum
1549 2534 1640 2561 etiam
1655 2552 1664 2567 ,
1690 2539 1724 2560 ae
1745 2539 1803 2560 non
1825 2528 1938 2560 diutius
1961 2527 2148 2560 tolerandum

1274 2592 1347 2614 onus
1360 2579 1415 2621 est.
1443 2583 1612 2622 Eapropter
1623 2577 1774 2620 necessario
1791 2601 1801 2616 ‚
1828 2587 1862 2609 ac
1869 2575 1989 2619 summa
2006 2577 2141 2617 pruden-

1275 2636 1320 2664 tia
1333 2631 1497 2663 curandum
1506 2628 1543 2669 est
1553 2653 1564 2668 ,
1592 2635 1623 2661 ut
1634 2628 1769 2668 deinceps
1785 2637 1867 2660 nemo
1872 2624 1897 2669 s
1893 2638 1908 2659 e
1920 2634 2146 2660 memoratorum

1275 2678 1481 2724 Religiosorum
1503 2683 1583 2712 votis
1623 2677 1790 2721 adstringat
1814 2700 1825 2716 ,
1851 2677 1903 2710 vel
1927 2678 2071 2716 addicat,
2093 2674 2150 2717 nifi

1270 2732 1357 2772 prius
1370 2741 1404 2762 ea
1418 2731 1455 2762 de
1467 2740 1498 2761 re
1515 2729 1618 2761 civiles
1633 2727 1825 2770 Magistratus
1850 2731 1983 2759 certiores
1999 2725 2108 2765 fecerit
2132 2748 2145 2765 ,

1275 2791 1393 2822 qaorum
1400 2778 1566 2822 praesentia
1578 2803 1588 2818 ,
1614 2777 1793 2810 auc‘ioritate
1804 2797 1813 2813 ‚
1839 2777 1873 2809 Q&
1883 2774 2008 2816 'Consilio
2021 2776 2143 2817 Religio-

1273 2842 1339 2863 nem
1351 2831 1468 2873 ingredi
1479 2827 1668 2868 volentibus,
1696 2829 1717 2858 ἂ
1737 2825 1914 2868 parentibus
1940 2826 1974 2859 Θ·
1999 2829 2104 2856 amicis
2132 2847 2144 2864 ‚

1265 2883 1362 2921 juxta
1372 2877 1509 2922 cujusque
1513 2878 1674 2920 fortunam
1698 2877 1732 2910 (τ
1747 2874 1938 2917 facultates,
1965 2875 2145 2907 mediocriter

1264 2929 1538 2972 provideridebet,
1566 2936 1599 2960 ut
1610 2926 1743 2959 habeant
1766 2925 1846 2957 unde
1867 2925 2012 2959 commode
2033 2928 2065 2956 in
2085 2927 2145 2956 Mo·

1267 2979 1400 3019 nasteriis
1411 2984 1514 3012 vivere
1523 2977 1643 3019 posfint.
1672 2978 1723 3007 Ea
1734 2984 1836 3007 tamen
1858 2976 1939 3018 Iege,
1966 2985 1997 3008 eo
2018 2972 2107 3015 padio
2131 2997 2144 3013 ,

1267 3031 1300 3063 (π
1313 3030 1473 3062 conditione
1485 3052 1495 3066 ‚
1523 3037 1556 3060 ut
1569 3025 1700 3060 omnibus
1729 3024 1953 3057 baereditatibus
1964 3049 1973 3064 ,
2000 3021 2146 3066 omnibus-

1264 3091 1319 3121 que
1338 3085 1500 3120 parentum
1513 3103 1522 3117 ‚
1538 3076 1675 3117 fratrum
1696 3098 1707 3114 ‚
1728 3072 1861 3117 sororum
1882 3098 1892 3114 ,
1917 3083 2104 3117 cognatorum
2130 3095 2143 3112 ,

1265 3129 1446 3162 cobaeredum
1466 3153 1476 3168 ‚
1514 3130 1547 3161 (ν’
1565 3135 1807 3168 quorumcumque
1837 3124 1959 3157 aliorum
1975 3122 2142 3165 succeffioni-

1264 3180 1317 3211 bus
1341 3184 1511 3211 renuntient
1540 3201 1550 3217 ,
1578 3177 1611 3209 i’n
1633 3181 1821 3216 animumque
1843 3184 2026 3216 nequaquam
2050 3170 2144 3205 indu-

1262 3221 1444 3270 cantsuum,
1466 3226 1500 3270 se
1512 3232 1545 3259 in
1580 3224 1720 3269 posterum
1756 3222 1947 3257 baereditario
1960 3226 2031 3264 jure
2055 3222 2140 3264 quid-

1262 3289 1353 3321 quam
1367 3279 1477 3310 nedum
1481 3274 1605 3319 sperare
1619 3287 1628 3317 3
1655 3282 1774 3307 tantum
1785 3272 1862 3313 abest
1873 3298 1883 3313 ‚
1910 3283 1942 3307 ut
1957 3271 2087 3316 consequi
2106 3268 2140 3312 se

1258 3328 1335 3370 posse
1343 3334 1449 3368 putare
1459 3333 1570 3368 queant
1584 3349 1592 3357 .
1619 3324 1759 3365 Idemque
1770 3334 1836 3355 cum
1847 3322 1895 3356 bis
1905 3350 1915 3364 ‚
1928 3329 1977 3366 qui
1983 3324 2052 3361 jam
2066 3321 2136 3353 olim

1263 3374 1468 3420 Religiosorum
1479 3376 1587 3418 regulis
1610 3371 1671 3416 sese
1694 3372 1878 3415 subjecerunt
1892 3399 1900 3414 ,
1923 3374 1991 3415 fieri
2014 3373 2034 3403 ἃ
2056 3371 2139 3402 Sacri

1263 3431 1389 3460 Romani
1400 3428 1520 3467 Imperii
1531 3424 1665 3457 statibus
1676 3424 1710 3456 ὁ·
1720 3428 1833 3464 petitur
1845 3425 1879 3458 Θ·
1889 3421 2017 3465 censetur
2029 3444 2035 3451 .

1312 3475 1406 3511 Hinc
1417 3475 1572 3511 discimus
1584 3474 1671 3510 varia
1683 3496 1690 3506 -
1704 3471 1818 3508 Primo
1831 3497 1844 3515 ‚
1869 3471 1958 3519 quod
1971 3466 2137 3525 Bonisacii

1985 3529 2067 3555 noni
2077 3541 2089 3560 ,

1275 1786 1359 1826 ciffim
1368 1785 1407 1817 ab
1422 1785 1482 1818 iIIIs
1494 1785 1537 1816 ad
1549 1784 1745 1817 haereditates
1760 1807 1769 1822 ‚
1796 1793 1886 1824 neque
1913 1791 2078 1822 vocentur,
2104 1792 2154 1815 ne·
2203 1825 2206 1830 Ι
