2366 3736
413 132 497 178 De
533 122 817 184 ΑΝτιιζυΑ
853 116 1226 170 Disciplina
1265 122 1506 170 Cunisr.
1545 121 1824 171 Murrus.

144 230 148 234 ’
204 222 346 252 unitatem
358 215 486 249 trahunt
497 238 507 254 ,
534 215 567 248 &
576 213 677 255 plaga
689 215 723 241 in
735 207 865 240 remedii:
888 213 1048 237 vertuntur
1075 230 1086 245 ‚

34 369 108 407 Lib.
133 382 163 408 2-

32 427 136 465 cap.5.

205 279 238 302 ut
258 265 381 306 Ecclesia
396 290 407 306 ,
433 266 511 298 unde?
532 268 637 296 metuit
672 257 858 300 periculum,
883 255 954 286 inde
987 253 1087 296 sumat

205 327 392 362 augmentum
416 339 422 346 .
450 314 621 348 Consonat
656 306 810 343 Hermias
836 307 1050 338 Zozomenus
1079 317 1087 336 ι

203 371 281 401 Cum
293 366 417 400 adhunc
428 366 543 397 modum
556 386 566 401 ,
592 359 706 401 utique
722 367 776 400 pei·
791 355 905 399 magni
926 354 1087 388 Constan-

205 418 267 452 tini
290 418 442 461 pietatem
465 437 476 454 ,
497 422 554 455 per
575 405 746 450 universum
782 409 942 448 Imperium
975 407 1087 437 Roma-

203 479 277 503 num
312 466 345 510 Je
368 467 511 502 dilataret
535 456 660 498 Ecclefia
678 482 690 498 ,
718 456 887 497 Christiana
908 454 1021 497 Religio
1047 456 1092 488 ad

204 517 282 560 ipfhs
302 525 392 550 etiam
410 511 567 546 Barbaros,
586 506 718 551 pervasit
734 530 742 537 .
782 511 868 538 Nam
890 507 1002 538 Gentes
1037 510 1088 537 cir·

204 579 240 602 ca
264 567 400 600 Rhenum
421 563 599 599 accolentes,
621 558 694 600 fidei
720 556 897 596 Christiana·
915 552 948 596 se
970 555 1087 587 dedide-

205 627 277 652 runt
300 641 307 648 .
334 615 427 647 Celtae
439 618 529 650 item,
558 609 704 650 &populi
732 606 858 639 Gallicae
881 606 1001 645 ultimi,
1039 609 1090 646 qui

200 666 338 711 proximi?
352 665 396 697 aa
420 668 566 697 Oceanum
580 659 722 692 habitant
733 682 740 689 .
770 655 901 698 Utique
913 654 1041 688 Morini
1056 653 1088 686 &

206 715 339 750 Flaudri
355 739 361 746 .
389 713 478 747 Gothi
490 718 581 745 etiam
593 720 628 744 ac
635 716 740 752 gentes
751 707 813 739 iilis
834 705 974 747 finitimae
987 729 997 745 ,
1023 716 1089 745 quae

193 757 276 798 'ante
295 766 339 797 ad
349 770 433 805 ripas
449 762 516 802 lflri
529 760 750 794 habitaverant
764 781 776 797 ‚
793 758 863 796 jam
871 757 991 796 pridem
1014 755 1091 785 Fide

205 821 239 849 in
253 811 518 853 CHRISTUM
531 817 650 852 recepta
661 833 671 848 ,
696 805 728 848 se
740 806 785 839 ad
791 807 903 839 cultum
912 807 946 839 ὀ·
958 804 1090 836 humani-

206 873 299 898 tatem
322 866 485 897 civiliorem
506 861 739 895 converterant.
764 854 865 898 Causa
887 864 1005 893 autem,
1041 864 1090 886 cur

205 927 305 950 omnes
321 913 385 954 fere
399 912 536 949 Barbari
545 907 747 948 Christianam
760 907 940 949 Religionem
953 903 1091 946 amplec¹li

204 971 367 1007 coeperint,
386 963 515 1004 fuerunt
539 960 615 993 bella
629 982 640 997 ‚
667 962 765 990 variis
782 956 957 998 temporibus
975 980 985 995 ,
1011 962 1091 995 utpo-

207 1017 238 1050 te
261 1024 402 1057 regnante
423 1012 575 1050 Gallieno,
611 1009 644 1042 (9·
664 1006 917 1049 Imperatoribus,
944 1007 964 1037 ὰ
985 1003 1092 1046 quibus

205 1070 235 1101 ei
242 1062 397 1106 succeffum
407 1062 443 1101 est
455 1086 465 1100 ‚
493 1062 512 1093 a*
524 1064 672 1092 Romanis
688 1059 721 1091 t&
733 1064 847 1091 exteris
860 1055 1029 1088 bominibus
1042 1055 1093 1086 ad-

199 1113 395 1162 [ministrata.
423 1116 509 1145 Nam
520 1122 585 1144 cum
612 1106 738 1149 infinita
758 1106 826 1148 fere
841 1131 851 1147 ,
877 1107 910 1139 e·
932 1102 1095 1146 promiscua

207 1166 350 1199 Gentium
361 1163 519 1195 multitudo
528 1173 566 1195 ex
578 1159 707 1191 Thracia
722 1164 754 1190 in
781 1156 877 1199 Afiam
899 1155 1056 1197 traJeciffet
1084 1178 1094 1193 ‚

207 1224 329 1256 eamque
342 1211 546 1253 incurfionibus
553 1209 654 1252 fallis
667 1207 824 1250 occupaffet
836 1232 846 1247 ,
872 1208 980 1247 aliique
1010 1207 1095 1240 Bar-

209 1263 276 1298 bari
286 1269 318 1296 in
330 1265 398 1296 aliis
412 1263 480 1295 locls
495 1262 572 1294 idem
584 1263 725 1292 Romanis
732 1257 788 1299 fibi
796 1257 935 1298 finitimis
943 1251 1096 1297 praestitt‘s-

204 1312 294 1359 sent,
322 1314 408 1345 multi
419 1312 585 1343 Sacerdotes
597 1308 708 1348 Christi
718 1315 835 1349 pariter
846 1312 960 1348 captivi
972 1307 990 1337 ᾶ
1018 1307 1096 1335 Bar-

210 1362 296 1395 baris
309 1362 551 1394 abducebantur.
579 1361 643 1401 ,Qui
654 1360 774 1400 quidem
787 1359 851 1392 cum
863 1356 993 1388 homines
1015 1354 1095 1401 inil-

211 1414 250 1446 lis
265 1414 335 1445 locis
355 1410 514 1452 affliblatos
539 1409 647 1442 morbis
663 1406 830 1449 sanarent,
858 1408 891 1438 (5
913 1403 1096 1437 doemonibus

211 1469 362 1503 occupatos
377 1459 435 1503 s⁰l⁰
449 1464 563 1491 nomine
577 1455 689 1494 Christi.
697 1457 774 1490 Filii
799 1458 852 1487 Dei
866 1459 1002 1486 invocato
1024 1453 1096 1486 libe-

211 1519 316 1546 rarent
328 1535 339 1552 ,
366 1508 548 1551 &fincerum
567 1508 718 1548 praterea
744 1517 777 1538 ac
794 1510 879 1546 pium
902 1511 979 1542 τινα
1000 1514 1095 1546 genus

212 1561 299 1594 colere
313 1584 323 1600 ,
350 1562 383 1594 ἐν
404 1564 553 1591 virtutum
575 1555 753 1598 praestantia
777 1554 1017 1587 obtrenamrum
1045 1565 1095 1585 ora

212 1611 335 1654 penitus
348 1610 487 1642 obturare
504 1610 679 1642 viderentur
694 1630 704 1644 ‚
736 1604 866 1639 Barbari
877 1617 923 1637 eos
937 1629 947 1643 ‚
974 1613 1038 1636 tum
1051 1608 1098 1636 vi-

212 1670 278 1700 te,
306 1671 369 1692 tum
383 1659 537 1700 fabiorum
563 1657 789 1688 admirabilium
813 1653 898 1697 causa
923 1654 1099 1698 magnopere?

215 1711 389 1749 admirati,
415 1706 536 1751 &ipsos
550 1706 643 1740 valae
666 1707 830 1748 prudentes
851 1706 923 1748 effe,
950 1705 984 1740 δ’
1002 1702 1051 1747 se,
1074 1702 1104 1745 fi

216 1771 281 1794 tam
299 1759 482 1802 praestabiles
506 1758 657 1790 bominum
682 1768 774 1789 mores
798 1761 1011 1795 imitarentur,
1050 1765 1099 1787 nu·

212 1821 342 1853 merique
381 1810 520 1842 divinum
539 1808 584 1842 ad
620 1818 719 1841 eorum
742 1807 905 1848 exemplum
935 1807 1062 1839 colerent
1088 1829 1099 1845 ,

217 1864 315 1895 Deum
320 1859 374 1902 fibi
381 1863 540 1901 propitium
553 1857 707 1890 babituros
720 1881 726 1887 .
757 1861 862 1899 Itaque
873 1857 912 1889 ab
925 1858 986 1890 illis
1002 1881 1012 1897 ,
1026 1856 1103 1898 quid

214 1903 267 1952 fibi
287 1912 434 1955 agendum
448 1908 487 1950 fit
500 1933 511 1948 ‚
537 1908 628 1940 doceri
650 1907 846 1947 constituunt:
875 1907 993 1949 discunt
1029 1905 1097 1947 fidei

214 1969 369 2004 praecepta
381 1983 392 1999 ,
419 1957 612 2000 Baptismum
623 1965 769 1999 accipiunt
781 1982 792 1997 ‚
819 1960 852 1991 (ν’
867 1956 1101 1996 Christianorum

220 2021 299 2043 more
313 2019 474 2041 conventus
498 2008 664 2039 celebrant.
693 2007 775 2038 Sunt
801 2006 889 2047 plura
913 2005 1100 2047 hujusmodi

220 2060 388 2102 exempla.
417 2056 511 2104 Qin
526 2056 594 2089 imo
606 2054 688 2089 iberi
718 2067 783 2089 non
798 2058 816 2088 a
837 2056 970 2098 captivo
996 2057 1100 2090 Sacer-

218 2110 316 2150 dote,
348 2110 401 2143 sed
424 2107 442 2140 ὲ
465 2110 595 2150 captiva
618 2106 737 2140 ancilla
760 2104 980 2140 Christianam
1003 2105 1100 2139 fidem

216 2159 406 2194 didicerunt
423 2183 431 2191 .

273 2210 366 2244 Hinc
376 2209 479 2241 oritur
492 2205 649 2250 quaestio,
676 2204 730 2238 An
745 2205 839 2239 liceat
859 2204 956 2238 fidem
982 2203 1100 2248 planta·

222 2271 256 2295 re
266 2261 297 2293 ἀ
312 2267 491 2302 propagare
501 2266 652 2300 perarma
665 2256 682 2286 ἓ
709 2257 763 2289 An
776 2256 871 2289 liceat
882 2256 1076 2290 Gentilibus
1089 2279 1100 2295 ‚

220 2322 263 2343 ex
282 2310 347 2342 sola
364 2309 453 2340 'istius
466 2306 718 2349 plantationis&
732 2307 979 2350 propagationis
993 2307 1099 2346 causa,

223 2360 342 2394 inferre
366 2358 512 2391 bellum?
538 2355 666 2390 Partem
705 2356 933 2389 affirmativam
973 2356 1102 2390 videtur

224 2411 349 2444 tradere
361 2410 392 2441 in
408 2408 632 2450 Apologetico
645 2416 701 2448 pro
714 2406 922 2449 Imperatoris
934 2406 1099 2440 Ludovici

224 2459 277 2495 Pii
299 2458 373 2492 filiis
394 2458 546 2491 advertus
569 2456 697 2491 Patrem
723 2456 828 2494 libre,
854 2457 988 2490 Sanctus
1012 2457 1102 2500 Ago·

225 2508 342 2543 bardus
368 2506 595 2550 Lugdunensis
619 2506 934 2548 Archi-Episcopus:
964 2511 1041 2539 Cum
1056 2509 1101 2539 de-

227 2559 330 2592 berent
343 2563 486 2590 exercitus
501 2563 581 2588 mitti
594 2558 758 2589 adversam
775 2568 892 2590 exteras
914 2566 1020 2599 gentes
1033 2581 1043 2597 ,
1070 2558 1103 2590 (Ὺ

227 2607 287 2651 ipse
303 2612 466 2648 imperator
477 2606 640 2637 adversum
655 2606 813 2638 Barbarus
827 2613 960 2639 nationes
983 2609 1102 2640 dimica-

227 2670 261 2692 re
272 2682 282 2697 ,
307 2667 339 2690 ut
351 2669 399 2689 eas
412 2655 485 2697 fidei
491 2654 663 2698 subjugaret
678 2657 721 2687 ad
731 2657 924 2688 dilatandum
944 2663 1103 2689 terminum

230 2708 326 2753 Regni
332 2706 465 2747 fidelium
478 2704 536 2747 (fic
549 2716 674 2746 namque
686 2716 754 2738 orat
775 2705 954 2748 universalis
980 2706 1104 2747 Ecclesia

227 2764 261 2793 in
281 2757 459 2801 solemnibus
480 2757 537 2788 illis
561 2755 765 2795 orationibus,
802 2757 904 2807 diebus
941 2760 1104 2789 Dominicae

229 2809 369 2848 Paffionis
383 2831 393 2846 ,
416 2814 473 2848 pro
496 2805 728 2846 imperatoribus
742 2831 751 2846 ‚
776 2815 808 2838 ut
832 2809 911 2839 Deus
935 2808 992 2838 illis
1008 2805 1104 2848 subdi-

229 2866 279 2892 tas
292 2857 390 2899 factat
408 2867 505 2889 omnes
522 2856 681 2888 Barbarus
697 2862 830 2889 nationes
844 2857 855 2897 )
872 2869 946 2890 nunc
963 2860 1102 2890 econtra-

228 2913 273 2942 rio
282 2919 363 2941 omne
378 2912 511 2949 Regnum
522 2917 585 2939 cum
609 2907 850 2939 extremitatibus
871 2905 935 2949 suis
958 2908 1092 2950 congloba

226 2965 317 2991 turin
337 2960 434 2990 medio
451 2955 523 2999 sui,
550 2958 607 2990 &a
644 2958 725 2989 Suos
738 2956 881 2990 Francos
920 2956 1067 2991 hortatur
1095 2981 1104 2996 ,

229 3019 297 3042 non
314 3018 346 3041 ut
360 3009 571 3046 Sarracenos,
598 3017 679 3047 quos
703 3006 843 3040 omnino
862 3007 1028 3049 justissime
1053 3017 1105 3050 po-

229 3067 356 3098 terant,
383 3058 436 3091 sed
458 3068 493 3090 ut
506 3057 659 3090 invadant
673 3058 895 3090 conterminos
918 3058 1104 3091 Borealium

233 3104 405 3150 regionuni
421 3107 602 3148 Barbaros,
631 3110 663 3140 in
677 3118 757 3149 quos
771 3107 855 3140 nihil
877 3107 1039 3141 habebant
1062 3108 1106 3150 ju-

234 3157 295 3190 ris.
326 3156 389 3190 Uti
429 3156 528 3191 hodie
566 3169 625 3191 nos
661 3168 833 3200 optamus,
861 3158 894 3191 δε
922 3158 1105 3190 Dominum

232 3205 343 3239 Deum
357 3217 483 3240 oramus
494 3232 504 3248 ‚
533 3217 567 3240 ut
584 3207 786 3242 Christianos
800 3208 907 3251 Reges
928 3209 1079 3251 dignetur
1090 3208 1107 3240 a

233 3255 356 3289 mutuis
369 3254 459 3289 bellis
483 3259 515 3290 in
539 3258 708 3292 sceleratos
728 3258 861 3292 Turcos
882 3269 1070 3292 convertere
1099 3283 1108 3298 ‚

233 3307 279 3340 ita
297 3307 490 3348 Agobardus
504 3308 576 3340 suos
596 3309 738 3341 Francos
753 3308 900 3342 hortatus
913 3309 956 3341 est
971 3309 988 3340 a
1003 3310 1108 3342 frater-

234 3359 285 3391 nis
297 3354 389 3389 bellis
401 3356 560 3390 transferri
574 3359 606 3390 in
620 3359 856 3401 Septentrionis
874 3359 1013 3402 gentiles
1039 3359 1109 3392 Bar-

234 3406 330 3440 baros
342 3430 352 3445 ‚
379 3405 475 3447 idque
489 3404 527 3437 ad
544 3406 763 3442 Christianam
777 3409 892 3442 Fidem
906 3436 912 3446 ,
941 3410 972 3443 &
986 3409 1108 3444 Ortho-

236 3456 359 3490 doxurn
376 3455 550 3497 imperium
566 3459 787 3501 propaganda.
815 3459 967 3502 Ejusdem
990 3460 1107 3494 mentis

319 3504 424 3546 Christ.
439 3508 514 3547 Lupi
528 3510 626 3547 Opera
637 3509 714 3539 Tom.
726 3510 757 3538 X
762 3513 782 3539 Ι.

1132 205 1274 274 'videtur
1287 205 1379 239 fuisse
1392 205 1559 250 Eugenius
1573 206 1687 240 tertius
1699 203 1854 238 Pontifex
1868 227 1879 242 ‚
1904 203 1944 237 de
1955 215 2024 249 quo

1133 278 1137 301 ,
1149 257 1272 289 sacrum
1284 255 1403 289 bellum
1415 257 1608 290 restaurante
1627 255 1735 290 scribit
1746 257 1833 289 Saxo
1855 252 2024 289 Gramma·

1133 303 1252 354 fideus:
1283 309 1342 339 Per
1355 305 1458 339 eadem
1469 314 1597 346 tempora
1616 310 1764 339 Romanus
1793 302 1919 342 antistes
1945 306 2023 337 Bar-

1150 357 1260 391 baricae
1271 356 1449 397 tempestatis
1458 358 1593 395 procellis
1605 368 1666 389 rem
1691 358 1830 389 divinam
1845 356 1922 395 pene
1943 353 2025 386 obru-

1158 416 1222 440 tam
1233 430 1244 446 ,
1271 404 1466 448 eversamque
1478 404 1651 446 conspiciens
1664 430 1674 445 ,
1700 408 1783 438 datis
1797 414 1852 447 per
1872 407 2024 446 Europam

1153 456 1275 498 epistolis
1288 454 1441 497 universos
1454 454 1632 493 christianae
1655 457 1841 489 credulitatis
1863 455 1961 495 Hostes
1985 454 2024 487 ab

1151 509 1217 547 ejus
1229 505 1386 538 cultoribus
1397 511 1560 547 oppugnari
1579 513 1738 546 praecepit.
1769 508 1788 537 5
1793 506 1901 547 ingulae
1923 515 2026 539 autem

1134 538 1138 598 l
1152 555 1366 589 Catholicorum
1381 558 1550 588 Provinciae
1567 554 1706 595 confinem
1717 554 1773 595 fibi
1795 555 1970 588 Barbariem
1981 561 2027 588 tn-

1135 599 1246 649 *cessere
1251 606 1430 649 jubebantur
1444 629 1451 636 .
1479 603 1582 638 Ediffi
1597 604 1736 638 radicem
1751 605 1850 638 tradit
1861 606 1947 639 Otto
1962 607 1988 639 F
1990 605 2028 639 ri-

1135 628 1139 698 l
1152 657 1306 700 fingenfis
1320 655 1517 698 Episcopus.-
1543 657 1675 686 Saxones
1687 677 1697 692 ‚
1722 661 1792 696 quia
1803 654 1947 696 quasdam
1956 666 2029 698 gen-

1136 702 1218 746 ltes‚
1241 705 1392 748 spurcitiis
1408 705 1547 737 idolorum
1562 705 1685 736 deditas
1705 728 1714 744 ‚
1741 710 1859 737 vicinas
1883 704 1993 737 habent
2019 728 2029 744 ‚

1136 749 1141 800 f
1153 759 1197 789 ad
1216 761 1368 789 Orientem
1387 754 1530 797 proficisci
1554 754 1719 787 abnuentes
1734 778 1744 793 ‚
1769 765 1864 786 cruces
1887 757 1991 787 itidem
2018 780 2030 795 ,

1154 808 1384 852 eajdemgentes
1410 805 1483 837 bello
1503 809 1683 837 attentaturt'
1699 828 1710 843 ,
1746 803 1961 846 assumpserunt
1974 831 1983 844 ‚
2008 807 2029 837 ἂ

1154 856 1256 896 nostris
1274 862 1306 888 in
1317 855 1366 887 boc
1377 854 1520 895 distantes
1529 877 1540 893 ‚
1567 857 1647 897 quod
1659 866 1714 886 non
1722 853 1891 895 fimpliciter
1903 853 2031 893 vestibus

1135 869 1140 942 l
1156 904 1271 949 adsutae
1284 929 1295 946 ‚
1316 903 1374 947 sed
1388 907 1408 937 ῐι
1428 915 1494 937 rota
1502 903 1743 947 subterpositum
1767 905 1862 937 altum
1879 907 2035 944 protrude-

1156 956 1281 989 bantur.
1310 954 1493 988 Proinde&
1509 954 1567 988 ista
1581 955 1697 988 militia
1710 955 1754 988 est
1772 965 1838 987 non
1862 955 2033 988 dumtaxat

1154 1007 1294 1050 judicata
1307 1005 1396 1041 licita
1409 1029 1419 1045 ,
1451 1004 1546 1038 sed&
1571 1006 1654 1039 sacra
1672 1030 1682 1045 ,
1706 1005 1848 1048 ideoque
1869 1004 1903 1037 ὅ(
1924 1005 2035 1039 Sacro-

1156 1058 1266 1091 saniio
1281 1055 1397 1089 Crucis
1410 1055 1578 1099 signaculo
1588 1064 1741 1089 exornata
1755 1081 1761 1087 .

1209 1105 1408 1149 Respondeo
1424 1114 1532 1138 tamen
1547 1105 1641 1139 istam
1657 1105 1734 1139 belli
1748 1107 1878 1140 causam
1891 1117 1959 1140 non
1972 1107 2035 1139 effe

1160 1157 1342 1200 legitimam
1360 1169 1370 1188 .·
1397 1154 1479 1188 istud
1496 1155 1617 1188 bellum
1632 1168 1700 1189 non
1716 1156 1828 1190 licere.
1857 1157 1988 1190 Etenim
2001 1156 2037 1190 in

1158 1207 1263 1242 Sansti
1280 1205 1432 1247 Babylae‚
1460 1203 1653 1239 Patriarchae
1676 1207 1709 1239 ὅ(
1738 1205 1894 1247 Martyris
1915 1206 2039 1240 Antio-

1161 1256 1259 1290 cheni
1279 1280 1290 1295 ,
1317 1255 1380 1288 vita
1392 1256 1552 1288 declamat
1563 1254 1602 1288 ad
1618 1256 1766 1289 Gentiles
1786 1258 1920 1291 Sanctus
1946 1257 2039 1298 Joan-

1161 1317 1216 1339 nes
1227 1304 1501 1346 Chrysostomus:
1533 1306 1699 1336 Adversum
1719 1316 1773 1337 vos
1787 1308 1887 1338 nullus
1906 1317 2040 1346 unquam

1157 1356 1262 1390 bellum
1269 1354 1348 1398 geffit
1365 1378 1371 1385 .
1399 1357 1507 1394 Neque
1524 1358 1601 1385 enim
1623 1353 1867 1395 Christianisfas
1890 1354 1927 1394 est
1952 1353 2042 1397 neces-

1154 1405 1243 1447 fitate
1264 1416 1298 1436 ac
1318 1403 1460 1440 violentia
1485 1403 1574 1436 illata
1610 1415 1736 1437 errorem
1753 1402 1929 1446 subvertere
1943 1429 1954 1444 ,
1986 1405 2046 1448 sed

1160 1466 1223 1488 tum
1233 1453 1381 1497 suadela,
1409 1462 1473 1486 tum
1487 1458 1623 1494 ratione,
1649 1464 1716 1487 tum
1743 1454 1974 1498 mansuetudine
1996 1455 2044 1487 ho-

1160 1512 1272 1538 minum
1281 1502 1301 1547 s
1300 1506 1367 1539 alus
1381 1503 1417 1543 est,
1429 1505 1631 1537 concilianda.
1661 1507 1729 1546 ,Quo
1739 1512 1855 1540 nomine
1866 1506 1970 1538 nullus
1985 1517 2044 1538 om·

1162 1562 1231 1589 nino
1259 1558 1323 1587 Rex
1345 1565 1383 1586 ex
1407 1560 1448 1586 eis
1463 1576 1473 1591 ,
1499 1560 1549 1595 qui
1571 1557 1590 1586 ἃ
1619 1553 1833 1589 CHRISTO
1862 1556 2007 1596 steterunt
2032 1581 2044 1596 ,

1161 1608 1240 1639 talia
1251 1614 1351 1638 contra
1363 1607 1420 1636 Vos
1444 1604 1559 1638 Edic‘la
1579 1602 1712 1646 sanxit,
1739 1608 1843 1647 qualia
1879 1607 2045 1639 adversum

1161 1668 1212 1689 nos
1224 1661 1428 1699 excogitarunt
1442 1680 1454 1694 ‚
1480 1661 1532 1696 qui
1546 1656 1712 1688 daemonum
1724 1657 1835 1690 cultum
1844 1655 1918 1699 sunt
1934 1656 2043 1699 secuti.

1163 1706 1303 1741 Videtur
1320 1717 1386 1739 non
1407 1704 1446 1739 de
1466 1706 1622 1739 offenfivo
1645 1705 1839 1746 dumtaxat,
1868 1706 1920 1740 sed
1943 1707 2045 1740 etiam

1162 1769 1256 1802 agere
1280 1757 1321 1791 de
1345 1756 1511 1790 defenfivo
1536 1756 1622 1790 bello
1643 1782 1651 1789 .
1692 1755 1833 1790 Videtur
1854 1757 1944 1800 loqui
1968 1766 2045 1790 cum

1164 1807 1389 1852 Apologetico
1410 1806 1560 1850 Septimii
1583 1806 1786 1841 Tertulliani
1807 1807 1913 1847 libro,
1941 1807 2046 1849 decla-

2042 276 2085 314 Li
2095 274 2126 312 b.
2143 284 2195 322 14.

1145 1703 1274 1941 lmante
1290 1857 1330 1891 ad
1354 1857 1544 1891 Romanurn
1568 1856 1743 1900 Imperium
1782 1869 1819 1892 ac
1851 1859 2008 1891 Senatum
2037 1869 2046 1888 z

1146 1950 1149 1955 .
1164 1912 1289 1952 ,Quoties
1311 1912 1388 1940 enim
1399 1915 1432 1939 in
1446 1907 1626 1946 Christianos
1643 1907 1797 1952 desaevitis
1809 1933 1819 1948 ,
1841 1915 1961 1951 partim
1983 1912 2047 1942 ani·
2063 1925 2145 1971 Cap.
2159 1936 2216 1974 37·

1147 1960 1221 1992 ‘mis
1239 1963 1389 2000 propriIs,
1405 1965 1523 2000 partim
1544 1959 1672 2001 Legibus
1696 1958 1906 2002 obsequentes?
1934 1961 2043 1994 Hasce

1165 2009 1401 2051 persecutiones
1424 2019 1597 2052 exaggerat
1612 2033 1621 2047 ‚
1649 2010 1683 2042 &
1707 2011 1930 2052 prosequitur:
1957 2012 2045 2052 ‚Quid

1165 2066 1263 2091 tamen
1276 2068 1416 2099 umquam
1436 2058 1592 2096 denotastis
1604 2059 1640 2091 de
1663 2068 1725 2091 tam
1742 2058 1914 2102 conspiratis
1925 2062 1962 2093 de
1981 2070 2046 2093 tam

1164 2113 1307 2141 animatis
1330 2109 1374 2139 ad
1393 2117 1514 2139 mortem
1541 2106 1627 2149 usque
1649 2133 1658 2147 ,
1695 2118 1751 2149 pro
1773 2112 1886 2149 injuria
1907 2110 2047 2153 repensa-

1164 2158 1251 2190 tum?
1281 2158 1411 2199 ,Quando
1426 2158 1478 2189 vel
1502 2168 1562 2188 una
1585 2168 1643 2189 nox
1661 2161 1796 2199 pauculis
1815 2159 1934 2199 faculis
1959 2161 2049 2202 largi·

1164 2216 1259 2239 tatem
1286 2207 1407 2238 ultioms
1423 2207 1511 2247 posset
1535 2213 1670 2247 operari,
1690 2207 1720 2249 fi
1740 2209 1852 2241 malum
1889 2211 1964 2242 malo
1987 2207 2048 2252 dis-

1162 2261 1255 2300 pungi
1273 2256 1366 2297 penes
1391 2268 1441 2288 nos
1454 2257 1553 2289 liceret
1595 2259 1655 2290 Sed
1664 2257 1735 2299 abfit
1748 2269 1779 2291 ut
1793 2265 1918 2303 autigni
1943 2259 2051 2292 huma-

1165 2318 1201 2339 no
1218 2307 1386 2340 vindicetur
1398 2309 1517 2339 Divina
1523 2304 1605 2348 sec‘la
1618 2332 1628 2346 ,
1654 2317 1705 2340 aut
1726 2309 1823 2342 doleat
1845 2316 1918 2351 pati
1942 2316 1973 2343 in
1993 2321 2047 2352 quo

1161 2357 1323 2399 probatur.
1347 2358 1469 2389 sienim
1491 2359 1524 2390 (τ
1554 2357 1644 2396 hostes
1671 2368 1808 2398 exertos,
1848 2371 1905 2392 non
1925 2369 2047 2392 tantum

1165 2408 1299 2442 vindices
1322 2408 1441 2441 occultos
1460 2418 1544 2450 agere
1568 2408 1712 2441 vellemus
1726 2433 1735 2447 ‚
1764 2409 1865 2450 deesset
1888 2409 1971 2441 nobis
1996 2414 2048 2442 vis

1145 2459 1149 2498 ἶ
1167 2463 1201 2491 N
1205 2468 1368 2490 umerorum
1381 2461 1414 2490 Cu·
1427 2459 1600 2497 copiarum?
1629 2460 1732 2490 Plures
1744 2465 1885 2491 nimirum
1907 2462 2008 2491 Mauri
2034 2483 2046 2499 ,

1146 2499 1388 2540 'Marcomanni
1402 2531 1412 2546 ‚
1438 2505 1545 2548 ipsique
1569 2507 1695 2547 Parthi,
1723 2511 1775 2541 vel
1787 2518 2044 2551 quantaecumque‚

1145 2528 1151 2592 l
1169 2566 1255 2591 unius
1268 2566 1370 2589 tamen
1389 2558 1441 2589 loci
1464 2558 1496 2588 (τ
1516 2554 1635 2598 suorum
1652 2555 1761 2599 finium
1773 2583 1782 2598 ,
1803 2568 1909 2602 gentes
1923 2583 1933 2598 ‚
1953 2570 2046 2601 quam

1146 2604 1257 2641 ‘totius
1271 2607 1366 2639 orbis.
1397 2604 1666 2647 Hesterntsumus,
1694 2609 1728 2641 Θ
1753 2609 1849 2648 vestra
1872 2616 1972 2643 omnia
1989 2615 2046 2642 im-

1147 2687 1150 2706 3
1162 2660 1337 2699 plevimus3
1364 2655 1455 2688 Urbes
1470 2679 1479 2693 ,
1505 2654 1620 2697 Insulas
1644 2679 1654 2695 ,
1682 2657 1828 2699 Castella,
1855 2663 2044 2701 Municipia,

1147 2707 1392 2746 mensurabant,
1419 2704 1526 2744 Castra
1564 2705 1629 2749 ipsa
1651 2730 1662 2746 ,
1691 2709 1824 2749 Tribus,
1862 2713 2007 2743 Decurias
2032 2734 2045 2750 ‚

1146 2746 1151 2820 l
1169 2759 1320 2790 Palatium
1337 2779 1347 2795 ,
1371 2758 1510 2788 Senatum
1523 2780 1533 2795 ,
1554 2756 1659 2796 forum
1671 2783 1678 2790 .
1706 2759 1773 2791 sola
1801 2752 1885 2793 vobis
1905 2762 2048 2801 relinqui·

1148 2818 1231 2855 vmus
1244 2806 1372 2847 templa.
1404 2810 1461 2838 Cui
1479 2806 1552 2838 bello
1589 2819 1645 2840 non
1667 2809 1786 2848 idonei,
1813 2820 1871 2842 non
1906 2814 2044 2853 prompti

1160 2856 1338 2899 fuissemus,
1365 2863 1455 2890 etiam
1467 2862 1597 2897 impares
1621 2863 1732 2898 copiis,
1762 2863 1813 2900 qui
1833 2868 1897 2891 tam
1920 2860 2044 2892 libenter

1148 2907 1151 2949 f
1168 2907 1373 2946 trucidamur,
1393 2905 1424 2947 sc*
1442 2918 1499 2938 non
1516 2909 1600 2948 apud
1619 2908 1703 2946 istam
1725 2907 1922 2950 Disciplinam
1947 2913 2044 2953 mags:

1149 2959 1151 2988 3
1167 2958 1257 2990 occidi
1265 2958 1362 2989 liceret
1378 2981 1388 2996 ,
1412 2958 1502 2998 quam
1517 2958 1666 2990 occidere?
1694 2958 1886 2992 Contextus
1907 2959 1951 2992 est
1965 2961 2045 2993 inte-

1148 2997 1223 3052 lgre
1248 3007 1421 3052 legendus.
1449 3005 1578 3041 Fideles
1607 3006 1778 3049 subditos,
1804 3008 1880 3042 licet
1903 3010 2045 3053 persecu-

1150 3057 1153 3071 '
1169 3057 1312 3091 tionibus
1324 3067 1481 3091 vexentur
1498 3058 1597 3100 usque
1610 3058 1648 3090 ad
1663 3067 1802 3092 mortem
1814 3084 1823 3099 ,
1854 3059 1951 3093 docet
1975 3071 2045 3094 non

1149 3109 1153 3164 l
1170 3109 1255 3150 posse
1268 3109 1415 3153 legitimo
1429 3106 1571 3149 Principi
1586 3107 1759 3142 rebellare.
1788 3109 1890 3156 Qiod
1903 3110 2045 3143 omnino

1149 3168 1154 3202 i
1170 3169 1279 3192 verum
1292 3157 1337 3191 est
1351 3159 1447 3191 etiam
1463 3158 1494 3190 in
1508 3155 1665 3191 haereticis
1677 3183 1684 3189 .
1711 3159 1839 3192 Fideles
1851 3157 2045 3195 orthodoxi

1150 3223 1153 3243 i
1169 3210 1269 3250 quiin
1285 3208 1423 3242 Oriente
1435 3207 1490 3240 sub
1506 3207 1626 3241 Turcis
1639 3219 1695 3241 aut
1721 3209 1905 3250 Saracenis,
1931 3211 1964 3243 &
1988 3208 2046 3253 qui

1149 3255 1154 3284 l
1172 3259 1204 3291 in
1216 3259 1399 3293 Occidente
1411 3268 1465 3290 aut
1479 3257 1705 3301 Septentrione
1716 3257 1840 3303 degunt
1855 3259 1912 3293 sub
1926 3258 2048 3293 haereti-

1173 3309 1218 3342 cis
1231 3308 1435 3350 Principibus
1457 3318 1511 3340 aut
1537 3308 1802 3352 Magistratibus,
1830 3320 1962 3343 ornnem
1984 3307 2048 3343 illis

1173 3359 1292 3393 debent
1306 3357 1515 3392 reverentiam
1529 3369 1566 3391 ac
1579 3359 1802 3393 obedientiam
1819 3385 1825 3391 .
1854 3360 1947 3401 Juxta
1970 3358 2051 3401 Jere·

1150 3369 1242 3490 [miae
1259 3407 1425 3452 Prophetas
1449 3419 1485 3441 ac
1498 3409 1605 3443 Sanfii
1630 3409 1725 3442 Pauli
1751 3408 1905 3452 Apostoli
1936 3407 2051 3443 Edista

1173 3459 1404 3504 obstringimus
1431 3458 1573 3502 proiplis
1593 3459 1731 3492 clamare
1767 3459 1806 3492 ad
1827 3459 2013 3492 Dominum
2041 3483 2053 3500 ,

1605 3509 1620 3540 l
1674 3521 1694 3545 2

1897 3519 1934 3543 ut
1956 3519 2012 3543 ant
