2366 3736
587 158 670 203 Dn
706 158 969 203 SIMONlA
1007 158 1491 203 Mouastenmttu
1511 174 1567 204 M.

200 251 309 284 Clerici
328 243 462 286 occast‘one
475 245 599 286 alicujus
613 238 829 285 co‘nsuetudinzs
845 264 854 279 ,
878 249 933 281 pro
948 239 1068 282 Raptis
1084 264 1086 275 Ι

201 312 268 340 mo,
293 299 471 340 sepultura,
502 295 733 330 Benedaec‘iione,
759 293 879 332 altisque
902 292 1070 322 Sacramen-

202 354 242 381 tis
259 346 463 389 Ecclefiasticis
483 347 604 388 aliquid
621 350 736 385 exigere
748 342 799 374 vel
808 351 984 382 extorquere
993 348 1070 380 prae-

198 397 322 442 sumant
335 422 345 437 ,
368 395 425 439 sed
434 409 469 430 ea
477 396 638 429 liberaliter
649 395 682 426 (⁸5
689 392 748 432 fine
759 389 1072 433 difficultatestudeant

203 450 340 481 canonice
354 447 537 487 ministrare3
565 451 738 475 moneantur
762 452 861 474 tamen
885 444 969 473 Laici
1007 442 1072 472 dili-

197 507 303 541 genter
317 522 326 536 ‚
352 509 388 530 ne
399 497 477 539 quod
479 503 535 536 pro
556 498 725 526 reverentia
749 495 1001 524 §aeramentorum
1024 494 1073 523 de·

203 555 284 581 votio
300 547 433 589 fidelium
454 544 622 576 introduxit
647 568 656 583 ‚
684 555 723 577 ex
742 547 879 575 avaritia.
903 541 1002 573 velint
1013 542 1068 573 ali·

203 600 331 640 qualiter
352 605 487 628 revocare
499 619 506 626 .
537 594 616 630 Haec
628 593 673 626 est
692 595 827 636 antiqua
842 615 852 631 ,
880 589 1012 624 secundi
1026 603 1072 624 ta-

203 658 276 682 men
288 645 415 679 ordinis
428 645 462 678 &
476 644 630 686 temporis
642 643 822 685 Disciplina
837 666 844 673 .
869 641 974 684 Ipsam
989 643 1072 684 quip

203 696 244 740 pe
253 721 263 736 ‚
276 696 322 731 uti
335 696 393 731 suo
403 704 549 736 tempore
560 694 707 727 usitatam
721 717 731 732 ‚
744 692 852 727 laudat
866 692 1078 735 S.Gregorius

204 746 435 782 Nazianzenus
449 768 459 784 ,
477 743 663 778 declamans
674 743 713 776 ad
725 743 880 785 populum
895 741 1080 775 Constanti-

36 791 189 831 Orat-282
206 792 605 839 nopolitanum:,Quosdam
615 804 653 827 ex
666 793 781 834 bis,qui
792 794 889 825 Altari
899 791 1081 831 ministrant,

204 849 240 881 Θ
249 844 370 888 pulchre
387 851 485 886 inopes
494 843 564 886 fient
575 852 641 885 ‚pro
652 842 770 875 viribus
782 840 929 882 recreastis
941 865 951 881 ‚
975 849 1006 873 ut
1019 845 1082 872 ani·

206 903 264 931 mis
276 896 373 928 minus
384 894 531 935 disiraeiis
546 896 642 927 Altari
654 899 747 935 magis
772 891 929 933 adsideant
942 915 952 931 ,
979 901 1012 923 ac
1040 889 1084 922 bo·

212 958 314 981 norum
327 946 485 986 vestrorum
502 949 667 985 participes
673 942 756 983 fabii
763 941 819 985 sua
837 953 949 984 quoque
967 941 1088 987 ’tn‘cifflm¹

212 997 298 1030 vobis
309 987 462 1036 conferant
475 1013 486 1020 -
509 996 607 1035 Turpe
613 991 689 1035 sane
701 992 737 1031 est
751 992 814 1026 baec
836 994 870 1026 <a
888 1003 938 1024 nos
957 989 1083 1033 exposce

212 1058 244 1080 re
256 1070 267 1086 ,
292 1047 326 1078 <⁶5
338 1055 393 1077 vos
404 1055 462 1077 non
474 1044 613 1087 elargiri.
642 1047 707 1076 Nec
718 1045 789 1075 vero
811 1044 874 1076 ideo
894 1041 971 1075 ban:
988 1043 1087 1073 admo-

212 1101 351 1128 nitionem
362 1093 476 1134 habui,
513 1103 546 1127 ut
569 1098 613 1125 ita
623 1099 656 1125 in
669 1105 714 1126 me
732 1095 812 1136 fiat;
840 1092 944 1125 verum
967 1094 998 1124 ιὸ
1025 1090 1089 1123 baec

209 1151 307 1178 oratio
323 1143 459 1187 spet‘lat,
486 1152 519 1176 ut
530 1145 567 1177 de
580 1142 693 1183 Christo
718 1143 790 1176 bene
811 1149 916 1178 mereri
929 1140 1051 1188 discatis
1078 1164 1084 1171 .

212 1196 285 1229 Cur
299 1195 514 1236 semet-ipsum
537 1205 604 1227 non
620 1194 899 1229 commendaverit
911 1191 1091 1235 Gregorius

215 1243 384 1288 adjungit:
414 1245 518 1276 Melius
530 1243 568 1284 est
581 1244 657 1275 mihi
674 1249 768 1282 rnori,
795 1245 885 1284 quam
909 1251 941 1274 ut
954 1242 1092 1285 gloriatio

216 1306 283 1328 moa
294 1303 450 1328 evacuetur
468 1318 478 1333 ,
498 1305 534 1326 ac
544 1293 618 1325 mihi
629 1294 963 1335 predicatiEvangelii
985 1301 1091 1323 merces

216 1353 320 1387 pereat
333 1368 343 1383 ‚
365 1341 391 1384 fi
412 1343 460 1375 hic
481 1343 615 1376 laborum
653 1344 764 1385 messem
783 1342 884 1384 fecero
899 1364 905 1369 ·
932 1341 1093 1382 Evangelii

219 1400 300 1428 enim
310 1394 486 1435 pra-dicatio
508 1393 676 1431 neteffitatis
689 1393 727 1434 est
738 1405 752 1433 ;
779 1390 975 1429 munificentia
997 1398 1094 1421 autem

222 1444 328 1476 &laur
341 1449 372 1475 in
381 1453 411 1474 eo
415 1441 472 1482 fita
482 1442 519 1482 est
532 1466 542 1481 ‚
568 1451 602 1473 ut
608 1448 706 1484 gratis
732 1441 783 1472 hoc
796 1452 902 1472 munus
924 1440 1062 1473 obeamus
1087 1462 1096 1469 .

222 1491 402 1536 Gregorius
421 1491 712 1533 Constantinopoli
734 1492 834 1533 usque
857 1489 895 1523 ad
909 1488 1093 1524 Theodosii

222 1543 394 1585 imperium
407 1552 472 1574 non
486 1540 548 1574 fuit
571 1540 756 1577 Cardinalis
769 1564 778 1582 ,
807 1541 856 1573 sed
881 1540 1097 1573 millionarius

222 1592 419 1635 Episcopus:
447 1591 480 1624 ὅ(
494 1589 608 1623 maluit
625 1591 657 1623 in
670 1590 832 1627 conducto
855 1589 1007 1626 cubiculo
1025 1599 1097 1632 pau·
1145 1595 1147 1639 J

223 1642 372 1686 perculus
385 1640 425 1674 ad
437 1640 589 1675 omniurn
612 1640 890 1675 Miffionatiorum
912 1641 1098 1681 exemplum
1147 1644 1149 1650 “

225 1692 333 1725 vivere
344 1714 354 1729 ‚
378 1691 476 1734 quam
489 1690 702 1733 semet-ipsum
715 1690 837 1733 populo
849 1690 1098 1723 commendare.

224 1742 326 1787 Quod
341 1751 457 1784 pauper
483 1739 647 1774 parochus
663 1741 702 1774 ad
729 1738 913 1775 servandam
937 1741 971 1773 in
995 1741 1101 1774 Sacra-

223 1801 412 1829 mentorum
436 1790 642 1833 perceptione
657 1791 928 1824 consuetudinem
954 1790 1101 1823 hortetur

224 1843 319 1875 suum
336 1841 491 1884 populum
502 1865 511 1881 ‚
542 1851 639 1884 atque
652 1841 696 1874 ita
710 1841 923 1883 semet-ipsum
935 1851 1101 1874 commen-

223 1891 301 1931 det,
340 1890 526 1924 nullatenus
543 1891 587 1924 est
612 1890 930 1933 reprehendendum:
958 1900 1101 1924 attamen

225 1940 326 1984 longe
340 1939 444 1984 magis
472 1941 630 1974 convenit
652 1941 683 1974 id
706 1941 774 1973 fieri
791 1951 843 1983 per
870 1941 1067 1983 Episcopum
1095 1964 1102 1971 .

226 1991 281 2024 sie
295 1992 348 2023 fiet
360 2002 435 2023 cum
452 1990 568 2031 majori
588 1989 806 2023 authoritate.
837 1990 878 2022 Et
901 1990 989 2028 supra
1012 1988 1104 2021 audi-

227 2040 335 2072 vimus
358 2040 399 2072 ita
415 2038 531 2072 fanum
556 2040 571 2071 a
594 2038 769 2074 venerabili
795 2038 987 2071 Alexandro
1009 2037 1105 2070 Cani-

227 2088 350 2133 gimo,
379 2087 480 2121 Archi
496 2106 506 2112 ·
520 2088 683 2130 Episcopo
700 2087 843 2129 Aquenfi
857 2101 868 2120 .·
897 2085 1020 2130 ,Quodsi
1037 2089 1106 2120 laici

229 2139 358 2171 bominer
369 2135 559 2180 eleemosina:
573 2138 646 2170 dare
672 2135 822 2179 consuetas
838 2161 848 2175 ,
874 2139 1104 2178 impendereque

227 2195 404 2227 renuerint,
431 2200 478 2221 eos
494 2185 657 2227 Episcopus
668 2198 705 2219 ex
727 2190 880 2218 Canonum
894 2188 967 2226 jure
994 2187 1038 2218 ad
1055 2187 1106 2227 pie*

228 2237 430 2271 'introdut‘lam
455 2233 694 2277 consuetudinem
722 2238 860 2277 perpetuo
883 2237 1068 2268 retinendam
1096 2260 1105 2276 ,

229 2296 313 2331 cogat
333 2295 421 2329 atque
441 2286 590 2326 compellat
616 2310 622 2316 .
650 2286 813 2329 Loquitur
833 2297 873 2319 ex
896 2286 1104 2319 Lateranenfi

231 2337 372 2371 Canone
393 2334 719 2379 Innocentiilll.qui
742 2337 872 2369 cunstas
898 2335 1106 2377 hujusmodi,

233 2386 403 2430 praesertim
427 2386 458 2418 in
473 2385 684 2420 funeribus&
698 2386 839 2428 nuptiis,
865 2387 1052 2420 exactiones
1064 2387 1101 2418 ri·

235 2435 395 2482 gidiffime
433 2436 589 2475 damnat,
616 2447 712 2478 atque
734 2435 885 2480 adjungit
911 2447 918 2467 ε
956 2439 985 2468 E
1005 2437 1108 2468 contra

234 2489 357 2529 quidam
368 2489 450 2519 Laici
464 2486 639 2518 laudabilem
650 2484 884 2528 consuetudinem
896 2497 965 2529 erga
972 2484 1108 2528 sandiam

237 2535 395 2576 Ecclesiam
406 2560 415 2574 ‚
440 2541 492 2577 pia
500 2535 632 2576 fidelium
645 2536 799 2568 devotione
819 2536 1019 2569 introductam
1035 2561 1044 2575 ‚
1069 2547 1108 2570 ex
1156 2541 1159 2579 '3

230 2585 381 2630 fennento
398 2584 545 2618 baerett‘cae
569 2590 739 2625 pravitatis
776 2590 911 2618 nituntur
943 2586 1108 2630 infringere

236 2634 288 2679 sub
312 2642 462 2676 praetextu
487 2638 644 2666 Canonicae
667 2640 792 2677 pietatis
815 2659 821 2666 .
858 2639 1046 2678 ‚Quapropter
1076 2638 1109 2670 (ν

235 2694 358 2727 pravas
382 2684 548 2716 exactiones
571 2682 659 2726 super
684 2683 732 2716 bis
754 2684 821 2725 fieri
837 2685 1027 2727 prohibemus
1040 2711 1050 2726 ,
1076 2688 1110 2721 Θ

237 2740 306 2777 pias
319 2732 533 2776 consuetudines
542 2740 733 2777 praecipimus
753 2733 925 2778 observari,
950 2736 1109 2777 statuentes

239 2793 272 2819 ut
284 2785 372 2819 liber?
393 2783 581 2825 conferantur
605 2783 798 2824 Ecclefiastica
819 2787 1027 2824 sacramenta,
1055 2784 1111 2828 sed

239 2843 293 2877 per
316 2833 492 2876 Episcopum
514 2836 586 2875 loci,
612 2840 744 2867 veritate
765 2841 881 2878 cognita
900 2860 910 2875 ‚
936 2835 1110 2878 compescan-

242 2895 312 2924 tur,
341 2892 392 2926 qui
414 2886 554 2918 malitiose
580 2891 714 2917 nituntur
735 2884 914 2918 laudabilem
937 2885 1112 2930 consuetudi-

242 2946 308 2969 nem
319 2941 495 2968 immutare.
524 2934 710 2969 Innocentii
739 2935 795 2968 111.
819 2945 964 2978 tempora
983 2937 1112 2970 fuerunt

243 2985 408 3019 infelicia:
439 2985 557 3019 foedata
582 2996 635 3028 per
654 2984 784 3019 Petrum
811 2984 992 3027 Bruffium,
1022 2986 1112 3020 Albi-

244 3036 380 3079 genses,
416 3035 561 3078 aliosque
586 3035 852 3069 Calvinissarum
869 3035 1080 3070 Praecuisores
1107 3061 1114 3068 .

246 3083 316 3124 Hi,
344 3088 412 3128 quo
437 3085 569 3118 Clerum
582 3086 706 3129 populo
729 3087 870 3119 invisum
909 3086 1079 3121 redderent
1106 3111 1116 3126 ‚

247 3136 396 3176 atqueita
408 3145 585 3169 everterent
609 3147 661 3177 pet
674 3146 890 3178 paupertatem
905 3160 915 3175 ,
944 3148 1010 3169 non
1036 3136 1116 3171 solas

248 3182 282 3215 in
312 3184 477 3218 Sacrorum
519 3186 800 3219 administratione
820 3187 1003 3220 exastiones
1028 3211 1038 3226 ‚
1065 3188 1115 3219 sed

249 3231 346 3265 etiam
383 3233 495 3269 liberas
518 3236 702 3270 oblationes
725 3236 921 3271 damnarunt
942 3236 984 3271 de
1015 3237 1106 3270 Simo

250 3283 324 3316 nia.
357 3282 396 3315 Et
408 3286 537 3326 multis,
564 3284 639 3321 licet
651 3297 717 3320 non
732 3286 862 3328 plenum
885 3297 1044 3325 errorem,
1075 3289 1115 3330 ip-

250 3332 312 3364 fius
323 3339 430 3364 tamen
452 3335 651 3370 maeniorum
666 3337 862 3370 fermentum
885 3338 1114 3371 adfricuerunt.

251 3381 294 3415 Et
309 3380 341 3413 hi
358 3381 414 3415 sub
426 3382 550 3425 pietatis
573 3397 724 3428 praetextu
748 3388 918 3421 consuetas
937 3382 1119 3422 ob'ariones

251 3431 420 3467 studebant
442 3432 620 3478 infringere
644 3450 656 3470 .-
694 3437 890 3473 laudabilem
911 3439 1104 3474 consuetudi

1912 176 1973 210 91

1134 250 1207 274 nem
1225 239 1370 280 nequiter
1394 239 1583 276 immutare.
1614 240 2005 284 Hoscompescimandat

1135 289 1286 324 laudatus
1299 291 1415 325 Canon
1431 314 1441 330 ,
1467 291 1501 324 ἀ
1519 293 1642 327 avitam
1666 292 1812 326 fidelium
1836 293 2006 327 consuetu-

1133 342 1245 374 dinem
1267 340 1408 374 declarat
1429 342 1492 373 efle
1516 344 1602 382 piam
1631 366 1642 382 ,
1679 343 1875 385 mandatque
1895 339 2008 385 perpess

1134 392 1239 425 tuari.
1266 390 1463 425 Faciendum
1491 390 1696 429 oblationem
1726 393 1885 435 permittit
1908 393 2010 435 cujus-

1135 452 1199 485 que
1221 441 1380 480 atbitrio,
1408 439 1572 474 neminem
1598 442 1630 473 in
1654 442 1803 486 lingulati
1828 442 1896 476 vult
1920 453 2008 477 com-

1136 491 1214 534 pelli
1236 515 1243 522 .
1272 491 1382 537 Qare
1395 490 1543 524 laudatus
1566 490 1772 532 Alexander,
1800 504 1840 526 ne
1863 492 2010 526 videatur

1135 540 1297 575 excessiffe
1324 540 1465 579 limites,
1494 540 1538 573 est
1551 537 1617 576 hoc
1630 543 1730 576 etiam
1754 543 1857 579 modo
1883 543 2012 578 intelli-

1135 590 1282 640 gendus.

1145 639 1147 641 ’
1190 639 1382 674 Dissertatio
1401 637 1486 674 dixit
1509 639 1611 675 etiam
1641 652 1698 683 pto
1723 641 1828 674 Missae
1850 643 2015 678 Sacrificio

1142 689 1223 726 nihil
1238 690 1325 733 posse
1338 689 1429 734 exigi
1446 702 1452 721 ε
1479 701 1614 723 omnem
1629 691 1728 724 sordis
1741 691 1878 733 speciem
1892 692 1946 725 hic
1958 693 2019 725 fin·

1144 740 1341 787 gularisstme
1373 740 1557 774 vitandam.
1584 741 1747 784 Oportere
1776 751 1834 772 nos
1860 744 1922 776 elle
1941 753 2019 776 con-

1143 802 1252 826 tentos
1271 792 1446 835 spontanea
1473 790 1665 833 postulantis
1688 790 1891 832 eleemosyna
1916 816 1923 823 .
1951 793 2021 824 An·

1145 844 1270 885 tiquam
1286 840 1430 874 Ecclefiae
1454 841 1632 876 ,castitatem
1657 853 1694 874 ac
1718 841 1870 884 pietatem
1893 840 2022 874 abunde

1146 893 1302 935 exposui.
1331 891 1468 926 Foedum
1490 890 1623 924 abusum
1641 892 1735 924 refert
1763 902 1800 926 ac
1827 891 1961 925 damnat
1986 893 2022 924 in

1146 941 1399 986 quarta-decima
1438 941 1491 973 sua
1530 942 1669 987 Synodo
1690 941 1888 974 Guilielmus
1914 940 2023 982 Major

1151 993 1329 1035 Episcopus
1354 990 1623 1035 Andegavenfis:
1651 989 1722 1034 Usus
1736 993 1863 1032 quidam
1885 997 1916 1023 in
1926 990 2023 1030 nostra

1132 1040 1273 1083 lDioecefi
1279 1044 1423 1080 inolevit,
1453 1042 1534 1082 quod
1550 1040 1656 1085 singuli
1678 1043 1848 1074 Sacerdotes
1868 1065 1877 1080 ‚
1906 1041 2024 1082 Missam

1151 1099 1183 1126 in
1208 1097 1342 1134 exequiis
1364 1089 1576 1134 discedentium
1608 1092 1786 1127 celebrantes
1806 1114 1816 1129 ‚
1850 1092 2027 1133 quatuorde-

1153 1149 1209 1176 cim
1220 1144 1357 1175 denarios
1371 1147 1494 1184 exigunt
1505 1142 1543 1174 ab
1568 1140 1735 1174 haeredibus
1757 1144 1806 1174 vel
1823 1142 2027 1174 executoribus

1154 1192 1360 1234 defunHorum
1374 1215 1381 1222 .
1406 1193 1491 1223 Unde
1513 1193 1643 1224 nonnulli
1667 1193 1825 1234 Capeliani
1846 1217 1854 1230 ,
1883 1193 1916 1225 (θ’
1937 1198 2028 1224 etiam

1138 1266 1140 1281 ,
1156 1241 1349 1282 Ecclefiarum
1376 1241 1510 1280 Rec‘louer
1524 1242 1626 1279 nostrae
1649 1240 1779 1282 Dioecefis
1791 1265 1800 1280 ‚
1827 1243 2029 1285 intelligentes

1138 1283 1238 1332 {istum
1249 1290 1332 1334 usum
1345 1314 1355 1330 ,
1378 1289 1477 1331 fiusus
1493 1292 1554 1325 dici
1564 1290 1648 1323 debet
1668 1298 1755 1322 nimis
1780 1292 1862 1332 largi?
1875 1316 1884 1329 ,
1910 1292 2030 1330 dimiffis

1139 1357 1142 1362 ¹
1149 1341 1212 1384 fine
1223 1341 1328 1382 custode
1351 1338 1483 1378 Ecclessis
1498 1363 1513 1378 ,›
1535 1350 1592 1371 non
1599 1339 1659 1378 fine
1665 1345 1759 1382 gravi
1768 1341 1897 1379 periculo
1916 1346 2034 1372 anima·

1139 1385 1222 1443 'j‘rum
1236 1415 1246 1430 ‚
1269 1389 1340 1431 ficut
1363 1394 1444 1421 corvi
1455 1390 1506 1421 vel
1516 1389 1653 1423 vultures
1667 1392 1703 1421 de
1715 1390 1797 1431 longe
1808 1391 1963 1423 cadavera
1967 1389 2037 1432 sen-

1141 1446 1287 1483 {tientes,
1313 1440 1349 1472 de
1370 1444 1498 1483 quinque
1512 1439 1565 1472 vel
1578 1438 1633 1481 sex
1656 1439 1744 1472 leucis
1766 1446 1945 1475 catervatim
1980 1441 2037 1472 ad-

1143 1491 1145 1511 ἶ
1156 1492 1255 1533 fluunt
1280 1491 1324 1522 ad
1337 1488 1449 1530 funera
1474 1499 1669 1529 mortuorum,
1700 1492 1733 1524 ἐν
1768 1492 1942 1534 quandoque
1970 1501 2037 1523 cum

1143 1538 1146 1571 ἒ
1156 1546 1250 1587 gravi
1256 1539 1398 1584 scandalo
1405 1539 1510 1583 populi
1521 1564 1530 1578 ,
1561 1539 1687 1581 quaeflus
1697 1540 1838 1581 praedic‘li
1855 1545 1960 1584 gratia
1970 1551 2038 1573 ver-

1162 1592 1209 1628 bis
1223 1591 1404 1623 contendunt
1419 1596 1488 1631 quis
1500 1589 1674 1628 celebrabit,
1702 1591 1896 1624 &interdum
1909 1602 1986 1622 unus
1996 1590 2040 1622 al-

1163 1648 1219 1674 teri
1241 1646 1352 1674 excutit
1363 1650 1539 1673 ornamenta
1555 1663 1562 1671 .
1587 1644 1654 1672 Nos
1676 1650 1775 1673 autem
1793 1639 1955 1684 praesentis
1981 1652 2041 1673 au-

1147 1691 1306 1724 rcharitate
1319 1693 1456 1729 statuti,
1480 1688 1566 1732 usum
1577 1688 1674 1733 ipsum
1693 1692 1881 1724 declarantes
1905 1700 2041 1724 tantum-

1163 1743 1248 1775 modo
1261 1741 1366 1774 debere
1377 1741 1503 1784 intelligi
1518 1764 1528 1780 ‚
1556 1743 1664 1782 quoties
1692 1741 1857 1779 Presbyteri
1878 1747 1911 1773 in
1930 1741 2042 1773 talibus

1163 1797 1297 1833 exequiis
1308 1791 1489 1823 celebrantes
1502 1814 1513 1830 ‚
1540 1789 1645 1822 adhoc
1661 1800 1697 1823 ex
1711 1799 1798 1832 parte
1819 1789 1971 1824 haredum
1992 1790 2043 1823 vel

1166 1845 1369 1874 Executorum
1390 1845 1517 1874 invitati
1539 1839 1656 1880 fuerint
1669 1865 1680 1881 ‚
1707 1842 1759 1873 vel
1769 1847 1863 1884 rogati
1880 1866 1886 1872 .
1916 1845 1953 1873 At
1963 1845 2043 1882 peri·

1164 1893 1236 1927 culis
1250 1898 1418 1922 animarum
1431 1914 1440 1930 ,
1466 1892 1677 1932 cupiditatique
1689 1890 1841 1932 effrenata
1860 1891 1965 1925 talt'um
1990 1893 2043 1923 Sa·

1166 1943 1315 1974 cerdotum
1330 1963 1339 1979 ,
1363 1947 1414 1982 qui
1434 1939 1468 1983 se
1479 1949 1578 1972 contra
1588 1939 1652 1982 suae
1665 1941 1824 1986 dignitatis
1838 1940 1972 1973 bonorem
1992 1951 2044 1973 ve·

1167 1993 1250 2024 nales
1263 1998 1413 2031 exponunt
1427 2014 1437 2029 ,
1462 1990 1583 2023 obviare
1605 1992 1734 2024 volentes
1751 2015 1761 2030 ‚
1784 1991 1972 2034 prohibemus
1983 2001 2043 2021 om-

1153 2039 1254 2086 *nibus
1267 2046 1300 2072 ω
1309 2038 1431 2082 singulis
1443 2037 1637 2080 Ecclefiarum
1660 2039 1831 2073 lectioribus
1850 2042 1884 2074 Θ
1905 2040 2046 2082 Capella·

1153 2094 1217 2122 ‘nis
1238 2088 1339 2128 nostra·
1361 2088 1491 2129 Dioeeefis
1507 2113 1516 2127 ,
1543 2100 1579 2123 ne
1589 2090 1625 2121 de
1649 2100 1753 2123 caetero
1779 2089 1921 2131 Ecclest‘as
1937 2114 1946 2128 ,
1972 2101 2046 2131 qua-

1153 2139 1234 2198 }rum
1254 2138 1391 2177 Custodes
1414 2138 1568 2178 existunt,
1594 2139 1753 2172 dimittant
1770 2139 1832 2180 fine
1850 2139 2044 2180 Presbytero,

1153 2187 1279 2226 :talium
1299 2193 1492 2228 exequiarum
1515 2187 1632 2221 obtentu
1649 2211 1660 2227 ,
1686 2199 1737 2222 nec
1742 2197 1797 2231 pro
1815 2189 1902 2227 Missis
1923 2188 2048 2221 celebra·

1155 2244 1210 2278 ¹tis
1222 2236 1260 2269 ab
1280 2242 1322 2269 eis
1344 2242 1376 2268 in
1398 2235 1565 2278 hujusmodi
1585 2236 1739 2277 funeribus
1760 2248 1875 2279 praeter
1910 2241 2048 2272 volunta-

1155 2285 1231 2322 stem
1248 2288 1282 2320 (9·
1302 2285 1512 2330 reqmfittonem
1533 2287 1695 2332 expressam
1712 2288 1918 2330 defuni‘i'orum
1943 2311 1953 2326 ,
1989 2297 2043 2321 aut

1172 2337 1324 2371 baeredum
1347 2339 1380 2370 <5
1393 2340 1591 2372 Executorum
1616 2336 1741 2380 ipsorum
1753 2363 1763 2378 ‚
1791 2339 1912 2381 aliquid
1926 2345 2047 2380 petant,

1155 2392 1298 2431 'exigant
1321 2387 1373 2421 vel
1391 2394 1536 2429 recipiant
1559 2387 1598 2420 ab
1620 2394 1729 2421 invitis
1755 2414 1761 2421 .
1802 2389 1966 2421 Permittit
1988 2387 2049 2420 ad-

1155 2442 1158 2486 j
1173 2438 1260 2471 mitti
1283 2449 1321 2472 ac
1342 2438 1430 2482 exigi
1446 2437 1545 2471 solam
1561 2437 1742 2472 voluntarie
1753 2438 1946 2471 destinatam
1959 2436 2049 2473 obla-

1156 2507 1158 2527 :
1174 2498 1300 2523 tionem
1312 2513 1319 2520 .

1225 2536 1425 2580 Hujusmodi
1444 2538 1586 2570 excessus
1599 2547 1674 2570 ante
1688 2537 1924 2572 Tridentinam
1948 2538 2050 2581 Syno-

1174 2588 1252 2622 dum
1272 2612 1283 2628 ‚
1308 2588 1387 2621 dum
1402 2586 1584 2628 Presbyteri
1608 2587 1672 2620 fine
1686 2588 1786 2622 titulo
1796 2587 2046 2628 ordinabantur,

1155 2638 1303 2673 lfuerunt
1328 2638 1450 2679 plures.
1480 2635 1651 2680 pauperies
1686 2638 1726 2671 ad
1743 2637 1818 2671 illos
1861 2637 2013 2683 adigebat
2039 2662 2048 2671 .

1157 2688 1267 2730 [Hinc
1278 2686 1315 2719 ad
1329 2687 1415 2719 suam
1441 2686 1612 2730 Synodum
1635 2687 1721 2722 dixit
1746 2688 1914 2722 Dominus
1936 2688 2049 2722 Cardi-

1157 2737 1258 2783 ¹nalis
1282 2736 1419 2771 Carolus
1445 2735 1463 2770 ὁ,
1491 2736 1708 2781 Lotharingia
1731 2737 1853 2772 Archi·
1868 2739 2049 2779 Episcopus

1179 2784 1367 2820 Rhemenfis
1381 2800 1392 2821 .·
1420 2789 1555 2820 Fuerunt
1566 2789 1684 2828 quidem
1705 2789 1811 2821 inillis
1839 2791 1977 2820 comitiis
1992 2793 2049 2819 Au-

1157 2833 1383 2877 -relianenfibus
1402 2835 1536 2880 speciosae
1553 2837 1650 2879 fadiae
1679 2840 1773 2879 Leges
1792 2860 1801 2875 ,
1828 2836 1989 2878 qu'usmodi
2008 2836 2047 2877 est

1157 2884 1236 2929 {qua
1258 2895 1379 2921 cavetur
1392 2911 1402 2926 ,
1430 2898 1465 2920 ne
1474 2896 1530 2927 pro
1553 2887 1727 2919 celebranda
1741 2898 1772 2920 re
1799 2889 1915 2921 Divina
1935 2890 2047 2921 dentur

1158 2933 1161 2959 ἶ
1178 2937 1324 2970 Sacerdoti
1334 2935 1495 2979 plusquam
1509 2939 1565 2969 duo
1572 2936 1660 2979 solidi
1672 2939 1706 2972 &¹
1728 2938 1874 2972 dimidius
1886 2963 1893 2970 .
1922 2937 2048 2972 Verum

1158 2960 1241 3028 lipse
1267 2988 1349 3021 circa
1369 2986 1435 3020 haec
1457 2987 1539 3019 nihil
1564 2988 1668 3020 sanxit
1685 3011 1695 3026 ‚
1735 2986 1818 3020 nilul
1859 2987 2012 3022 definivit
2037 3011 2046 3020 .

1177 3036 1340 3071 Gallicani
1365 3037 1454 3071 Cleri
1482 3035 1567 3079 apud
1610 3036 1832 3072 Melodunum
1855 3038 2050 3073 Conventus

1177 3087 1268 3132 elapsi
1291 3086 1395 3120 saeculi
1433 3098 1523 3122 anno
1565 3089 1778 3131 nonagesimo
1815 3089 1952 3131 septimo
1980 3087 2049 3121 haec

1160 3138 1375 3195 {compendio
1396 3136 1516 3170 edixit.-
1548 3141 1653 3170 Omnis
1669 3144 1763 3179 turpis
1775 3149 1812 3171 ex
1835 3139 1985 3182 Missurum
2007 3149 2049 3170 ce-

1161 3187 1335 3231 }lebratione
1356 3187 1531 3220 abarceaemr
1543 3187 1689 3230 quaefius.
1718 3188 1758 3221 Et
1789 3188 1911 3222 laudati
1934 3186 2049 3222 Caroli

1182 3250 1213 3272 in
1228 3238 1455 3280 Episcopatum
1481 3238 1637 3271 successor
1651 3262 1661 3277 ,
1689 3237 1857 3272 Dominus
1867 3236 2049 3271 Cardinalis

1182 3287 1517 3322 LudovicusaGuilia
1539 3287 1648 3320 statuit
1675 3287 1708 3322 in
1736 3290 1788 3322 sua
1815 3289 1973 3332 synodo.-
2000 3287 2050 3319 5a·

1179 3339 1306 3371 cerdotes
1322 3363 1331 3378 ,
1366 3338 1466 3380 quide
1483 3343 1578 3379 pretio
1594 3335 1780 3380 paciscuntur
1803 3347 1837 3370 ut
1863 3338 1961 3379 Missas
1980 3336 2050 3369 cele·

1182 3388 1268 3422 brent
1281 3413 1290 3428 ,
1318 3388 1483 3420 habeantur
1495 3389 1665 3421 simoniaci.
1695 3387 1774 3421 Non
1790 3396 1895 3421 autem
1909 3387 1928 3418 st
1939 3384 2051 3425 sponte

1181 3439 1289 3474 oblata
1308 3438 1463 3482 recipiant
1482 3462 1490 3470 .
1528 3439 1572 3473 Et
1594 3439 1627 3472 in
1653 3439 1707 3474 sua
1729 3436 1864 3480 Synodo
1887 3435 2053 3470 Dominus

1896 3485 2006 3521 Ludo-
