2366 3736
54 826 133 870 Cap.
151 840 206 877 42.

44 922 128 970 cip.
151 904 196 963 90-

42 3020 127 3065 Cap.
143 3031 172 3066 7.

337 133 422 182 DE
457 127 734 185 ANTIQUA
769 128 1142 174 Discrimina
1177 126 1775 179 CHRIsT.M1L1T1AE.'

235 220 270 251 fn
279 215 426 258 conspecqu
442 212 494 256 suo
515 215 649 257 ,iugulari
665 213 892 254 provoluptate
911 219 1063 251 computat
1091 237 1102 252 ,

233 262 527 309 conscientiamsuam
539 267 642 304 polluit
655 286 665 301 ‚
690 270 754 292 tam
763 260 868 304 s'ctlicet
881 263 970 302 quam
977 259 1102 300 fihomi·

231 318 323 354 cidit,
350 317 428 356 quod
432 315 470 356 fit
481 316 606 352 occulte,
625 310 772 354 spetffator
792 311 825 343 &⁸
843 319 996 352 particeps
1007 309 1063 351 fiat
1091 336 1098 343 .

229 365 384 398 Affirmat
399 375 540 397 extrema
555 360 704 404 supplicia
717 361 735 394 ὲ
758 359 953 395 Christianis
966 372 1024 393 nec
1035 362 1103 402 pos-

228 415 262 447 se
274 415 404 455 spestari
418 440 425 446 .
454 413 549 447 Adeo
571 412 726 452 ipsoseffe
750 409 876 444 alienos
896 411 937 444 ab
948 412 1040 445 omni
1053 421 1100 453 pe-

228 466 317 497 nitus
329 464 529 497 homicidio.
559 461 659 506 Qod
683 461 787 503 ipsum
814 460 945 494 tradunt
969 460 1105 494 Tertul-

227 513 357 552 lianus,
381 525 421 547 ac*
438 513 571 546 Sanctus
596 510 827 554 Athenagoras
849 533 866 541 .-
884 511 977 543 Hinc
999 510 1101 554 igitur

228 563 417 598 Lactantius
427 560 597 594 concludit
608 571 765 594 armatam
776 559 929 594 militiam
942 559 1101 596 Christia-

226 615 278 647 nis
290 613 416 655 penitus
427 623 493 644 non
506 612 603 643 licere
613 635 620 643 .

275 662 611 703 Tertullianusipsam
625 660 818 694 Christianis
837 671 903 693 non
929 659 1024 703 plene
1047 661 1102 695 in·

224 712 372 745 tei-dicit.
401 712 535 745 Etenim
550 711 737 745 Gentilibus
751 720 810 744 nos
821 709 968 744 humano
990 710 1102 755 generi

222 761 439 795 infrustuosos
449 760 667 794 clamantibus
677 761 846 802 respondet
857 762 890 793 in
904 761 988 794 libro
1012 761 1101 802 Apo-

223 811 378 855 legitico:
394 815 591 855 Navigamus
605 812 638 844 <vs
652 822 701 843 nos
713 808 879 852 vobiscum,
906 812 939 843 ὁ·
952 808 1101 852 vobiscum

223 864 408 902 militamus,
435 861 670 901 &rustic-amur,
697 861 926 894 &mercamun
955 862 1094 894 Sensum

223 913 315 945 suum
325 913 462 955 exponit
485 912 520 944 in
541 909 623 943 libro
640 909 679 943 de
702 910 912 944 Idololatria:
943 912 1036 952 Posset
1059 916 1092 942 in

222 962 270 1003 isto
283 962 420 1003 Capitulo
439 962 529 994 eiiam
540 961 579 992 de
589 960 700 992 militia
710 960 864 1002 definitum
881 962 1001 1001 videri,
1033 971 1098 1002 quae

220 1018 301 1046 inter
315 1012 493 1054 dignitatem
517 1011 548 1043 (θ’
563 1009 733 1050 potestatem
751 1010 808 1049 est.
840 1015 879 1043 At
899 1022 974 1044 nunc
995 1013 1031 1043 de
1053 1009 1102 1049 isto

220 1067 356 1104 queritur
378 1059 525 1102 anfidelis
539 1061 583 1092 ad
593 1061 731 1092 militiam
742 1066 875 1093 coinverti
881 1062 962 1102 poffit
973 1086 982 1102 ,
1009 1063 1042 1094 (τ
1055 1071 1097 1092 an

219 1112 331 1144 militia
345 1112 389 1143 ad
405 1110 506 1152 fidem
520 1112 665 1142 admitti:
693 1117 786 1143 etiam
802 1111 952 1154 caligata,
979 1111 1031 1143 vel
1045 1113 1098 1144 in·-

216 1160 457 1203 feriorquoque,
483 1166 529 1193 cui
542 1158 645 1199 nonsit
667 1162 808 1200 neceffitas
831 1162 1061 1193 immolationum
1087 1188 1098 1203 ,

219 1213 274 1244 vel
291 1210 475 1252 Capitulium
492 1214 524 1254 J
528 1212 685 1243 udiciorum
700 1235 707 1243 .
725 1233 727 1235 f
743 1215 816 1243 Non
842 1217 977 1244 convenit
998 1213 1099 1244 sacra-

222 1263 324 1294 mento
338 1265 451 1293 Divino
463 1263 501 1293 Θ
513 1260 661 1302 human03
688 1260 764 1304 figno
776 1260 884 1300 christi
901 1262 933 1294 6·
944 1260 1024 1303 signo
1036 1264 1098 1294 dia·

220 1310 298 1351 boli;
325 1305 523 1349 castris‘lucts
537 1311 572 1343 ὢ·
594 1310 708 1348 Castris
732 1311 944 1343 tenebrarum:
971 1322 1028 1343 non
1046 1320 1097 1352 po-

220 1360 272 1399 test
295 1372 357 1392 una
378 1365 480 1393 anima
489 1359 601 1391 duobus
624 1359 745 1392 deberi:
767 1360 877 1394 Dedo·
888 1359 1023 1400 Caefari.
1050 1364 1097 1393 Et

220 1415 343 1453 virgam
351 1414 493 1449 portavit
515 1407 622 1449 Moyses
638 1431 648 1447 ‚
669 1407 840 1448 fibulam&
861 1413 961 1441 Aaron
972 1421 986 1449 ;
1012 1414 1096 1452 cingi-

219 1466 269 1490 tur
289 1459 348 1491 loro
362 1460 565 1502 &scannes3
591 1467 699 1500 agmen
718 1463 784 1500 agit
796 1459 830 1491 ὑ
841 1461 874 1502 J
876 1456 941 1500 esus
963 1462 1058 1492 Nave
1085 1485 1095 1500 ,

218 1509 344 1542 bellavit
369 1507 534 1549 &populus
547 1519 557 1539 .·
579 1506 707 1547 fiplacet
727 1508 846 1541 ludere.
875 1510 1027 1550 Quomodo
1045 1521 1096 1542 au-

217 1564 278 1591 um
289 1557 429 1597 bellabit,
456 1559 513 1589 imo*
531 1551 669 1598 quomodo
694 1562 784 1591 etlam
805 1563 837 1591 in
857 1566 934 1599 pace
956 1559 1102 1592 militabit*

214 1606 405 1650 fine-gladio,
432 1618 517 1649 quem
542 1610 684 1639 Dominus
702 1606 845 1646 abstulit?
872 1613 959 1640 Nam
986 1608 1097 1650 etfiad-

218 1664 320 1690 ierant
342 1658 451 1690 milites
470 1659 515 1689 ad
516 1660 693 1701 Joannem,
723 1656 894 1698 &formam
918 1655 1094 1700 obseruatio>

217 1713 478 1749 nir'acceperant‚
501 1707 531 1748 fi
547 1712 642 1740 etiam
665 1710 806 1739 Centurio
821 1709 1010 1750 crediderat;
1036 1721 1096 1742 om-

217 1767 289 1788 mm
311 1758 408 1797 postea
419 1751 543 1790 militem
567 1760 712 1792 Dominus
731 1763 764 1790 in
795 1761 883 1791 Petro
909 1761 1095 1792 exarmando

215 1805 361 1848 discinxit
379 1834 381 1836 .
411 1810 524 1840 Nullus
539 1807 659 1840 habitus
683 1809 780 1840 licitus
799 1807 836 1846 est
849 1811 934 1850 apud
946 1821 997 1841 nos
1011 1811 1095 1843 illici·

215 1864 248 1888 to
269 1857 347 1889 ac‘lus·
368 1855 555 1899 adscriptus.
585 1857 779 1891 Praecederiti
808 1861 842 1891 in
867 1859 973 1900 capite
994 1860 1097 1902 Septi-

216 1906 303 1939 mius
314 1907 467 1952 docuerat
483 1907 605 1941 nuliam
629 1907 774 1941 Romani
789 1909 918 1949 Imperii
942 1908 1094 1954 Dignita-

218 1964 287 1988 tem
303 1979 313 1994 ,
336 1956 581 1995 Pioefeauiam,
607 1968 659 1990 aut
701 1957 930 2000 Magistratum
955 1982 965 1997 ‚
1002 1960 1097 1993 adeo-

218 2010 284 2048 que'
306 2008 482 2048 nec-ipsum
496 2007 669 2048 Imperium
698 2005 812 2047 possea
832 2004 1030 2040 rChiistianis
1041 2006 1094 2041 ad·

217 2056 374 2089 mittiaut
400 2054 547 2088 retineri.
577 2055 633 2089 Ob
660 2055 738 2087 duas
762 2056 930 2098 praesertim
952 2059 1061 2092 causas
1087 2082 1094 2089 .

217 2106 319 2152 Qod
335 2105 447 2148 nempe
466 2106 521 2138 ista
534 2115 645 2137 munia
658 2103 812 2138 haberent
836 2104 996 2140 adnexam
1007 2108 1088 2140 obli·

218 2158 387 2200 gationem
414 2155 598 2188 Praeliorum
617 2155 650 2186 &
672 2154 874 2196 Capitalinm
886 2155 1096 2196 judiciorum,

217 2218 257 2239 ac
293 2208 423 2246 insuper
466 2202 748 2236 Idololatticaium
785 2205 1055 2238 lnimolationum
1085 2230 1091 2236 .

215 2255 350 2288 Etenim
365 2256 399 2288 &
419 2255 611 2295 imperator,
641 2254 673 2286 δε
702 2253 884 2293 Consules,
910 2255 942 2287 δε
962 2255 1094 2288 Provin-

214 2306 338 2339 ciarum
365 2305 515 2338 Restores
538 2329 548 2344 ,
578 2304 711 2345 aliaeque
733 2302 886 2337 sublimes
927 2304 1092 2339 Romano-

216 2366 287 2389 rum
310 2354 486 2388 potestates
511 2355 572 2386 suis
589 2352 788 2395 temporibus
810 2354 842 2386 δε
880 2354 1003 2388 vicibus
1038 2354 1092 2389 ob-

216 2405 455 2450 stringebantur
477 2406 515 2436 ad
554 2403 717 2443 Munera,
757 2403 909 2437 habentia
930 2405 1089 2439 adnexam

215 2454 353 2488 scabiem
367 2456 456 2487 variae
472 2454 668 2487 Idololatriae
681 2478 688 2486 .
716 2454 811 2487 Hinc
835 2455 1012 2496 Septimius
1026 2467 1090 2497 per·

215 2505 265 2548 git
286 2506 325 2538 ad
349 2504 499 2537 militiam
525 2527 531 2534 .
561 2504 601 2536 Et
615 2504 682 2535 duo
706 2506 870 2544 praemittit
892 2530 899 2536 .
939 2504 1050 2538 Primo
1077 2529 1088 2545 ,

216 2554 303 2587 aliud
327 2555 388 2587 esse
411 2553 529 2586 bellare
551 2553 603 2585 seu
633 2555 766 2596 ptaeliari
787 2579 797 2594 ,
841 2555 929 2587 aliud
952 2557 985 2588 in
1001 2566 1088 2598 'pace
1107 2548 1111 2575 ⁸

217 2604 356 2637 militare
380 2627 387 2634 .
427 2601 557 2636 Deinde
588 2601 759 2645 distinguit
790 2602 976 2647 Caligatam
1004 2629 1015 2645 ‚
1051 2582 1110 2654 ac!

215 2654 311 2686 aliam
336 2653 545 2691 inferiorem,
571 2654 623 2686 cui
650 2652 734 2685 nulla
758 2653 793 2686 sit
818 2655 1085 2688 immolationum

214 2715 271 2736 aut
290 2702 490 2746 Capitulium
514 2701 713 2744 Judiciorum
735 2703 896 2746 obligatio
911 2729 920 2743 ,
947 2705 964 2737 a.
989 2705 1085 2747 Supe-

213 2753 290 2787 riori
313 2754 453 2793 militia,
481 2754 533 2786 seu
556 2753 574 2786 a
613 2754 829 2795 superioribus
866 2755 950 2788 inter
968 2756 1088 2788 milites

213 2802 386 2849 gradibus,
413 2802 530 2847 quibus
553 2814 686 2845 utraque
711 2803 768 2836 ista
805 2814 860 2837 aut
887 2805 985 2838 altera
1009 2804 1084 2837 adsit

213 2853 394 2898 obligatio.
423 2854 516 2901 Qid
555 2854 591 2886 sit
627 2854 768 2896 caligata
797 2855 936 2894 militia,
963 2855 1082 2887 discere

212 2903 307 2948 possis
318 2917 356 2937 ex
370 2905 528 2939 Svetonio
541 2903 744 2944 Tranquillo
757 2928 767 2942 ,
793 2915 978 2946 exponente
989 2915 1083 2943 artes,
1102 2884 1107 2957 l

212 2954 328 2995 quibus
339 2956 368 2988 se
382 2954 539 2987 Vitellius
551 2954 674 2986 intrufit
693 2977 703 2992 ‚
731 2964 785 2987 aut
797 2955 882 2987 certe
895 2956 1035 2988 firmavit
1049 2956 1080 2988 in

212 3002 371 3045 Imperio:
400 3009 558 3043 Veterem,
585 3005 696 3046 utique
722 3003 904 3045 optimam,
932 3004 1086 3046 deseper-

209 3051 362 3093 suafionem
374 3056 506 3087 Vitellius
518 3054 683 3087 recentibus
702 3061 791 3087 etiam
807 3057 843 3087 de
852 3054 884 3096 se
896 3062 1075 3096 experimen-

212 3107 253 3133 tis
266 3114 412 3144 auxerat,
438 3113 500 3137 tota
523 3111 576 3138 via
598 3105 790 3150 caligatorum
813 3104 935 3146 quosque
955 3106 1083 3138 militum

213 3151 311 3184 obvios
325 3154 490 3197 exosculans
504 3179 514 3194 ‚
538 3164 649 3195 perque
657 3155 772 3192 stabula
785 3156 827 3187 ad
837 3154 1000 3197 diversoria
1016 3166 1080 3187 mu-

213 3201 335 3234 lionibus
345 3214 378 3235 ae
396 3204 562 3238 viatoribus
571 3214 685 3247 praeter
697 3206 813 3237 modum
827 3211 914 3237 comis
926 3230 936 3245 ,
963 3215 997 3238 ut
1018 3216 1082 3237 ma-

213 3253 250 3284 ne*
269 3251 411 3294 fingulos,
440 3257 546 3295 jamne
560 3255 723 3297 jentaffent
743 3254 962 3298 sciscitaretur.
993 3255 1082 3289 Cali-

211 3311 286 3346 gata
311 3302 426 3335 militia
438 3313 502 3337 erat
516 3306 718 3339 mulionibus
730 3317 768 3339 ac
782 3305 995 3339 violatoribus
1011 3317 1080 3349 pro-

210 3353 322 3386 xima:
351 3352 480 3385 infimus
500 3355 641 3389 militum
668 3357 803 3399 gradus.
835 3355 988 3390 Habebat
1028 3366 1082 3390 no-

211 3413 286 3436 men
304 3403 320 3436 a
335 3402 466 3446 Caliga:
501 3404 628 3438 militari
643 3407 868 3440 calceamento
891 3431 900 3447 ,
927 3408 1081 3439 suffixo&

209 3453 342 3487 firmato
365 3454 480 3485 clavis.
522 3454 565 3486 lta
586 3456 718 3488 calceari
758 3457 863 3490 solent
884 3458 1025 3492 cursores
1049 3457 1080 3489 ὅ(

292 3502 404 3542 Christ.
417 3507 496 3545 Lupi·
515 3508 615 3546 Opera
634 3507 712 3537 Tom.
728 3507 784 3536 XI.

1924 152 2011 183 101

1170 221 1339 254 pauperes.
1365 211 1413 245 Ita
1434 214 1569 248 calceati
1595 240 1605 255 ‚
1647 215 1760 259 utpote
1776 225 1925 258 pauperes
1949 218 2047 251 Gali«

1170 261 1241 300 lazi,
1268 263 1399 295 fuerunt
1435 263 1466 295 &
1497 265 1593 298 fausti
1618 266 1768 308 Apostoli
1791 288 1801 304 ,
1826 266 1864 298 ad
1906 277 2045 308 quorum

1168 309 1354 355 Principem
1377 311 1462 346 dixit
1485 314 1605 347 sanetus
1621 316 1769 360 Angelus
1792 329 1803 349 :
1829 317 1937 347 Calcea
1949 325 1977 347 te
1998 328 2047 349 ca-

1168 363 1243 404 ligas
1270 371 1337 395 tuas
1365 386 1371 394 .
1411 363 1558 396 Omnem
1581 366 1752 399 militarem
1793 366 2006 409 praefesturam
2033 389 2046 405 ,

1168 411 1237 444 imo
1258 423 1390 446 omnem
1411 413 1627 454 superiorem,
1654 417 1704 448 cui
1720 426 1785 449 erat
1801 416 1852 448 vel
1873 419 1968 449 altera
1979 414 2048 457 jam

1166 461 1249 495 dieta
1274 463 1474 501 necessitas,v
1490 462 1640 496 militiam
1677 463 1906 499 Tertullianus
1934 465 2047 507 suppo·

1166 511 1216 544 nit
1228 512 1322 544 nobis
1336 523 1402 544 non
1415 514 1529 551 licere,
1558 512 1697 555 ideoque
1713 517 1826 554 quaerit
1839 516 1878 548 de
1904 515 1970 548 sola
1995 526 2048 549 ca-

1163 561 1266 605 ligata
1304 585 1316 601 ‚
1354 572 1410 594 aut
1446 562 1558 604 quavis
1590 563 1652 594 alia
1689 563 1729 595 ad
1756 563 1828 597 istas
1860 566 2046 599 functiones
2076 591 2079 592 γ

1165 621 1233 644 non
1256 610 1424 644 adstrid‘ta.
1452 611 1576 656 Qaerit
1594 615 1676 645 tria.
1705 613 1843 653 Primo,
1871 614 1927 646 An
1965 615 2046 648 fide-

1167 662 1206 695 lis
1229 662 1322 704 possit
1344 672 1491 695 converti
1527 686 1538 702 ,
1576 662 1628 695 seu
1653 671 1773 695 nomen
1792 664 1912 696 darein
1950 664 2045 699 istam

1166 711 1344 745 militiam?
1371 710 1523 750 Deinde,
1552 711 1607 745 An
1631 711 1808 745 istiusmodi
1833 712 1953 745 milites
1977 715 2046 755 pos-

1165 763 1224 795 fint
1237 762 1366 795 admitti
1389 762 1429 795 ad
1445 761 1672 804 Baptismum?
1699 761 1840 801 Tertio,
1867 761 1920 795 An
1937 762 2045 804 nobis,

1164 811 1312 854 quamvis
1334 823 1402 844 non
1422 811 1564 851 bellare,
1591 812 1687 845 liceat
1708 820 1818 845 tamen
1832 813 1863 844 in
1888 823 1965 854 pace
1978 814 2044 846 mi-

1166 861 1287 895 litate?
1314 861 1442 905 Nempe
1455 862 1487 894 in
1512 861 1682 904 praefidiis,
1708 862 1744 895 in
1767 862 1981 902 stationibus,
2007 864 2043 895 in

1168 911 1349 951 limitibus,
1377 912 1411 945 in
1437 912 1581 955 palatio.
1609 912 1652 945 Et
1672 912 1804 955 quidam
1819 923 1897 945 tunc
1914 913 2045 954 Episco-

1166 963 1198 1004 pi
1217 961 1405 995 constanter
1431 960 1495 995 haec
1532 962 1755 995 affirmabant.
1785 962 1835 994 Ex
1860 964 1948 994 vario
1971 963 2043 995 fun-

1165 1012 1339 1046 damento.
1368 1010 1507 1051 Primo,
1534 1013 1622 1055 quod
1646 1012 1743 1045 etiam
1756 1012 1935 1054 Moysesac
1949 1011 2044 1054 Josua

1167 1073 1234 1095 non
1257 1060 1444 1095 militassent
1480 1061 1713 1102 solummodo,
1753 1062 1804 1095 sed
1831 1063 1957 1104 insuper
1980 1062 2046 1096 bel-

1166 1112 1280 1144 lassent
1294 1136 1301 1143 .
1326 1111 1480 1151 Deinde,
1507 1113 1596 1156 quod
1612 1110 1762 1145 Christus
1788 1113 1955 1146 Dominus
1969 1112 2044 1146 Ro-.

1166 1162 1253 1195 mani
1268 1160 1486 1195 Centurionis
1511 1161 1772 1195 laudafletfidem
1796 1174 1833 1195 ac
1858 1163 1984 1202 vitam,
2008 1163 2043 1196 δε

1166 1213 1263 1253 ipsam
1278 1211 1438 1245 miraculo
1460 1210 1664 1244 honorasset.
1694 1211 1835 1251 Tertio,
1862 1212 1950 1254 quod
1975 1214 2045 1245 san-

1165 1263 1233 1294 etus
1265 1260 1405 1302 Joannes
1442 1260 1585 1304 Baptista
1623 1261 1784 1295 militibus
1821 1263 2043 1304 praescripsisset

1167 1310 1297 1343 vivendi
1310 1310 1448 1344 formam
1461 1333 1472 1349 ,
1499 1309 1637 1353 ideoque
1648 1312 1793 1353 ipsorum
1814 1311 2043 1353 professionem

1166 1359 1343 1402 probasset.

1215 1410 1375 1443 Attamen
1398 1409 1626 1443 Tertullianus
1649 1408 1689 1443 ad
1701 1420 1814 1444 omnes
1827 1409 1884 1445 has
1896 1411 2044 1454 quaestio-

1164 1470 1220 1493 nes
1234 1460 1404 1502 respondet
1427 1459 1596 1504 negative.
1626 1460 1676 1493 Ex
1702 1462 1792 1494 vario
1813 1462 1912 1495 etiarn
1927 1462 2043 1497 funda-

1165 1520 1297 1543 mento;
1327 1509 1453 1549 Primo,
1472 1511 1559 1553 ‘quia
1582 1522 1650 1543 non
1678 1512 1832 1545 convenit
1857 1513 2042 1554 Sacramen-

1164 1571 1199 1593 to
1220 1560 1334 1592 divino
1354 1560 1386 1592 &
1405 1558 1569 1595 humano.
1600 1559 1751 1593 Secundo
1771 1585 1782 1600 ,
1819 1563 1895 1604 quia
1918 1561 2042 1597 Christi

1163 1610 1290 1654 signum
1309 1621 1376 1643 non
1398 1610 1444 1644 est
1466 1609 1678 1653 compatibile
1699 1622 1775 1644 cum
1805 1612 1895 1656 signo
1929 1612 2043 1646 diabo-

1163 1660 1187 1693 li
1211 1683 1218 1691 .
1247 1658 1390 1698 Tertio,
1416 1660 1491 1703 quia
1518 1670 1617 1694 nemo
1630 1662 1732 1704 potest
1756 1662 1818 1695 effe
1831 1662 1925 1695 simul
1947 1664 2041 1697 miles

1163 1709 1196 1742 in
1221 1709 1342 1744 Castris
1361 1710 1478 1750 lucis,
1505 1711 1551 1745 ⁴&
1590 1711 1624 1743 in
1664 1711 1772 1744 castris
1796 1712 2002 1746 tenebrarum
2032 1738 2040 1745 .

1163 1760 1315 1808 Quadi,
1343 1759 1553 1803 quia‘eadem
1576 1762 1686 1794 anima
1710 1762 1822 1804 nequit
1851 1763 1925 1794 Deo
1943 1763 2052 1796 debe--

1163 1811 1195 1843 ri*
1214 1811 1247 1843 &
1270 1810 1401 1844 Caesari.
1430 1810 1582 1856 Qinrd,
1608 1811 1683 1853 quia
1709 1810 1915 1845 Christianus
1939 1814 2042 1856 gesta·

1163 1872 1195 1894 re
1209 1860 1337 1901 nequit·
1358 1861 1476 1894 vestem
1500 1861 1691 1903 adscriptam
1707 1861 1829 1896 illicito
1840 1863 1924 1895 aftui
1938 1886 1945 1893 .
1974 1862 2039 1895 Mi-

1162 1910 1288 1944 litatem
1301 1910 1418 1944 vestem
1430 1912 1535 1944 censet
1548 1912 1610 1945 else
1623 1911 1804 1945 istiusmodi
1819 1935 1827 1943 .
1852 1912 1894 1945 Et
1908 1912 1947 1945 ad
1961 1924 2038 1946 con-

1162 1961 1258 1994 traria
1281 1971 1472 2004 argumenta
1498 1960 1693 2004 respondet.-
1722 1966 1846 1995 Omnem
1864 1962 1961 2003 postea
1984 1969 2038 1995 mi-

1160 2010 1243 2042 litem
1268 2013 1408 2042 Dominus
1441 2016 1474 2041 in
1512 2014 1600 2043 Petro
1640 2013 1823 2043 exarmando
1855 2011 1998 2054 discinxit
2026 2038 2034 2046 .

1162 2057 1291 2101 Nempe
1302 2060 1380 2092 dum
1405 2059 1499 2093 Petro
1523 2059 1627 2093 dixit:
1657 2064 1747 2092 Mitte
1761 2062 1901 2104 gladium
1925 2068 1954 2094 in
1980 2074 2038 2096 va-

1154 2115 1278 2151 ginam:
1306 2114 1399 2141 omnis
1422 2117 1472 2150 qui
1489 2111 1594 2152 gladio
1614 2113 1779 2152 percusserit
1805 2135 1815 2150 ,
1837 2112 1939 2153 gladio
1958 2118 2036 2152 peri·-

1159 2158 1203 2189 bit
1218 2181 1225 2188 .
1252 2158 1427 2199 Septimius
1447 2160 1555 2191 censet
1579 2160 1732 2192 militiam
1758 2172 1837 2192 tunc
1860 2161 1877 2191 ὲ
1900 2159 2033 2194 Christo

1160 2207 1312 2240 Domino
1333 2206 1425 2240 fuisse
1443 2207 1629 2242 damnatam
1649 2232 1655 2240 .
1687 2209 1825 2252 Antiqui
1851 2211 2035 2245 testamenti

1159 2256 1311 2290 militiam
1334 2258 1524 2300 transcripsit
1549 2260 1587 2291 ad
1613 2258 1752 2292 Divinas
1772 2283 1782 2298 ‚
1818 2260 1958 2302 judaicae
1978 2262 2034 2294 du-

1158 2306 1237 2339 ritiae
1256 2308 1352 2340 fassas
1379 2331 1389 2346 ,
1424 2307 1642 2350 permissiones
1671 2333 1677 2340 .
1715 2310 1796 2342 Haec
1822 2310 1947 2343 videtur
1977 2310 2033 2345 hic

1157 2357 1219 2389 esse
1239 2357 1307 2398 ejus
1329 2358 1486 2391 sententia
1512 2384 1518 2391 .
1561 2359 1719 2392 Eamdem
1755 2359 1876 2401 largius
1897 2360 1992 2393 docet
2021 2385 2032 2399 ,

1158 2417 1193 2439 ac
1215 2407 1357 2440 elucidat
1380 2408 1418 2440 in
1440 2407 1524 2442 libro
1544 2408 1583 2441 de
1601 2409 1733 2442 Corona
1756 2409 1877 2441 Militis
1899 2422 1910 2441 .·
1955 2414 2032 2440 Con-

1157 2459 1335 2497 quirendum
1357 2457 1395 2495 est
1430 2482 1440 2497 ‚
1475 2470 1515 2490 an
1538 2464 1570 2490 in
1593 2468 1685 2490 totum
1706 2458 1886 2495 christianis
1920 2460 2030 2492 militia

1156 2512 1332 2539 conveniat.
1362 2509 1523 2539 Credimus
1553 2509 1590 2540 ne?
1625 2507 1786 2539 humanum
1806 2510 2029 2541 sacramentum

1156 2558 1269 2589 Divino
1285 2555 1444 2599 superduci
1464 2559 1547 2589 licere
1574 2579 1583 2595 ‚
1618 2559 1652 2590 (τ
1675 2564 1708 2590 in
1741 2559 1834 2590 aliam
1869 2561 2028 2591 Dominum

1155 2606 1326 2648 respondere
1345 2606 1406 2646 post
1427 2606 1573 2646 christum
1596 2608 1612 2638 ,ἕ
1650 2611 1678 2639 Ε
1684 2618 1696 2640 t
1718 2610 1834 2648 ejerare
1854 2616 1972 2648 patrem
1993 2620 2028 2643 ao

1141 2664 1295 2694 ⁴matrem,
1324 2658 1358 2688 l&
1381 2666 1496 2688 omnem
1514 2662 1685 2698 proximum
1702 2682 1713 2697 ,
1751 2669 1820 2699 quos
1847 2660 1880 2691 Θ·
1904 2660 1953 2691 lex
1977 2658 2027 2691 bo-

1155 2712 1253 2738 norari
1275 2729 1286 2745 ‚
1324 2706 1358 2738 (π
1373 2705 1434 2747 post
1472 2708 1566 2740 Deum
1589 2708 1673 2751 diligi
1691 2714 1833 2749 praecipit
1856 2732 1866 2748 ,
1894 2720 1963 2750 quos
1991 2711 2025 2742 Θ·

1155 2757 1355 2798 Evangelium
1373 2754 1433 2798 solo
1465 2755 1580 2796 cbristo
1600 2760 1699 2799 pluris
1722 2769 1778 2790 non
1799 2758 1919 2798 faciens
1943 2784 1952 2798 ,
1982 2758 2024 2799 sic

1152 2817 1261 2847 quoque
1282 2805 1463 2838 honoravit?
1491 2807 1606 2839 Licebit
1640 2813 1673 2839 in
1689 2808 1795 2850 gladio
1813 2807 1984 2850 conversari
2010 2833 2022 2850 ,

1155 2859 1277 2886 Domino
1291 2861 1506 2896 pronuntiante
1518 2880 1528 2896 ‚
1547 2857 1651 2899 gladio
1670 2864 1839 2897 periturum
1851 2882 1861 2896 ‚
1888 2864 1941 2900 qui
1955 2859 2022 2902 gla-

1152 2907 1199 2936 dio
1214 2904 1308 2945 fuerit
1331 2903 1422 2947 usus?
1451 2913 1492 2940 Et
1510 2908 1617 2947 praelio
1637 2907 1806 2948 operabitur
1821 2907 1901 2948 filius
1919 2916 2018 2951 pacis,

1152 2961 1196 2988 cui
1223 2966 1273 2988 nec
1295 2957 1412 2998 litigare
1434 2962 1590 2989 conveniat
1604 2957 1620 2987 ,ἕ
1647 2959 1680 2990 (ν’
1702 2959 1824 2990 vincula
1837 2982 1846 2996 ‚
1873 2960 1907 2991 (9⁶
1927 2970 2019 2994 carce-

1151 3017 1234 3045 rem,
1261 3008 1294 3040 &
1314 3015 1462 3038 tormenta
1485 3029 1496 3044 ,
1534 3007 1567 3039 Θ
1584 3004 1729 3047 supplicia
1760 3009 1980 3047 administrabit
2005 3035 2017 3051 ‚

1153 3067 1201 3087 nec
1219 3054 1340 3098 suarum
1360 3057 1434 3087 ultor
1451 3057 1653 3095 injuriarum?
1673 3061 1757 3101 Jam
1776 3057 1937 3100 stationes,
1964 3070 2017 3093 aue

1150 3106 1217 3137 alii's
1229 3112 1321 3150 magis
1328 3105 1422 3147 faciet
1443 3107 1532 3146 quam
1545 3105 1682 3145 Christo?
1711 3110 1811 3141 Aut&
1835 3115 1868 3142 in
1886 3113 2017 3142 Domini-

1150 3166 1178 3187 co
1188 3156 1235 3190 die
1248 3181 1258 3197 ,
1286 3157 1404 3198 quando
1417 3167 1467 3187 nec
1476 3155 1610 3194 christo?
1639 3160 1682 3188 Et
1693 3158 1849 3192 excubabit
1866 3168 1923 3201 pro
1944 3170 2016 3192 tem-

1147 3205 1205 3245 plis
1219 3231 1229 3247 ,
1241 3207 1346 3249 quibui
1359 3207 1570 3239 renuntiavit?
1597 3209 1625 3238 E
1628 3216 1641 3238 t
1652 3208 1779 3240 caenabit
1792 3210 1850 3242 illic
1862 3235 1871 3250 ,
1883 3210 1932 3242 ubi
1944 3214 2015 3250 Apo-

2038 2832 2118 2878 Cap.
2138 2845 2193 2870 11.

1143 3256 1213 3295 stolo
1223 3267 1279 3289 non
1289 3258 1385 3297 placet
1397 3257 1412 3286 ?
1426 3257 1470 3287 Et
1477 3267 1547 3297 quos
1558 3259 1689 3289 interdiu
1701 3257 1869 3300 exorcismis
1875 3259 2014 3303 fugavit,

1149 3307 1280 3340 nollibus
1295 3304 1462 3348 defensabit
1476 3330 1485 3344 ‚
1512 3308 1681 3340 incumbens
1695 3311 1729 3342 Θ·
1739 3308 1917 3352 requiescens
1923 3307 2014 3350 super

1146 3358 1238 3396 pilum
1252 3381 1261 3396 ‚
1287 3368 1342 3397 quo
1359 3355 1512 3397 perfossum
1535 3356 1573 3395 est
1594 3357 1673 3390 latus
1697 3358 1807 3398 Christi
1821 3359 1832 3390 ?
1869 3358 2016 3390 Vexillum

1149 3419 1258 3449 quoque
1267 3405 1398 3448 portabit
1410 3408 1547 3439 aemulum
1560 3407 1691 3446 Christi?
1719 3412 1747 3439 E
1751 3420 1762 3440 t
1769 3407 1883 3449 signum
1891 3406 2017 3448 postula-

1149 3459 1193 3491 bit
1205 3460 1224 3490 ᾶ
1238 3461 1388 3498 Principe,
1403 3462 1454 3499 qui
1462 3459 1531 3498 jam
1545 3460 1563 3490 ἁ
1577 3461 1637 3491 Deo
1648 3457 1770 3498 accepit?
1782 3460 1916 3491 Mortuus
1927 3462 2017 3489 etiam

1626 3508 1640 3539 l
1691 3515 1711 3551 3
1911 3506 1983 3540 tuba
