2366 3736
726 131 785 164 IN
820 114 1549 163 PeLAGmNAMHAERestM.
1905 134 1990 174 191

203 203 324 249 superbi
335 205 439 238 erroris
451 202 581 237 auc‘lores
593 228 604 244 ,
630 205 663 237 (5
684 203 832 246 quidquid
851 207 883 233 in
896 200 1032 231 doHrina
1045 210 1086 231 eo·
1198 197 1318 232 Tertio
1328 223 1335 230 .
1364 202 1458 242 ,Quod
1470 200 1550 233 homo
1560 209 1615 242 per
1627 199 1751 234 liberum
1764 200 1922 233 arbitrium
1935 228 1944 241 ,
1957 205 2029 237 bono

208 267 275 288 rum
295 253 478 296 universali:
502 253 626 296 Ecclefi'a
636 252 788 287 exhorruit
800 249 980 288 detestentur
995 274 1004 288 ,
1031 261 1089 280 om·
1146 245 1334 292 suffragante
1356 259 1474 282 naturae
1487 275 1496 289 ‚
1523 251 1625 284 beatus
1644 278 1653 292 ‚
1681 253 1732 285 seu
1758 251 1857 294 julius
1868 253 2024 292 efficiatur.

207 311 317 346 niaque
327 297 454 339 Decreta
468 306 620 343 synodalia
630 328 640 343 ,
667 313 733 343 quae
746 301 791 335 ad
804 298 971 339 excifionem
993 298 1089 337 hujus
1202 299 1328 345 Qarto
1341 323 1350 338 ‚
1378 300 1472 331 bearae
1485 312 1618 335 memorae
1634 309 1837 340 Hieronymum
1859 303 1893 335 ὦ·
1906 303 2031 345 Augusti-

207 351 346 397 haereseos
369 354 530 395 Apostolicae
561 355 645 386 sedis
668 349 857 391 confirmavit
884 349 1051 382 authoritas
1081 373 1091 387 ,
1153 345 1243 388 num}
1271 348 1525 391 Ecclefiafiicorum
1544 352 1658 389 lumina
1673 353 1898 396 magistrorum,
1921 359 1956 388 in
1977 354 2032 387 sa-

207 404 352 445 comple&
365 403 423 447 se,
449 407 482 438 (5
504 411 536 436 in
555 401 688 435 omnibus
713 401 878 442 approbare
898 425 907 440 ‚
933 401 1032 440 plem'r
1057 400 1091 432 (9
1151 402 1300 438 cerdotum
1315 398 1477 441 praesenn'a
1490 400 1655 432 lacerabat.

207 460 342 495 apertis,
369 466 402 488 ac
420 459 545 497 propria
564 462 657 490 ,manu
678 449 855 496 subscriptis
874 449 1092 497 protestationi·
1207 451 1285 483 Haec
1312 451 1424 483 omnia
1443 449 1673 498 Episcoporum
1695 451 1847 489 socordiae
1871 452 1909 486 ad
1927 452 2041 495 cripsir

206 503 261 536 bus
289 504 477 546 eloquantur.
1155 500 1301 532 Gelasius
1323 523 1334 539 ,
1360 511 1397 532 ac
1420 501 1557 532 eruditis
1585 500 1682 533 literis
1704 503 1843 545 singulos
1865 502 2032 539 damnavit

255 554 427 596 Secundo,
454 560 489 593 ut
511 562 626 585 ornnes
646 550 712 586 huc
734 552 834 600 usque
859 550 927 583 fine
951 549 1006 583 tali
1024 560 1091 592 pro-
1153 560 1287 588 errores.
1319 549 1492 596 originale
1505 561 1670 592 peccatum
1684 551 1823 585 ostendit
1842 553 1902 585 effe
1917 565 1957 585 ex
1972 553 2034 598 pri.

1141 591 1144 603 1

206 602 341 637 sessione
362 601 495 645 suscepti
510 611 688 635 evocentur
701 601 742 636 ad
756 604 853 644 ipsam
869 611 979 633 coram
990 601 1082 642 Syno
1141 607 1210 639 ⁴:mo
1250 598 1532 642 protoplastorum
1558 600 1647 632 verso
1677 601 1707 635 in
1739 611 1886 636 naturam
1913 603 2032 637 difiisto

206 653 251 686 do
265 647 473 696 faciendam,
499 652 531 685 δ(
543 651 617 686 data
630 652 703 694 ipfis
715 651 876 694 reparatio
887 649 923 683 fit
946 650 1094 692 eousque
1156 652 1347 693 contagium
1359 674 1369 693 ‚
1398 649 1537 691 ideoque
1563 650 1694 683 Divinae
1715 651 1841 691 justitnae
1854 662 1906 693 per
1918 654 2032 687 omnia

207 702 367 747 suspensa.
400 701 542 743 Nullum
558 702 648 736 enim
664 701 861 741 Haereticum
886 701 980 733 aliter
994 700 1092 743 recipi
1156 700 1339 734 conforme.
1371 700 1518 735 Ecclesiae
1531 700 1627 733 fidem
1644 711 1694 732 var
1709 699 1727 732 ὲ
1739 703 1841 733 firmat
1852 725 1859 733 .

205 751 339 788 mandat
360 751 583 795 antiquiffima
595 752 729 785 Patrum
744 750 934 794 disciplina.
1210 749 1261 783 Ad
1291 750 1487 790 secundum,
1514 761 1557 783 ant
1581 750 1598 785 a
1624 756 1760 791 parvulus
1787 751 1851 782 istis
1863 750 2035 784 manduca-

254 800 398 842 Tertio,
423 813 459 835 ut
474 803 604 843 nullus,
631 813 669 835 ex
685 800 875 844 pelagianis
898 799 1070 841 praesertim
1088 825 1095 838 ‚
1158 811 1223 835 tam
1254 811 1319 835 non
1345 800 1436 840 suisie
1456 801 1529 833 Filii
1552 797 1697 834 hominis
1717 801 1858 834 Carnem
1881 825 1891 840 ,
1923 812 1978 833 nec
1992 800 2038 834 bi-

205 849 357 887 Clericus
378 852 586 895 permittatur
598 851 708 896 vagari
723 874 734 889 ‚
752 850 802 883 sed
815 850 923 885 cuncti
939 849 977 883 ad
993 849 1094 882 fixum
1159 849 1263 889 bitum
1288 849 1489 897 Sanguinem
1503 875 1513 891 ‚
1539 849 1678 893 ideoque
1699 852 1783 894 ipsos
1795 851 1924 883 excludi
1937 852 2038 884 etiam

205 901 255 935 sui
278 902 367 935 tituli
387 902 604 943 ministerium
623 911 800 944 cogantur.
831 899 879 933 Ira
905 901 997 933 enim
1012 910 1096 932 man·
1158 901 1175 934 a
1195 899 1258 938 vita
1283 909 1399 933 aeterna
1415 924 1424 939 ,
1453 901 1486 934 ἃ
1512 902 1681 933 concludit
1704 914 1710 932 :
1741 902 1860 933 Tollant
1884 901 1922 934 de
1947 902 2038 933 medio

205 950 262 985 dat
276 949 487 995 Apostolicus
504 951 552 985 Ca
560 961 627 986 nou
640 975 651 990 ,
679 950 827 991 firmatus
850 961 904 993 per
925 949 1096 994 Synodurn
1160 949 1250 992 nescio
1269 961 1355 991 quem
1378 957 1517 991 tertium,
1542 962 1629 993 quem
1648 951 1829 995 decipiendis
1836 953 1979 993 parvum
1986 950 2040 991 fa—

205 1000 375 1042 ijaenam
384 1024 391 1031 ,
948 1000 951 1002 ⁵
1156 1005 1201 1040 'flu
1207 1009 1238 1031 nt
1249 1025 1258 1039 ‚
1279 999 1371 1039 locum
1383 1024 1390 1032 .
1914 1015 1921 1023 ·

255 1048 370 1084 Latit'ts
394 1048 462 1084 haec
483 1048 580 1092 habes
602 1050 636 1090 in
661 1049 802 1093 laudatis
814 1049 985 1084 Pontificis
999 1049 1098 1092 literis
1210 1050 1400 1092 Capitulum
1423 1050 1553 1084 tertium
1574 1050 1654 1084 dicit
1674 1052 1736 1084 esse
1756 1057 1811 1084 toti
1821 1053 1926 1084 mundi
1938 1057 2040 1095 cogni·

205 1098 245 1133 ad
269 1089 415 1142 prefatos
439 1100 632 1153 Septimium
657 1113 694 1135 ac
722 1101 894 1144 Nicetam.
924 1100 1096 1143 Episcopa-
1147 1108 1194 1148 fra
1213 1110 1300 1141 atque
1318 1099 1453 1133 convibla
1477 1103 1702 1145 Pelagianorum
1726 1103 1921 1135 deliramenta
1944 1128 1948 1132 .
1981 1102 2041 1141 Ait

203 1158 276 1183 tum
310 1148 365 1183 hic
400 1149 476 1191 iniit
503 1163 591 1185 anno
615 1151 759 1193 Domini
780 1151 1098 1195 quadringentifimo
1149 1150 1306 1189 ⁸liberum,
1336 1149 1368 1183 id
1390 1152 1433 1191 est
1446 1152 1748 1193 operandaeiustitiae
1763 1153 1907 1191 validum
1925 1178 1933 1191 ,
1960 1151 2043 1190 arbi·

204 1198 454 1246 quadragesimo
468 1212 560 1235 nono
580 1226 587 1235 ,
610 1202 739 1247 Synodi
754 1212 858 1243 annus
870 1201 1060 1246 ignoratur,
1149 1195 1253 1246 {trium
1277 1200 1382 1242 primo
1401 1211 1535 1243 peccato
1558 1201 1619 1235 effe
1639 1211 1806 1244 corruptum
1820 1227 1831 1248 ‚
1847 1201 2002 1244 foedatum
2028 1226 2042 1242 ‚

338 1250 347 1254 ”
1157 1252 1312 1291 perditum
1323 1275 1334 1291 ,
1360 1248 1500 1297 ideoque
1512 1253 1645 1294 reparari
1658 1263 1808 1296 oportere
1820 1277 1830 1292 ,
1858 1253 1891 1286 ἀ
1904 1253 2042 1295 reparari

258 1299 288 1333 S.
300 1298 485 1342 GELASH
509 1300 777 1343 PONT1F1C1S
800 1299 1048 1345 DECRETA.
1148 1299 1229 1382 'non
1245 1301 1352 1342 posse,
1382 1298 1510 1343 nifiper
1521 1303 1659 1347 gratiam
1673 1302 1740 1345 ejus
1754 1326 1765 1342 ,
1780 1303 1834 1343 qui
1845 1301 1931 1335 dixit
1951 1304 2042 1338 :Ciam

1160 1359 1215 1382 vos
1230 1349 1333 1381 Filius
1343 1350 1517 1385 liberaverit
1530 1373 1540 1390 ,
1567 1360 1634 1384 tunc
1645 1353 1716 1384 vere
1724 1351 1808 1383 liberi
1820 1356 1906 1383 eritis
1921 1374 1929 1382 .

301 1398 507 1441 Venetorum
522 1400 696 1438 Provincia
720 1401 811 1443 ejecti
826 1400 996 1444 pelagiani
1012 1398 1095 1433 abie·
1213 1399 1320 1432 Etiam
1334 1399 1410 1438 istud
1417 1401 1587 1440 peculium
1611 1402 1735 1443 olimque
1749 1403 1894 1432 detritum
1908 1402 2044 1444 Pelagia-

279 1483 282 1488 Δ
313 1449 396 1489 read
424 1450 609 1488 Dalmatas,
641 1450 782 1487 recidiva
804 1449 874 1483 illic
897 1451 1096 1490 seminarunt
1162 1458 1262 1480 norum
1281 1455 1365 1482 virus
1379 1474 1389 1490 ,
1417 1461 1473 1491 quo
1481 1458 1594 1491 putant
1600 1457 1735 1494 gratiam
1750 1449 1975 1492 Deisecundum
1986 1463 2046 1484 me-

207 1499 334 1539 zizania
344 1523 355 1542 ‚
382 1510 555 1541 corrupere
569 1499 692 1539 multos
704 1512 714 1541 ,-
727 1499 832 1542 rursus
846 1499 1047 1542 appellarunt
1057 1499 1096 1532 ad
1160 1506 1222 1531 rita
1236 1498 1387 1532 hominum
1397 1501 1472 1542 posse
1482 1499 1630 1541 conferri,
1658 1500 1773 1533 iterum
1785 1501 1920 1534 damnat
1933 1526 1943 1541 ,
1978 1502 2047 1534 san-

207 1549 393 1591 generalem
411 1548 588 1591 Synodum
602 1571 613 1587 ‚
641 1549 797 1584 instantes
807 1550 937 1583 causam
954 1550 1040 1582 suam
1052 1560 1097 1582 re·
1147 1534 1249 1587 lciens
1271 1551 1371 1584 etiam
1396 1552 1535 1594 primum
1560 1550 1637 1584 fidei
1649 1550 1822 1585 exordium
1834 1552 1901 1584 esse
1913 1551 1977 1585 Dei
1990 1552 2048 1585 do-

205 1597 354 1631 trassari.
383 1596 603 1641 Superbiffimi
627 1602 745 1639 erroris
767 1600 909 1643 primum
932 1600 1095 1633 auctorem
1160 1609 1260 1634 num.
1399 1598 1403 1601 “

207 1646 301 1680 fuisse
313 1648 418 1691 ipsum
432 1647 466 1682 in
478 1649 563 1682 coelo
576 1648 766 1690 Luciferum
779 1675 790 1691 ,
819 1660 857 1689 ac
867 1659 907 1689 ex
918 1649 978 1683 illo
992 1650 1096 1693 ipsum
1209 1650 1344 1683 Sanaos
1365 1650 1612 1695 Hieronymum
1635 1651 1668 1686 δε
1682 1651 1907 1696 Augustinurn
1920 1650 1937 1684 a
1950 1651 2048 1685 mori·

207 1694 373 1737 rebellafle
401 1698 433 1735 in
459 1698 619 1735 Divinam
641 1698 847 1742 Majestatem
871 1723 882 1740 ‚
918 1700 1015 1744 eique
1040 1710 1093 1733 vo·
1158 1708 1230 1739 tura
1244 1702 1354 1733 musca
1368 1700 1498 1734 lacerari
1510 1699 1590 1734 dicit
1602 1702 1667 1734 esse
1679 1702 1782 1738 scelus
1797 1703 1960 1735 summum
1975 1726 1985 1740 ,
2012 1701 2048 1734 &

206 1745 301 1788 luisse
319 1749 382 1787 effe
399 1746 534 1781 similem
549 1773 558 1788 ‚
589 1743 757 1793 insigniter
782 1751 815 1783 in
839 1750 942 1788 literis
967 1749 1008 1783 ad
1031 1749 1095 1782 De·
1159 1748 1201 1790 ab
1217 1749 1386 1795 Episcopis
1398 1761 1465 1783 non
1480 1750 1687 1784 tolerandum
1701 1775 1709 1783 .
1739 1751 1825 1786 Data
1838 1751 1882 1784 est
1901 1751 2046 1794 Epistola

205 1797 397 1837 metriadem
414 1794 558 1838 ostendit
571 1798 600 1831 S.
614 1797 750 1842 Prosper
761 1823 768 1831 .
795 1800 889 1833 Hinc
910 1798 976 1846 ejus
989 1800 1094 1841 sequa·
1158 1797 1274 1838 eodem
1288 1799 1434 1834 Consule
1446 1823 1457 1840 ‚
1484 1800 1592 1834 verum
1606 1800 1764 1835 Kalendis
1776 1800 1977 1839 Novembris
1989 1826 1997 1833 .

206 1856 260 1880 ces
281 1847 351 1890 post
370 1856 421 1880 tot
444 1846 576 1881 Parrum
591 1848 766 1894 Synodos,
793 1849 891 1882 etiam
906 1848 975 1892 post
992 1846 1093 1891 Ephe·
1208 1847 1312 1883 Anno
1341 1850 1487 1893 sequenti
1500 1849 1686 1884 Romanam
1702 1852 1902 1896 septuaginta
1917 1852 2047 1894 Episco-

207 1894 310 1935 finam
323 1896 508 1941 generalem
523 1922 533 1938 ,
559 1897 629 1940 post
645 1909 694 1932 tot
705 1898 907 1940 Apostolicae
917 1898 1010 1938 Sedis
1021 1898 1093 1932 De-
1158 1909 1273 1943 porum
1295 1899 1469 1945 Synodum
1491 1901 1570 1934 fecit
1596 1898 1682 1934 idem
1706 1899 1864 1936 Pontifex
1887 1925 1898 1941 ‚
1923 1901 1957 1934 in
1981 1912 2045 1944 qua

206 1954 315 1988 creta,
344 1946 414 1988 post
436 1956 487 1981 tot
513 1946 738 1991 Augustorum
762 1947 953 1990 Principum
974 1948 1060 1992 leges
1085 1971 1096 1988 ,
1158 1947 1427 1985 authenticorum
1450 1950 1483 1983 ὅ(
1507 1948 1784 1993 prohibendorum
1799 1950 1956 1992 librorum
1969 1962 2046 1985 con·

207 1994 378 2038 appellasse
403 1994 531 2041 adhuc,
558 1996 591 2029 &
613 1994 781 2039 perstitisse
798 1996 950 2038 rebelles,
979 2008 1021 2030 ne
1040 1997 1093 2031 ad·
1157 1996 1242 2032 didit
1262 1998 1450 2042 catalogum
1465 2022 1475 2038 ‚
1501 2001 1535 2034 ὅ(
1557 2001 1590 2033 in
1613 2001 1719 2042 primo
1741 1999 1808 2041 brec
1822 2002 1927 2043 posuit
1941 2015 1952 2035 .·
1966 2006 2045 2042 Opu-

208 2044 335 2078 mireris
348 2071 355 2078 .
383 2045 431 2079 Ea
456 2045 589 2079 interim
610 2046 723 2081 omnia
737 2056 791 2088 per
802 2047 963 2091 gravesad
976 2046 1091 2081 Hono·
1151 2046 1238 2089 scula
1256 2046 1353 2091 sane‘li
1366 2048 1536 2092 Augustini,
1565 2053 1642 2082 Item
1653 2048 1802 2092 opuscula
1819 2051 1976 2093 Prosperi.
2004 2050 2044 2085 In

205 2093 292 2131 rium
317 2095 548 2129 Salonitanum
573 2095 766 2139 Episcopum
791 2095 809 2136 ,'
829 2097 1002 2134 Dalmatiae
1023 2097 1091 2129 Me·
1156 2098 1301 2131 secundo
1322 2095 1409 2131 haec:
1437 2097 1583 2141 opuscula
1606 2101 1735 2140 Caffiam'
1751 2102 1935 2139 Presbyteri.
1964 2104 2046 2142 Opu-

206 2145 399 2187 tropolitam
415 2169 427 2185 ‚
453 2144 853 2189 querelas&literas‚urfit
877 2147 908 2180 S.
922 2145 1010 2188 Papa
1030 2145 1088 2179 Ge·
1153 2144 1236 2190 scula
1257 2148 1362 2187 Fausti
1376 2147 1525 2188 Rejenfis.
1557 2149 1602 2183 Ea
1614 2150 1717 2182 sancit
1731 2152 1918 2193 apocrypha
1933 2175 1941 2182 .
1971 2152 2047 2183 San-

207 2193 325 2239 lafius,
352 2195 465 2233 multis
476 2194 651 2228 ostendens
661 2195 819 2230 damnata:
831 2196 929 2229 toties
941 2194 1086 2239 blasphe-
1155 2198 1200 2230 cit
1223 2195 1374 2230 adversus
1396 2196 1563 2231 Gennadii
1586 2198 1792 2233 Maffilienfis
1813 2201 2012 2244 Catalogum
2033 2223 2045 2239 ,

204 2242 279 2277 miz
290 2253 356 2281 non
370 2242 633 2287 perscindulgeri
647 2255 782 2280 examen
808 2256 954 2285 novum,
982 2247 1014 2281 &
1038 2246 1089 2279 ad·
1153 2247 1209 2290 qui
1239 2247 1347 2280 Fausti
1372 2247 1526 2289 opuscula
1556 2247 1732 2290 plurimum
1755 2247 1888 2284 laudans
1914 2260 2047 2295 putatur

204 2290 347 2336 jungens
361 2317 367 2326 .
384 2297 429 2329 An
433 2292 554 2335 fortasse
565 2291 683 2336 nescitis
694 2294 771 2327 banc
785 2293 916 2336 haerefim
927 2296 960 2329 6·
969 2296 1008 2329 ab
1019 2299 1081 2337 Apo
1156 2297 1310 2335 Pontifici
1334 2296 1446 2330 nostro
1458 2297 1556 2338 fuisse
1570 2298 1740 2343 inscriptus
1751 2323 1758 2331 .

200 2340 300 2382 fiolicae
310 2343 425 2379 dudum
435 2344 508 2376 sede
517 2352 574 2385 per
585 2343 676 2378 beatae
690 2351 842 2378 memoriae
859 2350 1064 2382 Innocentium
1077 2372 1087 2390 ,
1338 2367 1341 2371 ·
1357 2344 1359 2346 ¹
1673 2346 1675 2348 ’

205 2403 241 2425 ac
262 2393 372 2428 deinde
395 2395 555 2432 zozymam
578 2418 588 2433 ‚
625 2394 817 2436 Bonifacium
840 2419 851 2436 ,
875 2396 1051 2434 Celestinum
1079 2422 1089 2438 ‚
1212 2397 1244 2435 A
1258 2399 1327 2442 ΚΑ
1345 2400 1385 2437 U
1400 2399 1488 2436 SIC
1501 2399 1533 2436 A
1547 2400 1582 2436 N
1595 2400 1624 2437 A
1654 2403 1676 2438 S
1688 2403 1722 2437 Y
1737 2402 1812 2438 ΝΟ
1827 2404 1859 2437 D
1875 2403 1915 2439 U
1933 2404 1970 2439 S,

206 2441 355 2483 Xixtum,
383 2446 507 2477 Leonem
519 2468 530 2483 ,
550 2449 695 2478 continuis
707 2446 742 2479 6·
752 2444 961 2489 int-effabilibus
972 2445 1085 2489 senten-

204 2491 352 2534 tiisfuiffe
359 2491 555 2535 prostratam?
584 2498 649 2528 Nec
671 2495 792 2529 tantum
812 2495 943 2541 Ecclefiae
956 2496 1077 2531 carboli·
1225 2499 1356 2542 Auitus,
1366 2511 1407 2534 ex
1419 2501 1581 2535 Lerinensi
1597 2499 1765 2537 Monacho
1779 2502 1956 2546 Episcopus
1974 2503 2040 2538 Re·

203 2549 248 2573 cae
260 2540 375 2583 legibus
386 2565 396 2580 ,
419 2540 477 2583 sed
489 2545 662 2583 Principum
672 2555 783 2586 quoque
799 2548 997 2580 Romanorum
1004 2558 1036 2579 eo
1045 2556 1082 2579 te*
1243 2551 1333 2593 jeufis
1344 2575 1354 2591 ,
1375 2560 1443 2584 tres
1453 2551 1555 2584 edidit
1572 2550 1731 2594 Epistolas
1744 2577 1751 2587 .
1767 2553 1907 2587 Primam
1922 2555 1960 2587 ad
1974 2553 2038 2588 Lu-

203 2600 273 2623 nore
285 2592 461 2642 damnatam
473 2615 484 2631 ,
494 2599 525 2623 ut
536 2590 677 2633 nusquam
688 2602 835 2628 terrarum
847 2597 973 2628 vivendi
997 2598 1086 2629 locum
1149 2600 1257 2633 cidum
1274 2600 1518 2646 Presbyterum,
1547 2595 1841 2638 Praedestinationae
1866 2604 1984 2638 haerefis
1997 2605 2040 2639 (e-

202 2639 366 2674 Sec‘laetores
378 2641 439 2680 ejus
453 2640 558 2675 habere
573 2640 737 2683 finerentur
750 2667 757 2674 .
783 2643 871 2677 Data
885 2644 929 2677 est
944 2646 1084 2688 Epistola
1149 2650 1302 2684 statorem
1315 2675 1326 2691 ,
1355 2651 1387 2683 in
1412 2661 1475 2694 qua
1490 2651 1634 2693 singulos
1644 2651 1738 2695 hujus
1751 2655 1866 2688 erroris
1879 2656 2035 2688 articulos

201 2689 323 2732 quinto
334 2690 500 2726 Kalendas
514 2692 653 2735 Augusti
666 2718 675 2732 ,
691 2691 818 2727 Albino
829 2694 976 2730 Consule
990 2719 1000 2735 ,
1013 2696 1083 2729 Do·
1148 2699 1247 2733 edicit
1264 2723 1275 2740 ,
1301 2701 1334 2736 ἀ
1350 2700 1507 2734 Eri-onem
1520 2701 1559 2736 ad
1573 2702 1714 2743 ipsorum
1726 2702 1939 2745 ejurationem
1954 2704 2034 2738 serio*

199 2739 284 2772 mini
305 2751 394 2775 anno
409 2740 728 2787 quadringentesimo
740 2745 1082 2788 nonagefimotertio.
1149 2749 1308 2782 hortatur.
1337 2750 1450 2784 Altera
1474 2752 1518 2785 est
1547 2752 1643 2794 ipfius
1668 2753 1837 2788 Lucidi‘ad
1862 2754 2032 2795 synodum

251 2788 305 2823 Eo
317 2800 463 2833 tempore
475 2790 606 2831 Gothi,
635 2792 799 2828 Ariani&
813 2794 941 2828 Barbari
957 2820 966 2834 ,
987 2807 1081 2829 vexa·
1149 2798 1371 2835 Arelatensem
1388 2812 1399 2833 .·
1428 2800 1502 2834 Hac
1514 2801 1633 2837 Fausto
1658 2803 1711 2836 ille
1723 2803 1856 2844 obedit,
1883 2804 1916 2838 ἀ
1929 2805 2032 2846 Syno-

200 2836 279 2873 bant
302 2839 448 2880 Italiam,
479 2851 576 2885 atque
597 2842 641 2875 ita
656 2843 830 2888 languebat
843 2844 913 2878 istic
927 2844 1076 2881 Ecclesia·
1147 2848 1189 2881 do
1202 2850 1231 2881 st·
1244 2849 1337 2892 plene
1350 2849 1509 2886 submittit
1522 2876 1529 2883 .
1544 2851 1659 2887 Tertia
1673 2853 1717 2887 est
1733 2853 1852 2887 rursum
1869 2855 1974 2887 Fausti
1988 2853 2029 2887 ad

200 2886 279 2922 stica
300 2890 492 2934 disciplina.
523 2890 622 2933 Apud
645 2891 785 2927 Picenos
799 2895 908 2930 nescio
920 2896 990 2937 quis
1001 2894 1078 2938 mise-
1147 2899 1284 2934 sanetum
1314 2900 1490 2935 Leontium
1522 2901 1742 2936 Arelatensem
1779 2902 1882 2937 Archi
1898 2905 2030 2946 Episco-

199 2937 304 2972 rabilis
322 2938 414 2983 senex
435 2965 446 2981 ,
473 2943 579 2976 seneca
597 2949 730 2983 nomine,
759 2943 875 2981 ordine
896 2944 1080 2987 Presbyter,
1146 2959 1243 2990 pum,
1269 2950 1302 2985 ὅ(
1326 2950 1380 2994 ipsi
1404 2949 1436 2983 in
1460 2951 1668 2995 Lugdunenli
1689 2952 1825 2995 synodo
1849 2954 2029 2988 adsidentes

200 2992 287 3021 totius
308 2992 479 3026 eruditionis
494 2997 616 3038 ignarus
628 3017 638 3032 ,
666 2993 849 3038 Pelagiano
871 2995 906 3029 in
920 3006 1018 3030 coeno
1030 2995 1079 3029 fae-
1144 2997 1317 3042 collegas,
1343 3011 1406 3043 qua
1421 3001 1634 3043 synodalium
1648 3006 1730 3044 apud
1748 3004 1914 3038 Art-latum
1932 3003 2028 3039 Aeto·

199 3036 416 3095 teba-torus,
444 3042 623 3085 docuitque
634 3043 800 3086 sequentia
811 3068 818 3076 .
1143 3059 1214 3081 rum
1224 3049 1441 3093 digestionem
1455 3051 1510 3084 fibi
1523 3052 1680 3094 gloriatur
1692 3053 1875 3097 delegatam
1887 3078 1898 3094 ,
1924 3055 1958 3089 δι
1972 3055 2027 3087 ad-

250 3086 360 3122 Primo
371 3112 381 3129 ‚
410 3096 441 3125 in
451 3102 579 3126 matrum
594 3099 685 3126 uteris
698 3102 779 3134 opere
790 3097 905 3127 Divino
922 3099 1019 3129 creari
1031 3100 1078 3130 in·
1140 3097 1248 3141 jungit
1265 3111 1271 3130 :
1301 3104 1335 3132 ln
1346 3112 1401 3142 quo
1411 3103 1527 3142 quidem
1537 3100 1669 3143 opusculo
1678 3104 1740 3143 pest
1755 3094 1925 3143 Arelatensis
1943 3107 2025 3143 syno-

193 3135 327 3180 fantes‚
352 3140 466 3186 ideoque
478 3142 588 3184 justum
611 3154 666 3175 non
688 3145 786 3177 videri
810 3168 820 3184 ,
848 3146 928 3187 quod
947 3144 1076 3186 faHura
1143 3147 1175 3180 di
1186 3147 1425 3191 subscriptionem
1440 3176 1449 3190 ,
1477 3157 1561 3183 novis
1582 3154 1727 3187 erroribus
1740 3153 1942 3197 deprehensis,
1971 3155 2024 3186 ad-

198 3190 257 3219 Dei
275 3186 331 3226 sine
353 3189 418 3222 ullis
432 3198 564 3234 propi-ils
585 3192 750 3229 afflomhus
763 3199 898 3238 cuiquam
906 3203 1072 3240 peccatogi·
1135 3200 1191 3240 jici
1211 3200 1312 3241 aliqua
1337 3203 1464 3239 synodus
1482 3203 1675 3246 Lugdunensis
1688 3212 1784 3248 exegit
1796 3230 1803 3238 .
1823 3203 1904 3250 Qae
1915 3228 1923 3243 ‚
1948 3215 2023 3246 qua-

191 3243 305 3283 ,ζηαίαν
318 3237 456 3297 θὸϋῇκία.
1142 3249 1186 3280 les
1200 3273 1208 3286 ,
1235 3261 1300 3293 quo
1324 3260 1469 3293 tempore
1490 3251 1610 3285 fuerint
1635 3254 1704 3288 ista:
1720 3255 1848 3298 Synodi
1862 3279 1871 3294 ‚
1898 3252 2022 3288 dudum

245 3286 419 3329 Secundo,
443 3290 645 3330 Decedentes
668 3294 732 3326 fine
743 3294 912 3338 Baptismo
936 3296 1075 3332 infantes
1140 3299 1325 3342 quaefierunt
1341 3299 1491 3342 Eruditi‚
1517 3302 1923 3340 &necduminvenerunt-
1950 3303 2022 3335 Nec

195 3337 397 3396 non-intrare
408 3339 540 3381 quidem
555 3343 617 3376 Dei
632 3344 785 3388 Regnum
800 3370 809 3384 ,
832 3357 976 3380 attamen
1006 3359 1072 3380 non
1144 3348 1259 3383 mirum
1274 3375 1280 3381 .
1346 3352 1408 3382 uod
1421 3353 1509 3384 enim
1524 3364 1589 3387 non
1604 3354 1648 3388 est
1663 3380 1673 3395 ,
1685 3355 1853 3399 quomodo
1866 3353 2023 3394 reperias?

193 3395 330 3425 mittun
342 3388 600 3433 damnationem,
618 3394 668 3429 sed
682 3393 810 3430 admitti
823 3395 862 3430 ad
875 3397 974 3431 vitam
988 3407 1071 3432 aeter-
1119 3413 1124 3469 ι
1142 3398 1223 3444 Quo
1246 3400 1523 3443 Augustinianam
1572 3404 1589 3436 a
1613 3404 1764 3439 Romana
1780 3402 1916 3436 Ecclesia
1942 3412 2024 3436 tunc

195 3445 291 3472 ΜΒΓ·
1141 3449 1252 3493 saepius
1273 3449 1469 3487 vindicatam
1490 3476 1502 3493 ,
1530 3453 1712 3489 doctrinam
1736 3452 2024 3488 Praedestinatianae

1843 3502 1956 3537 fabulae
