2366 3736
745 158 829 203 De
865 158 1171 215 Omnronn
1208 156 1576 225 Praemium.
1988 170 2023 213 9

244 273 253 279 .
278 246 358 286 Hoc
379 246 484 291 ipsum
494 246 661 289 profitetur
673 242 705 276 in
719 241 802 276 libro
814 242 855 279 de
876 241 941 276 fide
951 241 984 275 ὄε
997 241 1103 284 operi-

69 299 150 345 (ἔαρ.
166 310 180 337 1
188 307 217 346 9.
230 296 288 334 bus
299 311 310 331 .·
338 299 382 331 De
389 297 544 330 concubina
553 321 564 337 ,
582 291 840 336 fiprofeffafuertt
852 293 964 326 nullum
969 290 1001 335 fit
1013 293 1106 325 alium
1130 289 1132 294 ’

230 353 431 392 cognituram,
457 343 571 385 etiamst
575 344 613 375 ab
623 343 693 382 illo,
719 348 763 375 cui
782 341 905 386 subdita
916 343 976 382 est,
1004 343 1107 374 dimit-

231 407 338 439 tatur,
363 400 468 431 merito
490 393 672 434 habitatur,
705 393 804 426 utrum
824 395 869 426 ad
885 393 1108 436 percipiendum

233 448 424 492 Bapnfmum
430 455 486 484 non
494 443 597 477 debeat
604 445 727 476 admitti
736 469 742 475 .
771 442 920 487 ,Quisquis
928 449 1021 478 etlam
1039 454 1110 475 uxo-

232 509 298 532 rem
319 505 352 532 in
367 495 515 534 ,adulterio
534 492 747 536 deprehensam
760 492 901 536 dimiserit
914 518 926 534 ,
962 494 997 528 <5
1015 494 1110 526 aliam

234 550 372 584 auxent,
408 556 464 578 non
486 545 609 578 videtur
630 545 798 586 aequandus
821 549 886 583 ets,
912 550 965 586 qui
988 551 1110 585 excepta

233 595 321 639 eausa
331 596 469 628 adulterii
481 596 639 628 dimittunt
649 595 683 628 &¹
692 595 805 628 ducunt
817 618 824 624 .
850 597 896 632 Et
909 600 943 627 in
965 593 1032 635 ipfis
1058 594 1110 627 Dl-

234 644 536 689 vinissententiisita
546 643 694 687 obscurum
705 644 766 684 est,
792 653 891 677 utrum
917 647 951 678 (05
970 644 1038 684 iste,
1069 646 1111 677 cui

231 697 355 739 quidem
363 695 424 738 fine
434 695 520 728 dubio
529 696 698 729 adulteram
707 695 775 729 licet
796 695 947 729 dimittere
957 718 970 734 ,
994 694 1112 727 adulter

230 753 334 780 tamen
355 745 520 785 habeatur,
539 743 571 786 fi
591 747 718 779 alteram
740 746 883 783 duxerit,
907 753 941 778 ut
964 745 1111 789 quantum

231 796 386 837 existimo,
414 795 572 831 venialiter
592 795 633 828 tbi
653 793 771 837 quisque
785 794 922 835 fallatur
945 819 952 829 ,
980 797 1113 838 ,Quamo-

231 845 316 880 brem
328 858 395 890 quae
407 844 563 889 manifesta
569 843 640 889 sunt
650 846 845 887 impudicitiae
855 850 982 878 crimina
995 868 1006 884 ,
1033 849 1113 878 omnt

231 898 318 930 modo
336 898 357 930 ἃ
380 895 537 939 Bapttsma
550 894 738 937 prohibenda
757 894 850 938 sunt,
878 894 934 937 nist
949 900 1114 928 mutatione

233 947 403 980 voluntatis
417 948 835 993 &poenttentiacorrggagttur
843 957 858 987 ;
874 956 940 987 quae
950 953 1049 980 autem
1061 945 1114 980 du-

232 995 284 1029 bia
295 1019 306 1036 ,
331 1001 410 1029 omni
425 997 508 1030 modo
517 998 681 1030 conandum
693 995 731 1035 est
742 1019 753 1036 ‚
779 996 898 1038 nefiant
908 997 985 1029 tales
995 996 1114 1036 conjun-

231 1044 343 1080 &ones
355 1070 363 1078 .
389 1048 480 1089 ,Quid
487 1051 568 1080 enim
578 1055 648 1088 opus
659 1046 696 1086 est
707 1050 742 1080 in
754 1054 875 1079 tantum
886 1044 1041 1088 discrimen
1052 1056 1114 1078 am-

231 1094 387 1139 biguitatis
398 1104 487 1138 caput
508 1097 652 1130 mittere?
676 1099 707 1130 51
727 1106 827 1129 autem
842 1095 943 1137 fac‘lae
957 1097 1078 1138 fuerint
1104 1117 1115 1134 ,

231 1144 326 1189 nescio
337 1147 436 1180 utrum
447 1152 470 1179 ii
480 1152 531 1190 qui
536 1146 671 1188 fecerint
682 1172 692 1187 ,
712 1145 848 1187 similiter
859 1147 903 1178 ad
920 1141 1114 1188 Baptismum

230 1206 291 1230 non
318 1198 480 1232 videantur
516 1198 620 1231 debere
638 1199 761 1232 admitti
775 1220 782 1228 .
809 1195 921 1230 Palam
946 1196 1115 1239 profitetur

231 1245 320 1280 hanc
332 1258 399 1282 rem
411 1250 474 1283 esse
485 1247 567 1283 adeo
577 1247 710 1285 dubiam
722 1271 734 1288 ,
760 1255 795 1283 ut
806 1247 889 1284 circa
900 1245 1000 1290 ipsam
1013 1244 1118 1281 venia·

231 1296 309 1332 liter
320 1306 442 1333 erretur
453 1323 460 1331 .

284 1348 330 1380 Et
342 1345 438 1381 docet
450 1347 555 1382 varia.
581 1344 718 1387 Primo,
744 1346 834 1392 quod
853 1345 922 1385 illi,
948 1342 1006 1387 qui
1025 1332 1123 1377 exce-¹

231 1402 288 1438 fta
305 1395 538 1427 fornicationis
562 1398 658 1427 causa
682 1397 848 1438 legitimas
870 1405 988 1428 uxores
1007 1392 1118 1428 dimit·

230 1442 368 1480 mnu&
378 1441 458 1475 alias
468 1441 593 1476 ducunt
605 1466 618 1482 ,
641 1443 823 1487 fintpalam
834 1441 997 1484 adulteri,
1022 1443 1112 1478 ideo·

231 1503 297 1536 que
307 1491 374 1526 fine
386 1492 580 1536 poenitentia
591 1492 723 1527 admitti
733 1505 801 1529 non
814 1493 933 1537 poffint
943 1494 985 1529 ad
1009 1494 1115 1529 Sacra-

231 1550 345 1578 menta
356 1542 564 1586 B'aptismatis
586 1552 644 1577 aut
663 1542 963 1579 Reconciliationis
976 1569 983 1578 .
1010 1543 1115 1592 Qod

229 1591 340 1637 ipsum
351 1593 449 1628 docet
461 1592 625 1637 postremo
636 1594 744 1638 capite
754 1594 849 1639 primi
861 1594 933 1630 libri
945 1595 986 1628 de
996 1595 1117 1629 adulte-

230 1643 316 1678 riuis
327 1643 492 1688 conjugiis
502 1667 511 1676 .
538 1644 825 1680 Docetadversitm
837 1646 982 1689 praefatas
994 1645 1116 1680 Roma-

229 1693 413 1738 nilmperii
426 1695 535 1740 leges,
561 1705 631 1736 quae
640 1706 682 1729 ex
700 1695 772 1731 aliis
783 1697 913 1740 insuper
931 1695 1031 1730 caulis
1052 1706 1117 1739 per·

228 1742 408 1779 mittebant
420 1745 454 1781 δε
464 1744 589 1779 dimitti
601 1745 635 1779 ἀ
646 1743 741 1781 duci.
770 1745 923 1782 Secundo
933 1744 1032 1781 docet
1044 1746 1118 1780 illo-

227 1798 326 1837 mm‘,
352 1795 410 1839 qui
421 1806 462 1829 ex
470 1795 698 1830 fornicationis
707 1799 801 1832 causa
813 1797 989 1831 dimittunt
1000 1797 1033 1830 δε
1056 1796 1118 1831 du·

230 1852 312 1879 eunt
325 1868 337 1886 ,
361 1845 523 1880 tationem
536 1846 599 1880 effe
620 1844 753 1882 dubiam
765 1871 773 1881 .
801 1848 870 1881 Eos
891 1847 1023 1882 interim
1048 1847 1117 1881 istis

228 1893 304 1929 aliis
315 1895 408 1930 nullo
420 1895 522 1930 modo
534 1896 597 1930 effe
607 1891 780 1940 aequa‘ndos
788 1922 796 1930 .
823 1897 942 1931 Tertio
952 1898 1051 1932 docet
1073 1907 1116 1932 ta·

229 1943 281 1978 les
290 1945 540 1989 conjunstiones
562 1957 630 1981 non
651 1948 718 1982 fieri
740 1949 807 1982 sine
831 1948 921 1993 gravi
944 1957 1081 1992 peccato
1108 1972 1115 1980 .

230 1994 365 2029 Fundat
376 1996 453 2030 sein
466 1998 637 2031 communi
649 1998 780 2042 regula:
808 2002 845 2031 1n
857 1998 956 2032 dubus
980 1999 1117 2041 eligenda

230 2041 351 2084 estpars
374 2042 518 2086 [πηνίον.
547 2046 611 2084 ,ραι
630 2050 716 2074 amat
730 2043 894 2083 periculum
906 2065 916 2082 ,
950 2044 1063 2083 peribit
1084 2048 1117 2076 in

231 2093 288 2126 allo
297 2117 305 2125 .
333 2091 463 2138 Quarto
475 2091 574 2125 docet
585 2101 641 2124 eos
651 2114 663 2130 ‚
688 2092 746 2133 qui
758 2091 837 2123 talia
858 2091 1014 2133 conjugia
1027 2091 1115 2124 bona

231 2141 299 2176 fide
308 2141 374 2184 jam
386 2141 532 2175 inierunt
543 2164 554 2179 ,
578 2139 745 2173 &nolunt
757 2139 820 2182 ipsa
831 2138 997 2173 dimittere
1008 2163 1019 2179 ,
1045 2150 1115 2173 non

230 2190 349 2224 debete
358 2186 500 2232 repellia
514 2187 731 2232 Baptismus,
760 2189 908 2232 adeoque
929 2199 991 2223 nec
1012 2189 1031 2222 a
1051 2188 1116 2223 Re-

232 2239 483 2274 conciliatione.
512 2239 566 2272 De
584 2239 654 2273 istis
691 2238 859 2284 conjugiis
893 2239 992 2274 docet
1028 2238 1114 2274 istud

231 2290 340 2333 ipsum
365 2313 376 2330 ‚
401 2288 493 2332 quod
510 2289 740 2323 Tertullianus
758 2290 794 2323 δε
813 2289 870 2323 alii
891 2290 1021 2334 antiqui
1039 2299 1116 2324 ante

230 2338 448 2375 Constantini
460 2338 635 2382 Imperium
646 2338 762 2373 Patres
774 2338 957 2374 docuerunt
978 2338 1020 2374 de
1030 2340 1118 2374 mili-

228 2391 280 2424 tia
291 2402 303 2422 .·
329 2389 512 2424 docuerunt
521 2389 652 2424 fidelem
664 2389 858 2423 subinfideli
880 2390 1035 2434 Principe
1043 2400 1114 2424 non

232 2439 324 2484 posse
336 2439 403 2474 fieri
417 2440 556 2473 militem
569 2465 579 2480 ,
606 2450 702 2473 antea
714 2449 824 2474 tamen
840 2441 1018 2483 susceptam
1029 2440 1115 2475 rnili-

230 2490 315 2524 tiam
330 2501 397 2523 non
415 2488 531 2524 debere
542 2489 665 2524 dimitti
680 2515 687 2521 .
714 2489 919 2535 Augustinus
930 2491 974 2525 ita
986 2490 1115 2531 docuit,

233 2538 325 2583 quod
339 2538 429 2574 suam
441 2540 636 2576 sententiam
644 2541 775 2575 duceret
794 2540 922 2575 firmam
935 2565 945 2582 ‚
973 2540 1114 2585 ideoque

230 2590 416 2632 oppositam
428 2590 570 2624 censeret
583 2602 651 2624 non
664 2591 726 2624 effe
746 2600 853 2624 tutam
875 2591 910 2624 in
935 2591 1044 2634 praxi.
1072 2591 1115 2624 Et

230 2638 435 2677 hincmar,
459 2639 550 2682 quod
571 2641 695 2675 Dostor
706 2651 774 2674 rem
788 2652 856 2675 non
874 2640 951 2681 fibi,
978 2640 1030 2674 sed
1041 2641 1114 2675 aliis

231 2687 439 2735 probabilem
452 2699 520 2722 non
545 2690 639 2733 poffit
662 2689 811 2730 suadere,
837 2690 943 2724 immo
962 2701 1024 2725 nec
1044 2702 1113 2734 per-

228 2738 366 2774 mittere
376 2741 667 2784 comta-proprium
679 2739 837 2783 judicium
849 2764 857 2773 .
887 2740 934 2774 At
947 2740 1024 2775 vero
1034 2742 1113 2775 tales

232 2787 325 2826 bona
335 2799 372 2822 ac
382 2788 516 2832 simplici
529 2790 593 2825 fide
604 2790 799 2835 conjugatos
810 2791 934 2826 sanctus
957 2792 1111 2835 Augusti·

231 2849 299 2873 nus
309 2840 449 2883 permisit
463 2838 640 2875 admittiad
662 2841 888 2876 Sacramenta.
915 2841 1009 2876 Licet
1031 2841 1113 2875 invi-

228 2898 288 2923 tus
298 2912 307 2920 .
334 2888 388 2924 Ex
399 2891 567 2934 quovides
577 2916 588 2933 ‚
600 2890 691 2936 quod
702 2893 913 2934 poenitentem
927 2916 939 2933 ‚
964 2892 1020 2934 qui
1042 2902 1112 2935 pro-

232 2937 338 2972 babili
350 2963 362 2980 ,
388 2940 464 2974 licet
477 2941 587 2976 nostro
596 2941 720 2984 iudicio
741 2943 925 2982 contraria,
950 2942 1110 2976 sententia

229 2988 387 3032 fulcitur,
405 2990 573 3034 &abipsa
596 3003 664 3027 non
689 2993 757 3026 vult
768 2993 932 3033 recedere,
960 2993 1110 3035 possimus

230 3036 404 3076 admittere
423 3041 464 3075 ad
482 3041 593 3076 salutis
618 3043 844 3085 Sacramenta,
873 3041 977 3077 immo
1000 3043 1033 3076 ὅ(
1053 3042 1110 3076 de-

231 3087 367 3125 beamus
379 3116 387 3123 .
415 3092 458 3125 Et
468 3093 552 3126 ratio
564 3091 609 3126 est
623 3093 794 3127 manifesta
808 3117 816 3125 .
845 3093 939 3139 Qia
963 3090 1106 3135 probabi·

232 3137 299 3174 lem
316 3140 351 3175 in
364 3142 506 3177 Ecclesia
517 3143 708 3176 sententiam
722 3167 733 3183 ,
758 3144 835 3177 licet
848 3143 1030 3186 improbare
1042 3143 1110 3186 pos-

229 3184 350 3230 fimus,
375 3191 648 3227 damnaretamen
662 3205 731 3227 non
757 3194 945 3237 poffumus,
972 3192 1110 3236 ideoque
1130 3207 1134 3211 ’

233 3246 298 3269 ¹¹⁶0
310 3238 375 3279 eins
383 3242 541 3277 Doctores
553 3254 607 3278 aut
618 3243 808 3278 Senatores.
835 3243 932 3286 Sequi
954 3242 1110 3277 debemus

232 3284 396 3324 l²ud²t²m
409 3292 507 3326 sanffl
516 3293 676 3338 Cypriani
690 3294 834 3339 regulam
848 3306 856 3325 :
884 3297 1013 3326 Nemine
1024 3317 1034 3332 ,
1058 3299 1110 3336 qui

232 3341 410 3372 ‘muranum
423 3340 570 3386 senseat,
589 3345 788 3385 Judtcaentet,
815 3352 870 3376 aut
895 3345 916 3376 ἆ
938 3348 1107 3376 communio-

232 3395 294 3426 Μ,
319 3387 508 3430 adeoque&
531 3394 744 3429 Sacramentis
759 3419 770 3434 ‚
795 3403 998 3427 removentes.
1025 3393 1107 3427 San-

232 3437 304 3470 stus
326 3437 527 3482 Augustinus
548 3444 651 3485 palam
674 3444 771 3478 docet
794 3445 885 3478 istius
906 3442 1106 3478 matrimonii

232 3489 451 3525 retentionem
464 3501 532 3525 non
543 3493 625 3534 effe,
651 3494 708 3528 nifi
720 3494 848 3529 veniale
871 3503 1038 3539 peccatum
1050 3516 1058 3525 .

1213 238 1334 284 Magni
1360 248 1440 272 tunc
1459 237 1541 280 viri,
1568 236 1673 275 immo
1693 248 1820 285 magna
1830 238 1960 282 synodi
1981 239 2049 276 ‹10-

1164 300 1303 324 cuerunt
1322 289 1423 323 etiam
1455 287 1704 325 inchoationem
1740 289 1814 325 talis
1841 290 2048 325 matrimonii

1167 351 1234 373 non
1248 339 1309 374 effe
1319 348 1508 383 peccatum.
1535 339 1639 387 Qud
1652 341 1759 376 Gtaeci
1784 341 1897 383 paffim
1924 341 1970 374 ita
1991 340 2052 374 do·

1167 389 1292 425 cuerint
1302 413 1314 429 ,
1338 389 1428 423 lucet
1436 398 1477 425 ex
1493 389 1700 432 Imperatoris
1712 390 1887 436 Justiniani
1899 388 2029 435 legibus
2041 412 2052 429 ,

1170 438 1295 485 legibus
1304 438 1428 474 Leonis
1437 438 1613 481 sapientis,
1638 439 1673 475 &
1694 441 1791 478 variis
1811 441 1963 476 Decretis
1985 440 2053 474 exi·

1169 489 1326 524 stentibus
1337 488 1450 532 injure
1464 487 1772 524 Graecokomano.
1798 490 1911 528 Etiam
1931 501 1974 525 ex
2000 501 2054 525 va·

1170 540 1227 574 riis
1237 539 1378 583 ipsorum
1389 536 1591 574 authenticis
1602 538 1755 574 Patribus
1764 564 1773 572 .
1798 540 1888 576 Inter
1910 539 1972 576 hos
1985 541 2060 575 san·

1171 592 1239 624 stus
1265 588 1431 631 Asterius,
1457 587 1642 625 Amasenus
1676 588 1857 632 Episcopus
1879 614 1891 631 ,
1916 590 2060 626 Heleno.

1171 640 1273 675 Ponti
1298 638 1534 684 Metropolim,
1564 639 1601 674 in
1619 637 1747 675 erudita
1769 640 1860 683 super
1893 639 2060 675 decimum

1174 701 1301 725 nonum
1310 690 1408 726 sancti
1420 687 1570 727 Matthaei
1581 699 1681 733 caput
1693 687 1834 725 homilia
1848 690 1990 733 graviter
2011 689 2062 723 in-

1172 739 1301 775 vehitur
1315 741 1350 775 in
1361 740 1438 777 illos
1446 763 1460 781 ,
1484 739 1641 784 quicivili
1652 740 1724 784 lege
1732 739 1809 776 fulti
1821 749 1939 776 uxores
1952 750 2064 775 muta-

1173 790 1252 826 bant
1262 790 1311 825 uti
1323 789 1447 830 vestes,
1471 799 1569 834 atque
1579 789 1771 828 concludit.-
1799 791 1858 825 Hoc
1871 797 1970 824 ratum
1988 814 1999 830 ,
2027 792 2062 825 6

1174 843 1293 878 omnino
1300 839 1476 884 perfiaasiem
1487 839 1587 875 habete
1601 864 1613 882 ,
1637 847 1758 882 excepta
1769 848 1863 874 morte
1886 851 1921 873 ac
1944 840 2065 874 adulte-

1172 897 1237 931 rio,
1264 892 1348 924 nulla
1357 902 1394 924 ex
1405 889 1494 934 causa
1517 896 1740 927 matrimonium
1757 891 1882 924 dirimi.
1908 890 2005 937 Qin
2030 890 2064 924 δε

1175 942 1259 976 inter
1268 940 1446 982 articulos,
1472 939 1514 978 de
1526 939 1690 987 quibusin
1712 939 1909 979 Florentino
1934 939 2066 975 Conci·-

1176 991 1222 1026 lio
1233 992 1346 1027 Latini
1357 991 1428 1036 post
1442 993 1634 1029 conclusam
1646 990 1806 1028 unionem
1830 990 2035 1036 postularunt
2046 989 2065 1024 a

1175 1042 1298 1078 Graecis
1307 1042 1470 1079 rationem
1482 1054 1521 1077 ac
1538 1042 1811 1090 expurgationem
1824 1057 1841 1082 ‚·
1861 1041 1927 1078 fuit
1937 1040 1973 1074 δε
1985 1038 2040 1076 hic
2054 1053 2066 1073 .-

1176 1093 1282 1136 .Quare
1305 1093 1441 1137 conjugia
1462 1094 1609 1127 dirimatis
1629 1089 1784 1132 ‚dicente
1807 1095 1952 1129 Domino,
1989 1090 2067 1132 quod

1179 1144 1260 1178 Deus
1283 1144 1440 1185 conjnx-u,
1465 1142 1548 1177 bomo
1568 1154 1626 1177 non
1642 1140 1763 1186 separet
1783 1143 1796 1178 ?
1825 1143 1869 1177 Et
1886 1138 2070 1185 synodalia

1180 1190 1264 1225 Asta
1274 1191 1483 1236 adjungunt:
1509 1193 1604 1229 ᾗσι-ὰ
1618 1197 1740 1228 Latinis
1762 1192 1875 1233 objeua
1902 1191 2072 1229 Mitylenen·

1171 1238 1210 1283 fit
1230 1242 1380 1276 Canonice
1403 1247 1526 1282 omnia,
1549 1243 1735 1289 legitimeque
1750 1243 1910 1285 diffiniit,
1942 1248 2072 1281 prem·

1124 1311 1130 1330 ;
1176 1300 1267 1332 quam
1279 1290 1358 1329 duo,
1383 1289 1421 1323 de
1433 1289 1540 1334 qulbus
1551 1294 1642 1332 Papa
1649 1291 1832 1335 fignificat!
1855 1292 2035 1329 xmperatori
2062 1311 2071 1321 .

1178 1339 1311 1374 Horum
1323 1348 1504 1373 unumerat
1519 1352 1531 1374 .-
1557 1342 1627 1374 Cur⁴
1640 1342 1837 1381 matrimonia
1858 1339 2047 1374 dtrimantur
2061 1361 2071 1370 .

1179 1392 1302 1425 Latinis
1313 1388 1583 1423 contradicentibus
1592 1389 1686 1432 legem
1698 1387 1779 1422 nihil
1789 1389 1895 1425 valere-
1914 1388 2074 1422 adversus

1180 1443 1299 1474 Domini
1310 1450 1410 1475 vocem
1420 1463 1433 1480 ‚
1457 1439 1538 1482 quod
1547 1442 1630 1474 Deus
1641 1441 1800 1479 coniunxit
1811 1463 1821 1480 ,
1847 1437 1931 1472 bomo
1957 1448 2014 1471 non
2025 1436 2074 1481 se-

1176 1500 1299 1534 paret⁸¹
1313 1488 1445 1534 Nempe
1466 1487 1662 1525 Dorotheus
1683 1489 1919 1533 Mitylenensis
1943 1488 2074 1523 Metro·

1180 1541 1284 1586 polita
1295 1539 1474 1576 adduxerat
1484 1540 1627 1587 praefatas
1649 1539 1885 1575 Romanorum
1903 1538 2012 1584 leges,
2027 1538 2070 1579 ,δε
2102 1587 2106 1589 Δ

1180 1591 1296 1628 Latini
1308 1591 1520 1636 reposuerunt
1534 1591 1618 1635 ipsas
1639 1601 1708 1625 non
1730 1590 1899 1635 praevalere
1920 1589 2073 1633 Evange-

1157 1667 1159 1671 .
1180 1642 1228 1678 lio
1238 1667 1246 1676 .
1276 1643 1417 1681 latoria
1428 1641 1600 1686 Eugenius
1615 1640 1775 1677 Pontifex
1787 1639 1890 1675 duxit.
1906 1640 2071 1679 unionem

1179 1692 1226 1728 ob
1250 1692 1562 1738 istunnonrticulum
1583 1702 1655 1726 non
1672 1690 1735 1727 effe
1757 1688 2072 1729 circumducendum

1181 1752 1238 1779 aut
1263 1742 1539 1788 suspendens-iam.
1567 1739 1719 1778 Permifit
1756 1739 1889 1777 Graecos
1904 1743 1983 1779 cum
2006 1739 2066 1788 suo

1181 1795 1274 1831 avito
1287 1804 1378 1829 more
1388 1793 1495 1830 abire.
1914 1823 1917 1827 ,

1234 1843 1337 1892 Qod
1346 1844 1449 1889 plures
1457 1843 1656 1882 Latinorum
1666 1844 1850 1882 authentici
1863 1843 1974 1878 Patres
1996 1851 2075 1877 ean·

1181 1894 1255 1930 dem
1268 1895 1666 1938 sententiamdocuerint‚
1691 1897 1737 1933 est
1747 1895 1907 1932 omnibus
1934 1901 2070 1928 notum·

1147 1953 1151 1957 “
1181 1944 1454 1989 Nam&prima,
1481 1945 1566 1981 certe
1590 1946 1849 1983 numerofiffima
1864 1970 1874 1986 ‚
1901 1943 2074 1982 Arelaten-

1179 1995 1219 2030 fis
1241 1996 1397 2039 Synodus
1416 1993 1514 2031 habet
1527 2010 1539 2031 .·
1567 2001 1614 2032 De
1637 1997 1685 2032 bis
1705 2003 1759 2041 qut
1778 1998 1919 2040 conjuges
1938 1993 2024 2038 suasu
2037 1997 2176 2037 itt-Gan.
2195 1997 2249 2037 td.

1179 2045 1327 2074 adulterto
1337 2046 1594 2084 deprehendunt,
1618 2049 1757 2081 &tndem
1774 2046 1848 2089 sunt
1872 2043 2069 2086 adolescentes
2109 2061 2126 2079 ο

1175 2089 1299 2128 fideles,
1326 2089 1565 2128 &probibentur
1576 2093 1706 2136 nubere,
1730 2095 1848 2136 placuit
1857 2101 1892 2126 ut
1914 2098 1947 2125 tn
1970 2103 2074 2134 quan·-

1179 2136 1350 2178 n'cmpoffit‚
1375 2133 1519 2175 confilium
1527 2141 1573 2169 eis
1594 2142 1702 2176 detur,
1732 2152 1772 2173 ne,
1780 2142 1962 2175 mentibus
1973 2147 2075 2173 uxort-

1179 2187 1236 2221 bus
1243 2184 1333 2230 suls,
1361 2186 1429 2219 lecet
1439 2185 1608 2227 adulteris,
1635 2188 1716 2220 altas
1726 2191 1896 2230 accipiant.
1924 2187 2073 2235 Qidam

1179 2237 1334 2282 Episcopi
1347 2235 1617 2281 istosconjuges‚
1647 2235 1724 2273 licet
1735 2235 1980 2278 adolescentes,
2022 2250 2071 2273 ve-

1175 2287 1294 2324 tabant
1317 2286 1472 2331 deinceps
1492 2287 1634 2322 nubere.
1671 2287 1753 2324 Haec
1774 2299 1894 2333 magua
1913 2288 2071 2332 Synodus

1177 2338 1302 2372 censuit
1311 2337 1396 2381 ipsos
1406 2348 1473 2371 non
1490 2347 1647 2382 praecepto
1658 2362 1669 2378 ,
1698 2338 1753 2375 sed
1767 2339 1838 2374 solo
1848 2339 1986 2374 consilio
2003 2340 2070 2375 effe

1178 2387 1386 2423 inducendos
1405 2411 1414 2421 .
1441 2386 1524 2423 Non
1552 2388 1594 2422 ad
1619 2388 1860 2434 abrumpendas
1882 2389 2068 2425 istiusmodi

1175 2438 1242 2482 jam
1252 2438 1355 2473 initas
1367 2439 1521 2481 nuptias,
1548 2437 1602 2473 sed
1610 2438 1651 2473 ad
1663 2440 1745 2483 ipsas
1757 2450 1826 2474 non
1839 2438 2046 2474 inchoandas
2057 2463 2066 2472 .

1178 2489 1230 2523 De
1243 2489 1317 2532 ipfis
1338 2485 1537 2523 inchoandis
1557 2489 1686 2524 censuit
1706 2489 1941 2534 longd,mitius
1964 2489 2065 2533 quam

1175 2538 1300 2573 sancius
1313 2536 1536 2583 Augustinus.
1567 2538 1732 2575 venetica
1744 2538 1901 2583 synodus
1915 2539 1979 2574 fuit
1992 2540 2063 2575 lon-

1175 2587 1216 2634 ge
1229 2587 1417 2624 liberalior.-
1444 2591 1508 2622 Eo:
1526 2599 1639 2631 quoque
1658 2613 1668 2630 ,
1696 2599 1770 2634 quos
1789 2589 1901 2622 renavis
1919 2590 2063 2624 uxoribus
2083 2580 2181 2619 0²1¹&
2209 2594 2240 2632 3-

1171 2637 1235 2682 suis
1247 2663 1259 2680 ,
1278 2638 1353 2681 ficut
1363 2643 1398 2672 in
1409 2639 1573 2682 Evangelio
1585 2639 1719 2680 dicitur,
1743 2647 1867 2682 excepta
1889 2638 1978 2683 causa
1995 2640 2064 2683 sor-

1174 2693 1333 2723 nicationis
1359 2711 1371 2729 ‚
1391 2687 1454 2730 fine
1477 2689 1622 2723 adulterii
1641 2689 1836 2731 probatione,
1861 2690 1941 2724 altas
1968 2692 2063 2726 duxe-

1175 2745 1239 2772 rint
1250 2762 1262 2779 ,
1283 2738 1440 2779 statuimus
1453 2741 1475 2771 ἃ
1485 2745 1683 2774 communione
1685 2738 1824 2782 fimtltter
1833 2741 1976 2775 arcendos
1987 2765 1998 2782 ,
2024 2752 2063 2776 ne

1171 2797 1229 2832 per
1240 2790 1451 2834 negligentiam
1470 2787 1600 2829 nostram
1618 2793 1818 2834 praetermiffa
1836 2799 1961 2834 peccata
1987 2792 2063 2826 alios

1175 2840 1219 2873 ad
1227 2840 1381 2873 licentiam
1402 2844 1510 2874 erroris
1529 2845 1677 2875 invitent.
1703 2831 1852 2889 Qiidam
1871 2841 1963 2886 juxta
1986 2840 2063 2876 Ro-

1175 2899 1287 2924 manas
1313 2890 1401 2934 leges
1436 2889 1649 2925 dimittebant
1669 2891 1703 2926 &
1724 2891 1887 2929 ducebant
1905 2902 1947 2927 ex
1964 2891 2062 2926 variis

1172 2940 1296 2974 caufis:
1322 2940 1480 2984 synodus
1491 2941 1700 2976 circumcidit
1720 2941 1832 2987 leges,
1857 2942 1892 2979 δε
1917 2941 2059 2978 affirmat

1173 2988 1257 3025 istud
1269 3001 1336 3025 non
1349 2991 1438 3035 posse
1454 2991 1523 3026 fieri
1535 3015 1547 3031 ,
1574 2991 1634 3026 nifi
1650 2991 1695 3026 ob
1715 2993 1845 3027 causam
1869 2990 2063 3030 fornicatio-

1173 3041 1238 3074 nis.
1266 3041 1310 3074 Et
1322 3040 1414 3076 hunc
1426 3041 1600 3077 Canonem
1611 3042 1753 3078 omnino
1764 3042 1900 3086 respexit
1914 3042 1949 3076 in
1973 3042 2060 3080 litte-

1171 3092 1213 3125 ris
1225 3090 1266 3125 ad
1279 3091 1436 3126 illustrem
1449 3092 1556 3126 virum
1566 3092 1820 3138 Ansemondum
1831 3093 1955 3127 sanstus
1979 3093 2059 3128 Avi·
2075 3091 2133 3137 Ep.
2173 3102 2228 3139 49.

1171 3151 1222 3176 tus
1245 3140 1550 3186 Archi-Episcopus
1571 3142 1790 3178 Viennensis:
1818 3145 1942 3185 Propter
1960 3140 2055 3189 solum

1170 3192 1352 3226 adulterium
1363 3195 1445 3226 Deus
1451 3190 1586 3237 separari
1598 3199 1699 3227 virum
1705 3198 1859 3235 permittit
1869 3195 1890 3227 ἃ
1910 3195 2032 3236 canJ'uge
2044 3217 2051 3226 .

1171 3242 1282 3275 Etiam
1295 3242 1404 3285 quoad
1418 3244 1606 3277 vinculum.
1633 3243 1789 3279 Eruditus
1809 3254 1948 3289 namque
1971 3242 2054 3277 Dio-

1173 3292 1279 3334 nyfius
1297 3292 1450 3327 petavius
1466 3293 1548 3327 reste
1571 3294 1800 3338 interpretatur
1819 3306 1827 3326 ε
1866 3298 1945 3327 Hinc
1963 3300 2053 3334 patet

1166 3340 1339 3385 persuasum
1349 3341 1446 3376 adbuc
1464 3344 1525 3376 illis
1546 3344 1727 3387 temporibus
1749 3352 1783 3378 m
1805 3345 1911 3377 Gallia
1933 3341 2019 3386 fuiffev
2040 3365 2054 3382 ‚

1167 3392 1519 3434 propttrfbrnlcationem
1532 3391 1671 3436 separari
1694 3399 1794 3429 virum
1815 3394 1854 3427 ab
1880 3403 1990 3432 uxore,
2017 3392 2052 3425 <r

1169 3443 1261 3475 altam
1273 3446 1395 3484 ducere,
1426 3442 1680 3488 Cbrssdpermt'ffu
1699 3445 1824 3487 ltcuiffe·
1851 3442 1987 3479 Certum
2015 3451 2053 3476 ²0

1167 3492 1305 3527 eruditis
1326 3493 1532 3529 manifestum
1542 3493 1588 3530 est
1608 3494 1767 3540 quosdam
1790 3490 2057 3575 Gallicaniefiie-

1922 3553 1940 3579 c
1957 3551 1974 3576 e
