2366 3736
332 175 361 223 8
819 169 1461 217 Βιεεικτιιτιο

273 258 461 303 judicandi.
489 256 570 293 Hac
592 251 711 300 optimi
735 259 834 296 atque
855 250 981 295 pacifici
1008 248 1169 295 Cypriani

282 308 379 344 verba
391 318 506 344 omncs
517 304 724 341 orthodoxos
736 301 896 337 Dostores
907 301 1029 335 docent
1042 324 1053 341 ,
1080 300 1169 344 quod

276 370 412 396 nuruas
436 358 633 395 sententias,
659 351 736 387 licet
771 350 958 395 improbent
977 375 989 392 ,
1025 350 1170 393 judicare

280 420 351 445 non
375 408 513 454 poffint,
551 402 650 449 longe
671 400 779 436 minus
800 402 954 436 damnare
975 424 984 435 .
1011 400 1085 436 Nec
1109 402 1171 436 sese

279 459 401 496 mutuo
412 467 546 492 onerare
556 454 675 500 elogiis
684 477 692 485 .
719 452 883 488 Servanda
895 451 941 487 est
953 476 964 493 ,
991 460 1091 495 quarn
1103 451 1170 486 san·

277 511 348 545 &us
365 506 568 553 Augustinus
578 502 791 539 commendat
805 527 816 544 ,
844 502 987 536 fraternas
999 499 1170 535 charitatis

278 558 463 595 moderatio
480 580 487 587 .
515 553 619 606 Qiod
633 563 748 588 omnes
759 563 799 587 ex
814 553 903 587 casto
915 552 1046 586 Divinae
1058 552 1170 586 verita·

278 609 321 647 tis
330 618 439 642 amore
451 605 591 640 doceant
607 627 617 643 ‚
642 602 799 638 debemus
822 603 862 637 de
888 601 1036 647 Collegis
1056 603 1164 645 praesu·

277 668 383 696 mere,
409 655 548 700 ideoque
561 654 618 688 nisi
629 653 798 688 manifeste
810 652 966 693 devient,
996 663 1063 685 non
1081 651 1170 686 dam·

278 718 373 742 nare.
401 705 534 742 Etenim
549 715 608 739 nec
633 706 773 749 privatus
797 703 942 743 Doaor,
981 701 1088 735 immo
1110 712 1169 735 nec

277 758 351 802 quis
381 756 550 801 singularis
576 754 778 798 Episcopus,
808 753 862 787 sed
885 753 952 786 sola
977 752 1168 795 Apostolica

275 808 376 841 sancti
391 806 478 840 Petri
495 804 658 840 Cathedra
671 803 772 848 potest
785 802 990 848 dogmaticas
1021 802 1169 845 quaestio·

277 868 336 892 nes
348 857 515 893 dirimere.
543 855 726 901 Qousque
738 853 792 886 illa
805 862 976 895 utramque
990 862 1111 895 partem
1123 853 1166 886 su·

277 906 376 941 stinet
385 931 394 947 ,
423 916 536 940 neutra
549 904 652 949 potest
665 903 799 938 alteram
809 903 1015 947 proscindere
1030 925 1039 935 .

328 957 373 993 Et
389 955 549 1001 praesentis
562 954 734 998 opinionis
747 952 956 997 probabilitas
969 964 1035 987 non
1062 952 1169 986 solnm

276 1017 354 1042 cum
367 1010 420 1041 sua
433 1005 572 1050 Synodo
587 1004 792 1048 Cyprianum
805 1028 815 1044 ‚
837 1016 874 1037 ac
885 1003 992 1047 plures
1004 1013 1082 1036 tunc
1096 1002 1167 1035 alia·

276 1067 349 1092 rum
362 1057 460 1091 etiam
472 1056 668 1094 Dioeceseon
682 1055 863 1097 Episcopos
879 1078 888 1094 ,
917 1053 969 1086 sed
989 1054 1086 1086 etiam
1100 1052 1168 1095 post

275 1106 418 1141 Nicaenae
431 1106 561 1150 Synodi
592 1105 732 1140 Decreta
744 1105 889 1138 santium
913 1101 1131 1137 Athanasium
1159 1125 1169 1140 ,

1233 251 1298 285 sem
1312 251 1509 296 Episcopum
1521 276 1533 293 ,
1557 252 1590 287 δε
1607 252 1649 288 ab
1662 250 1732 296 ipso
1740 253 1862 299 recepit
1872 256 2038 301 eruditum
2049 258 2113 295 Re·

1233 302 1384 344 scriptum
1409 327 1423 344 ,
1448 302 1503 337 cui
1524 302 1687 339 Monachi
1723 304 1872 339 videntur
1897 309 2111 353 acquievisse.

1233 350 1386 387 Infirmos
1395 376 1408 394 ‚
1431 352 1537 397 quiin
1549 354 1614 387 alia
1627 353 1816 388 infirmitate
1828 353 1913 390 istud
1922 358 2109 394 Sacramen-

1233 412 1303 437 tum
1314 413 1505 446 acceperant
1516 427 1528 443 ,
1553 404 1621 437 sine
1632 403 1700 446 ipso
1713 404 1856 438 deserere
1870 416 1937 439 erat
1948 411 2054 453 gruis
2065 422 2113 445 ef.
2133 412 2193 458 Ep,
2207 423 2227 451 2
2231 424 2249 460 5
2255 424 2286 461 5,

1231 462 1286 486 ror
1296 476 1307 491 ‚
1335 451 1414 487 dura
1426 453 1544 494 injuria
1557 477 1564 484 .
1591 453 1725 488 interim
1739 466 1799 488 nec
1825 454 2001 493 Goffredus
2011 482 2023 499 ,
2050 471 2113 496 nee

1234 503 1357 536 sanstus
1370 503 1429 538 lvo
1441 502 1518 537 istos
1529 502 1717 538 Monachos
1727 505 1898 539 damnavit
1908 505 1949 540 de
1961 508 2052 550 gravi
2062 511 2113 544 de-

1232 552 1327 586 listo.
1353 553 1456 600 Quod
1471 553 1677 601 consuetudo
1698 565 1777 588 tunc
1801 555 1878 589 effet
1901 556 2079 598 probabilis
2103 581 2113 592 .

1235 602 1344 636 Etiam
1358 601 1457 637 hodie
1478 603 1523 637 est
1538 603 1686 639 intricata
1701 627 1714 643 ,
1739 605 1774 638 ἀ
1785 606 1950 648 utrimque
1968 606 2115 650 probabi·

1233 652 1271 686 lis
1284 652 1419 693 quaestio
1431 677 1441 692 ,
1467 664 1508 686 an
1522 652 1626 695 fidelis
1635 654 1742 696 lapsus
1754 679 1765 695 ‚
1777 656 1834 698 qui
1845 666 1952 699 neque
1962 656 1997 690 in
2012 656 2114 691 ullam

1234 703 1568 746 poenitentiaeclassem
1581 704 1612 737 se
1623 700 1713 750 dedit
1723 728 1735 745 ,
1761 716 1822 738 nec
1836 706 1942 740 ullum
1965 707 2113 742 conversi

1231 753 1339 787 cordis
1361 754 1636 788 manifestativum
1650 778 1661 794 ,
1686 762 1733 793 ae
1747 753 1881 790 verbalis
1901 757 2115 798 confeffionis

1232 802 1387 837 vicarium
1400 803 1525 847 {ignum
1538 805 1695 846 protulit,
1725 804 1819 847 poffit
1838 807 2114 842 sacramentaliter

1233 852 1356 887 absolvi
1371 876 1378 884 .
1406 853 1449 887 Et
1460 864 1584 888 certum
1597 856 1641 890 est
1661 856 1796 890 alteram
1808 863 1941 898 *partem
1965 858 1998 890 in
2021 857 2119 892 Divi-

1235 914 1311 936 num
1325 901 1374 944 jus
1397 903 1578 947 impingere
1590 929 1597 936 .
1626 904 1736 939 Etiam
1763 906 2005 948 aequecertum
2031 905 2078 940 est
2103 930 2117 947 .

1234 963 1378 987 neutram
1389 953 1567 987 mortaliter
1578 952 1726 997 peccare.
1753 954 1810 991 Ob
1832 954 2017 1001 probabilia
2038 955 2119 993 utri·

1233 1003 1332 1047 usque
1346 1004 1515 1048 opinionis
1531 1004 1744 1040 fundamenta
1757 1028 1766 1040 .

1458 1104 1734 1143 CAPUT
1834 1107 1880 1144 V.

274 1168 437 1202 magnum
453 1156 604 1190 Basiliam
619 1179 631 1196 ‚
659 1152 802 1189 sancium
828 1153 994 1197 Cyrillum
1016 1151 1165 1185 Hieroso·
1220 1155 1225 1161 '

274 1205 505 1249 lymitanum,
541 1206 686 1238 sancium
710 1205 872 1246 optatum
895 1202 1129 1235 Milevitanum
1158 1223 1167 1238 ,

273 1255 419 1298 aliosque
434 1255 538 1298 plures
555 1253 702 1297 AEgypti
717 1276 727 1290 ,
751 1251 875 1289 Ponti,
901 1249 1069 1292 Syriae,ae
1082 1248 1167 1282 Affi-

273 1317 318 1340 cae
336 1304 516 1348 Episcopos
530 1303 678 1345 purgavit
692 1301 710 1333 ὲ
733 1300 863 1334 mortali
884 1310 1038 1342 peccato.
1066 1296 1168 1332 Plane

272 1344 367 1390 enim
381 1353 538 1387 existimo
550 1377 562 1393 ,
589 1351 678 1394 quod
692 1349 851 1394 AEgyptii
864 1360 939 1382 cum
951 1350 1008 1383 suo
1033 1347 1166 1382 Parriar·

274 1402 336 1440 cha
352 1403 554 1441 Athanasio,
581 1400 714 1435 Pontici
736 1411 812 1434 cum
841 1401 901 1434 suo
927 1400 1063 1443 primate
1086 1398 1166 1432 Bafi-

275 1455 351 1495 lio,
377 1452 512 1498 quidam
525 1450 776 1485 Palaestinicum
788 1450 893 1483 sandio
915 1449 1064 1492 cyrillo,
1095 1450 1165 1491 qui·

275 1504 355 1541 dam
370 1503 518 1538 Africani
531 1502 682 1545 Episcopi
700 1499 853 1534 senserint
863 1511 938 1533 cum
953 1500 1164 1542 sanaoopta·

278 1563 316 1590 to
335 1579 342 1587 .
364 1551 716 1605 Qodaliquiinsuper
726 1550 859 1584 Asiatici
871 1561 946 1583 cum
960 1550 1069 1583 sansto
1082 1548 1165 1582 Basi-

278 1604 329 1640 lio
345 1603 501 1639 senserint
519 1627 531 1644 ,
556 1603 715 1636 evincunt
725 1599 893 1644 propofitae
917 1599 997 1634 huic
1021 1599 1165 1643 quaestio-

278 1666 339 1691 nes
363 1666 415 1695 per
436 1655 579 1688 sanetum
599 1649 881 1695 Amphilochium
915 1649 1167 1694 Metropolitam

279 1704 502 1740 laoniensem.
531 1701 732 1749 Qinimmo
746 1702 871 1737 santius
893 1701 1083 1744 Cyprianus
1094 1711 1170 1734 con·

280 1754 401 1790 stanter
410 1753 534 1789 censuit
547 1754 646 1787 eriam
658 1751 882 1797 Agrippinum
893 1776 904 1792 ,
918 1753 1061 1794 primum
1079 1751 1169 1785 istius

280 1806 397 1840 erroris
408 1806 594 1844 audiorem,
620 1813 688 1837 non
713 1805 871 1847 peccafle.
902 1802 1037 1836 Etenim
1061 1802 1166 1844 ipsum

110 1866 175 1912 2?-
204 1868 264 1916 7¹,
282 1856 317 1891 in
331 1856 443 1890 litteris
455 1854 494 1888 ad
505 1853 657 1899 quintum
670 1851 1094 1897 Mauritaniaefipiscopum
1117 1861 1170 1894 ²1³·

283 1907 379 1951 pellat
393 1905 476 1940 bonae
486 1910 633 1938 memoriae
645 1909 748 1937 virum
761 1928 768 1936 .
795 1903 876 1937 Hoc
889 1902 993 1945 ipsum
1008 1902 1121 1945 repetit
1134 1901 1169 1935 in

284 1957 402 1992 litteris
413 1956 454 1991 ad
480 1955 676 1999 Jubajanum
696 1954 895 1997 Episcopum
908 1976 916 1984 .
942 1950 1046 1998 Quod
1064 1951 1169 1994 ipsum

122 1992 181 2039 ΕΡ·
211 2003 266 2042 73·
283 2004 410 2042 videtur
422 2007 456 2041 in
472 2006 557 2040 libro
570 2005 610 2038 de
622 2005 723 2039 unico
735 2003 905 2046 Baptismo
917 2003 1035 2036 sentire
1045 2002 1170 2036 sanstus

283 2057 514 2104 Augustinus,
538 2055 662 2089 docens
675 2053 901 2094 Agrippinum
911 2053 952 2083 ad
975 2051 1045 2091 ejus
1065 2051 1171 2090 Syno-

282 2108 373 2142 dales
403 2104 559 2149 Collegas
581 2100 748 2146 perstitifl'e
766 2099 800 2131 in
822 2096 1000 2131 Catholica
1020 2097 1169 2132 unitate,

281 2155 339 2190 ubi
360 2151 498 2187 charitas
521 2154 626 2191 operit
653 2145 901 2179 multitudinem
930 2153 1136 2186 peccatorum
1162 2167 1169 2175 .

282 2203 419 2240 interim
441 2197 662 2244 Agrippinum
686 2193 805 2228 nullibi
830 2192 941 2228 laudat
956 2217 968 2233 ‚
994 2204 1054 2227 nec
1075 2202 1169 2227 ornat

283 2252 445 2289 encomiis
455 2276 463 2283 .
492 2249 535 2283 Et
546 2247 632 2282 certe
644 2244 740 2289 primi
750 2243 901 2278 similium
914 2243 1100 2279 novitatum
1119 2253 1172 2276 au-

284 2306 389 2340 &ores
411 2301 515 2336 solent
538 2296 677 2343 graviter
696 2294 887 2338 delinquere
909 2317 917 2325 .
956 2292 1074 2328 Castus
1094 2303 1172 2337 quae-

284 2353 390 2390 rendae
403 2348 547 2386 veritatis
567 2355 679 2385 amor,
704 2345 737 2379 ἃ
762 2344 914 2387 adjuneta
934 2342 1097 2378 Africanae
1116 2343 1173 2386 Sy-

285 2403 368 2439 nodi
378 2401 549 2437 auctoritas
568 2397 684 2442 poffint
697 2394 921 2440 Agrippinum
939 2394 957 2429 a
980 2395 1070 2440 gravi
1093 2393 1173 2428 deli·

286 2456 340 2490 ᾶο
351 2451 511 2488 excusasse
519 2473 527 2482 .

337 2503 443 2550 Qod
453 2499 577 2534 Divina
591 2496 825 2544 Evangeliilex
843 2507 911 2532 non
934 2493 1043 2530 minus
1069 2494 1171 2529 Reor·

289 2554 497 2590 dinatrones,
522 2550 618 2592 quam
634 2547 925 2591 Rebaptizationes
938 2555 1024 2581 vetet
1034 2557 1071 2580 ac
1082 2544 1172 2579 dam·

291 2609 371 2645 net,
396 2600 441 2636 est
453 2598 606 2633 constans
619 2597 762 2630 Ecclefiae
774 2598 854 2631 fides
866 2621 877 2638 ,
905 2597 1031 2630 firmata
1041 2606 1095 2639 per
1105 2595 1172 2640 plu·

289 2663 339 2688 res
349 2649 518 2695 synodos.
550 2647 592 2681 Et
603 2657 708 2681 tamen
724 2645 793 2690 post
815 2647 886 2681 laici
899 2645 1111 2681 Constantini
1126 2646 1173 2679 in·

290 2703 467 2738 trusionem
479 2699 512 2732 in
525 2697 725 2733 Cathedram
742 2695 967 2739 Apostolicam
983 2696 1100 2730 summi
1115 2695 1171 2729 do·

292 2752 435 2788 ctrina&
447 2749 612 2783 sanctitate
627 2748 686 2781 viri
702 2746 794 2781 datas
814 2745 856 2780 ab
880 2746 1007 2779 intrufis
1021 2770 1032 2787 ,
1056 2744 1174 2779 haereti·

292 2804 340 2839 cis
352 2828 362 2843 ‚
387 2814 424 2836 ac
436 2798 621 2834 simoniacis
634 2795 806 2840 Episcopis
828 2794 1098 2829 Consecrationes
1120 2806 1174 2829 ex·

293 2853 462 2888 sufflatum
474 2849 758 2891 atqueiterarunt.
790 2845 901 2879 Etiam
922 2844 1067 2879 Romani
1090 2844 1173 2879 Pon-

294 2903 399 2938 tifices
408 2925 416 2933 .
444 2901 484 2934 Et
504 2908 629 2934 certum
640 2895 684 2930 est
696 2896 781 2939 ipsos
792 2897 933 2940 graviter
945 2906 1012 2929 non
1025 2895 1171 2938 peccaffe.

288 2953 396 2999 -Qod
409 2950 521 2992 nempe
533 2946 708 2992 probabilis
721 2957 800 2980 tunc
815 2944 958 2979 effetista
979 2944 1140 2978 sententia
1164 2968 1172 2975 .

294 3002 448 3037 Pluribus
459 3000 523 3033 hac
546 2997 673 3032 ostendi
696 2996 731 3029 in
756 2994 899 3029 scholiis
919 2994 959 3027 ad
983 2995 1062 3027 Asia
1074 2994 1170 3028 sansti

1307 1205 1483 1239 Praecedens
1510 1206 1622 1248 afferrio
1647 1206 1863 1247 demonstram-
1897 1216 1956 1253 per
1980 1210 2046 1246 aiis

1510 1254 1631 1299 insuper
1655 1258 1816 1300 exempla.

1323 1350 1359 1384 N
1386 1351 1480 1384 fidele
1489 1353 1684 1399 conjugium
1698 1366 1754 1399 per
1767 1357 1948 1392 naturalem
1962 1382 1974 1398 ,
1998 1368 2042 1391 au
2063 1367 2120 1401 pet

1352 1401 1585 1445 Evangelicam
1606 1404 1711 1446 legem
1734 1407 1772 1437 fit
1788 1405 2036 1445 indiffolubiie,
2071 1406 2119 1441 est

1230 1450 1364 1494 quaestio
1387 1451 1470 1485 inter
1493 1452 1673 1486 Dediores.
1701 1452 1805 1500 Qod
1830 1463 1941 1487 tamen
1963 1464 2019 1488 aut
2033 1463 2121 1490 utra·

1231 1512 1312 1545 que,
1339 1512 1393 1535 aut
1412 1501 1498 1535 certe
1510 1501 1666 1544 posterior
1678 1502 1731 1537 lex
1745 1505 1849 1547 ipsum
1861 1513 1948 1538 vetet
1959 1503 2092 1539 dissolvi
2105 1526 2121 1544 .

1230 1550 1295 1593 jam
1317 1552 1441 1595 pridem
1462 1563 1530 1585 non
1553 1550 1716 1586 dubitavit
1741 1553 1860 1591 Latina
1883 1552 2041 1588 Ecclesia.
2074 1552 2121 1589 Ec

1232 1601 1318 1635 hanc
1339 1601 1522 1636 doctrinam
1557 1601 1831 1637 constantiffimus
1852 1604 1974 1647 semper
2011 1603 2121 1638 tenuit

1231 1653 1357 1686 sancius
1369 1651 1575 1697 Augustinus
1588 1676 1596 1685 .
1625 1651 1729 1687 Lucet
1740 1664 1779 1687 ex
1788 1653 1858 1697 ejus
1871 1652 1960 1689 libris
1967 1652 2010 1688 de
2027 1653 2123 1688 adul-

1231 1701 1536 1747 terinisconjugiis.
1565 1701 1719 1744 Ejusdem
1731 1713 1813 1747 opus
1831 1703 1881 1739 est
1904 1701 1960 1739 hic
1983 1702 2120 1740 secundi

1232 1752 1422 1786 Milevitani
1435 1751 1583 1786 Concilii
1595 1752 1735 1787 Canon:
1766 1755 1884 1788 Placuit
1904 1763 1939 1788 ue
1956 1753 2121 1798 secundum
2137 1764 2224 1801 Cau,
2239 1776 2293 1814 ¹7·

1232 1803 1451 1847 Evangelicam
1464 1802 1498 1836 δ’
1512 1801 1703 1844 apostolicam
1717 1801 1929 1847 disi-wlmarus,
1954 1816 2047 1848 neque
2072 1805 2121 1838 di·

1232 1852 1328 1895 mt'ffus
1339 1852 1379 1885 ab
1387 1863 1476 1886 uxore
1490 1876 1501 1893 ,
1527 1863 1618 1895 neque
1628 1854 1743 1897 dimiffa
1753 1854 1774 1885 ἃ
1786 1860 1895 1888 marito
1905 1878 1917 1896 ,
1942 1856 2033 1889 alem
2053 1864 2124 1890 mn·

1212 1941 1214 1945 ¹
1223 1905 1418 1947 fingantur,
1438 1900 1549 1946 sedita
1559 1913 1724 1944 maneant,
1748 1912 1802 1938 aur
1809 1903 1928 1947 fibimet
1935 1904 2123 1939 reconcilien-

1212 1949 1214 1960 ’
1232 1963 1280 1986 tur
1293 1978 1300 1984 .
1327 1953 1420 1996 ,Quod
1435 1951 1464 1994 fi
1481 1951 1707 1995 contempserint
1720 1978 1730 1994 ‚
1760 1956 1805 1987 ad
1815 1960 2025 1997 poeniteneiaem
2044 1955 2122 1990 redd*

1225 2013 1339 2048 gantur
1351 2027 1358 2035 .
1386 2007 1424 2035 In
1444 2013 1505 2045 qua
1522 2001 1610 2045 causa
1633 2005 1724 2047 Iegem
1750 2007 1939 2046 Imperialem
1956 2004 2123 2049 petendam

1226 2052 1428 2091 promulgari.
1450 2050 1582 2089 Nempe
1591 2052 1740 2090 oppofita
1751 2073 1762 2089 ,
1775 2061 1847 2093 quae
1859 2052 2123 2095 pes-adulterium

1231 2095 1382 2130 censebat
1409 2095 1488 2127 solvi
1514 2096 1691 2140 conjugale
1718 2100 1890 2135 vinculum
1912 2124 1926 2142 ,
1960 2102 2123 2138 sententia

1232 2156 1300 2179 erat
1314 2155 1395 2178 tunc
1415 2145 1517 2177 etiam
1529 2145 1615 2187 apud
1641 2146 1743 2180 Afros
1763 2147 1845 2182 adeo
1863 2155 2053 2187 communis
2075 2162 2123 2188 at.

1233 2206 1297 2239 que
1312 2192 1488 2238 probabilis
1499 2217 1510 2233 ,
1536 2205 1571 2228 ut
1582 2195 1708 2230 sanstus
1723 2196 1932 2243 Augustinus
1954 2211 1993 2234 ac
2009 2202 2121 2234 omnis

1234 2245 1293 2279 ista
1304 2242 1456 2287 synodus
1472 2243 1554 2278 citra
1569 2244 1774 2288 Imperialem
1787 2247 1893 2292 legem
1915 2248 2121 2293 desperarent

1232 2295 1461 2330 executionem
1471 2306 1510 2330 ac
1523 2294 1750 2330 obedientiam
1765 2297 1811 2331 sui
1825 2297 1976 2333 Canonis
1988 2324 1996 2332 .
2024 2299 2068 2334 Et
2081 2300 2122 2334 le-

1234 2357 1309 2392 gem
1322 2357 1390 2380 non
1402 2347 1613 2388 impetrarunt
1626 2369 1635 2378 .
1665 2346 1798 2382 Etenim
1820 2348 1861 2382 ad
1882 2349 1994 2393 quinti
2010 2350 2118 2384 saeculi

1234 2408 1358 2431 annum
1369 2396 1533 2430 decimum
1545 2397 1670 2431 sextum
1683 2397 1765 2431 faeta
1778 2397 1822 2432 est
1849 2398 1908 2433 ista
1930 2399 2086 2443 Synodus
2110 2412 2121 2433 ε

1233 2447 1266 2481 &
1275 2458 1414 2491 regnans
1425 2457 1504 2480 runc
1518 2457 1571 2489 per
1581 2446 1800 2483 Occidentem
1814 2449 1989 2485 Honorius
2009 2449 2120 2484 noluit

1235 2497 1431 2531 issiCanoni
1456 2496 1622 2531 adversam
1646 2499 1758 2541 magni
1784 2498 2121 2545 Constantinilegem

1234 2547 1389 2592 abrogare
1411 2557 1467 2581 aut
1489 2546 1747 2582 circumducere.
1775 2547 1885 2583 Immo
1911 2550 1976 2592 ipse
1997 2550 2120 2593 quinto

1236 2597 1306 2640 post
1317 2608 1408 2631 anno
1429 2607 1550 2631 novam
1573 2596 1688 2631 eadem
1717 2597 1918 2642 derelegem
1941 2599 2120 2643 scripiitad

1235 2647 1421 2692 Palladium
1431 2647 1587 2681 Praetorio
1610 2646 1822 2689 Praefestum,
1846 2649 1880 2682 δε
1904 2649 2119 2682 Constantini

1235 2698 1366 2733 Sancita
1375 2697 1606 2732 confirmavit.
1633 2695 1746 2732 Habes
1767 2698 1825 2731 has
1847 2697 1935 2742 leges
1959 2698 1992 2731 in
2019 2699 2120 2733 tertio

1233 2747 1460 2782 Theodofiani
1474 2747 1611 2781 Codicis
1632 2746 1717 2781 libro
1736 2747 1778 2781 ad
1795 2748 1930 2781 titulum
1947 2748 1988 2782 de
2011 2748 2119 2791 Repu·

1233 2799 1315 2832 diis.
1343 2798 1418 2832 Hac
1438 2797 1478 2831 de
1500 2798 1593 2831 causa
1614 2797 1738 2831 sanetus
1762 2796 1965 2842 Augustinus
1997 2798 2118 2841 scripsit
2133 2797 2209 2832 Tit.
2235 2797 2288 2836 16⁴

1234 2845 1382 2882 laudatos
1393 2846 1492 2881 libros
1503 2848 1544 2881 de
1563 2846 1756 2880 adulterinis
1779 2847 1944 2891 conjugiis
1957 2872 1965 2881 .
1992 2846 2119 2890 Scripfi,
2134 2858 2208 2891 cap.
2235 2859 2295 2886 12-

1235 2897 1341 2941 inquit
1353 2898 1386 2931 in
1400 2896 1542 2931 secundo
1555 2897 1838 2931 Retrastationum
1857 2896 1940 2932 libro
1953 2922 1966 2939 ,
1991 2899 2064 2931 duos
2081 2899 2120 2932 li·
2132 2896 2216 2942 Cap.
2235 2908 2291 2947 57.

1234 2948 1301 2981 bros
1314 2948 1352 2980 de
1363 2948 1542 2980 adulterinis
1562 2948 1704 2990 conjicgiis
1719 2971 1729 2987 ,
1754 2948 1901 2988 quantum
1915 2953 2000 2990 potui
2017 2946 2118 2991 ficun-

1235 2996 1480 3040 dumscripturas
1503 3019 1514 3035 ,
1538 3002 1657 3038 cupiens
1676 2995 1793 3039 sblvere
1813 2998 2018 3039 difficillimam
2034 3009 2119 3041 qua·

295 3051 418 3087 Leonis
433 3049 512 3082 noni
522 3060 559 3083 ac
571 3048 668 3081 fausti
681 3045 834 3089 Gregorii
846 3044 971 3087 septimi
984 3067 992 3076 .
1003 3043 1096 3077 Vice-
1109 3055 1173 3077 ver·
1228 3047 1351 3088 stionem
1364 3072 1372 3079 .
1397 3047 1508 3094 Qam
1521 3057 1586 3080 non
1599 3050 1705 3089 potuit
1717 3058 1770 3089 per
1781 3046 1985 3090 imperialem
1997 3049 2116 3093 legem,

296 3104 329 3137 sa
351 3103 493 3136 sanstum
520 3098 682 3131 Extrema
696 3114 705 3121 ·
720 3095 902 3131 Unffionis
931 3094 1174 3128 Sacramentum

296 3154 419 3195 semper
430 3148 559 3183 iteravit
575 3146 711 3180 Ecclesia
728 3170 735 3178 .
763 3145 814 3178 Ex
828 3145 896 3187 jure
908 3144 1055 3178 Divino.
1084 3144 1174 3177 Atta·

295 3212 369 3237 men
383 3200 559 3235 undecimo
571 3209 607 3230 ac
620 3195 816 3229 duodecimo
827 3193 950 3228 Christi
973 3192 1115 3227 Domini
1129 3194 1175 3226 sae·

297 3252 373 3286 culo
385 3250 519 3295 quidam
541 3247 721 3280 docuerunt
745 3244 963 3278 contrarium.
990 3244 1034 3277 Et
1056 3244 1175 3285 praeser·

298 3302 356 3336 tim
369 3300 453 3341 apud
481 3295 669 3331 Monachus
679 3295 837 3329 sententia
875 3292 956 3327 adeo
995 3294 1139 3327 invaluit
1165 3317 1175 3333 ,

300 3360 336 3384 ut
347 3348 547 3385 consuetudo
560 3356 679 3380 vetaret
690 3343 796 3378 iterari
809 3369 816 3376 .
840 3342 913 3376 Nec
924 3342 1082 3377 Goffredo
1095 3342 1174 3376 Vin·

131 3385 206 3422 Lib.
227 3395 259 3421 2·
302 3399 465 3433 doesnenfi
506 3395 651 3435 Abbati,
677 3395 749 3427 viro
785 3393 988 3433 doffiffimo,
1014 3393 1174 3427 contraria

134 3432 275 3477 Epist-19
304 3449 477 3485 clamanti,
502 3448 674 3481 voluerunt
696 3444 746 3478 illi
764 3442 979 3484 acquiescere.
1009 3443 1101 3475 Hinc
1113 3441 1177 3486 ipse

132 3494 190 3521 20.

307 3498 518 3548 quaestionem
528 3496 636 3533 retulit
648 3493 688 3530 ad
699 3494 842 3530 santium
852 3491 988 3528 lvonem
1001 3492 1176 3528 Carnuten·

1234 3108 1372 3132 conatus
1382 3097 1426 3130 est
1438 3097 1560 3130 solvere
1571 3107 1625 3138 per
1636 3097 1776 3130 Divinas
1789 3097 1959 3140 scripturas
1970 3122 1979 3131 .
1994 3098 2037 3132 Et
2049 3109 2116 3133 me·

1235 3146 1299 3181 rito
1323 3147 1464 3190 appellat
1491 3146 1720 3180 difficillimam
1756 3147 1966 3189 quaestionem
1977 3171 1984 3179 .
2013 3146 2115 3192 Quod

1235 3197 1338 3240 ipsum
1351 3196 1466 3239 repetit
1492 3196 1525 3230 in
1545 3196 1681 3231 laudatis
1701 3195 1806 3229 libris:
1835 3203 1892 3232 His
1915 3203 1960 3231 ita
1976 3206 2035 3240 pro
2053 3209 2116 3231 meo

1237 3248 1352 3280 modulo
1359 3246 1554 3288 pertraaatis
1576 3255 1666 3288 atque
1690 3243 1813 3289 discuffis
1828 3271 1839 3287 ,
1865 3248 2048 3289 quastionem
2065 3257 2114 3280 ta—

1240 3308 1306 3330 men
1317 3297 1352 3329 de
1359 3297 1499 3340 conjugiis
1510 3293 1729 3337 obscnre'ffimam
1742 3299 1775 3330 er
1798 3299 2048 3338 implican'ffiman
2060 3297 2113 3339 effe

1242 3356 1299 3379 non
1310 3343 1418 3388 nescio.
1446 3349 1512 3378 Nec
1521 3345 1749 3387 audeoprofiteri
1758 3357 1856 3379 omnes
1873 3346 1955 3388 finus
1976 3349 2040 3386 ejus·
2061 3348 2116 3380 vel

1241 3403 1272 3429 in
1288 3395 1339 3428 hoc
1361 3403 1445 3437 opere
1457 3418 1468 3434 ,
1493 3396 1545 3428 vel
1561 3400 1594 3428 in
1613 3398 1672 3428 alio
1679 3406 1725 3428 me
1747 3396 1847 3429 adhuc
1866 3395 2037 3439 explxaeffe‚
2061 3396 2115 3428 vel

1235 3448 1306 3488 jam
1315 3446 1409 3488 posse,
1428 3443 1458 3486 fi
1464 3455 1568 3489 urgear
1580 3469 1591 3484 ,
1617 3446 1766 3485 explicare
1789 3470 1797 3478 .
1823 3445 1995 3484 Profitetut
2011 3454 2115 3489 oppo—

1240 3497 1328 3532 sitam
1338 3496 1533 3531 sententiam
1540 3494 1602 3530 effe
1611 3494 1811 3542 probabilem
1820 3522 1829 3533 .

2001 3544 2080 3582 Hoc

2130 3175 2202 3211 Lib.
2228 3183 2257 3211 ι.

2127 3237 2197 3271 cap.
2214 3234 2272 3272 25.
