2366 3736
97 469 173 506 Fol.
195 469 226 505 6.

71 676 145 716 Ἠοῖ.
167 688 224 720 22.

64 1780 149 1826 Cap,
170 1792 223 1828 17·

72 2741 159 2781 Pam
185 2753 215 2782 2,

24 2798 25 2801 ’
63 2790 214 2837 t1·85-a,rt.

705 132 1351 179 AnrHtNR-tcum
1421 127 1729 176 Noitls.

248 215 374 251 fissitin
388 215 452 250 sola
469 216 553 250 varia
566 215 641 259 lapfi
657 215 691 251 &
703 214 829 249 distorti
853 212 954 248 animi
972 212 1103 246 frattura
1115 239 1122 246 .

249 266 328 299 Hoc
349 265 481 303 Patrum
499 278 646 306 meorum
666 266 755 303 sensu
776 265 906 305 locutus
918 265 987 297 sum
1000 286 1010 302 ,
1036 262 1068 295 &
1082 263 1137 303 vj<

247 315 311 349 deo
321 326 374 353 me
387 316 467 351 bene
479 317 628 357 locutum
639 339 648 349 .

448 418 582 451 Diluitur
598 412 728 457 fetanda
750 412 898 457 Accusatio
909 438 917 445 .

244 478 253 483 “
289 467 447 512 Nfignem
460 463 699 501 accusationem
718 465 892 498 continent
916 462 982 496 haec
995 462 1089 496 verba
1115 474 1123 494 ε

313 526 386 555 1-1aec
395 517 433 557 est
449 520 580 554 attritio,
593 514 628 546 de
641 526 698 556 qua
714 514 761 547 bic
773 513 932 557 disputatio
945 513 1121 551 instituitur,

246 581 277 605 m
297 580 357 612 qua
385 572 569 609 reperiuntur
574 567 644 604 jam
657 564 738 597 dic‘la
749 588 760 603 ,
787 575 845 603 nim
854 567 1072 596 interveniente
1083 571 1124 594 ta·

244 632 311 655 men
328 617 473 661 perfec‘lae
490 615 649 652 charitatis
666 613 720 656 fi'u
754 618 811 648 Dei
833 621 956 658 propter
973 612 1007 656 se
1028 612 1126 645 dilec‘li

244 664 380 706 motiposs
400 666 523 700 Eadem
544 665 650 698 'forma
671 663 866 700 etiaminfra
877 664 1004 696 scribit:
1034 665 1124 695 Pater

245 725 347 762 ‚Lupus
352 717 472 760 fatetur
485 716 637 751 Davidem
646 737 656 753 ,
679 715 891 758 magdalenam
900 738 910 753 ,
929 710 1058 755 aliosque
1071 724 1127 745 non

244 771 346 804 wideri
369 766 494 810 habuiffit
504 766 604 802 allum
617 758 698 801 vm&
718 767 915 796 contritionis
928 786 935 794 .
964 762 1037 800 Nec
1055 761 1125 795 dixi

242 820 277 855 id
289 828 434 860 unquam
444 842 455 858 ,
479 816 514 855 ἀ
527 817 617 859 spero
627 839 638 855 ,
651 816 726 848 Deo
738 824 790 846 me
801 812 1025 853 custodiente,
1037 822 1124 845 num·

239 881 340 914 quam
351 868 458 908 dicere
468 892 476 899 .
504 865 662 911 Qisquis
683 864 784 896 fimile
795 862 874 904 quid
885 861 1004 896 dixerit
1017 886 1028 901 ,
1055 874 1128 896 ana-

245 912 357 954 thema
370 919 424 960 lit„
452 917 658 953 interveram
670 913 704 952 ,δε
715 914 883 955 perfectam
894 938 904 953 ‚
930 913 981 945 uti
991 910 1126 946 charita·

239 980 307 1005 tem
315 993 326 1009 ,
353 969 398 1002 ita
408 968 444 1009 §c
454 963 701 1001 Contritionem
710 962 756 1003 est
764 964 889 1009 grande
902 962 1107 996 intervallum
1118 988 1126 999 ,

238 1020 298 1059 ‚Ad
320 1016 535 1056 Attritiouem
556 1024 724 1056 nunquam
747 1013 894 1054 requifivi
918 1014 1087 1055 perse-stam
1116 1037 1127 1053 ,

242 1067 299 1103 sed
322 1077 431 1107 veram
450 1065 624 1103 dumtaxat
644 1061 834 1103 charitatem
854 1088 862 1095 .
886 1063 980 1108 Qin
1004 1063 1128 1107 Regius
1160 1092 1162 1095 ,

240 1117 408 1160 Propheta
432 1127 471 1150 ac
496 1113 811 1158 MariaMagdalcna
835 1124 876 1147 ex
889 1125 960 1149 vera
972 1112 1127 1147 charitate
1159 1141 1162 1144 .

239 1166 477 1212 poenituerint,
498 1164 585 1204 solus
597 1174 713 1209 negare
725 1163 819 1206 poffit
830 1164 1040 1205 antiquorum
1054 1165 1127 1197 San-

239 1220 371 1254 storum
390 1218 427 1251 δε
446 1215 560 1250 veteris
571 1214 651 1259 legis
664 1213 962 1257 blasphemusOsor
975 1213 1127 1249 Marcion

242 1278 299 1302 aut
312 1267 430 1301 Manes
444 1291 452 1300 .
479 1265 603 1299 Verum
622 1275 664 1297 an
677 1264 811 1306 perfetta
832 1263 896 1297 illis
907 1262 1002 1297 fuerit
1020 1262 1128 1297 chari-

240 1328 292 1352 tas
306 1341 318 1358 ‚
343 1316 390 1352 est
404 1315 535 1358 antiqua
557 1315 641 1352 inter
652 1312 872 1351 orthodoxos
886 1313 996 1347 Patres
1014 1314 1048 1347 &
1061 1314 1132 1350 Do·-

239 1368 344 1403 §tores
361 1366 494 1410 quaestio
504 1390 516 1412 ³
535 1376 613 1400 meae
636 1362 876 1401 Differtationis
887 1364 984 1406 scopo
998 1373 1063 1395 non
1077 1373 1129 1399 nee

243 1411 374 1451 ceffaria
391 1440 402 1457 ,
422 1416 564 1458 ideoque
576 1426 642 1450 non
654 1413 763 1450 ,decisa
778 1437 786 1446 .
817 1413 981 1446 Davidem
996 1413 1129 1445 interim

246 1477 284 1500 ac
296 1466 439 1507 Mariam
452 1464 683 1510 Magdalenam
696 1461 787 1494 fuisse
796 1461 967 1494 dumtaxat
983 1461 1130 1504 imperfe-

241 1516 290 1553 ᾶὲ
307 1517 470 1553 contritos
494 1538 505 1554 ,
530 1512 729 1546 Guilielmus
758 1511 866 1544 Estius
887 1512 919 1545 &
942 1512 1129 1546 Franciscus

242 1565 374 1609 Sylvius
394 1565 589 1602 adfirmant.
619 1563 727 1596 Etiam
753 1562 784 1596 S.
806 1560 905 1595 Petro
930 1561 1094 1604 Apostolo
1118 1585 1129 1601 ,

242 1615 322 1649 dum
335 1627 410 1649 cum
419 1614 571 1648 Domino
584 1612 616 1645 in
629 1622 789 1646 carcerem
803 1611 837 1650 ὅς
850 1620 990 1646 mortem
1003 1611 1047 1649 ire
1059 1612 1129 1653 spo-

242 1666 363 1709 pondit
377 1666 412 1704 in
424 1675 515 1700 coena
528 1688 538 1708 ‚
566 1661 758 1700 charitatem
770 1660 863 1694 fuiffe
875 1670 982 1693 veram
995 1670 1032 1694 ac
1053 1670 1126 1704 ger—

240 1726 374 1749 manam
399 1739 410 1757 ,
437 1714 545 1751 nullus
579 1710 743 1756 ambigere
775 1709 869 1753 poffit
890 1708 1097 1745 orthodoxus
1118 1734 1128 1749 ,

241 1765 335 1799 fuisse
353 1776 464 1799 tamen
483 1773 620 1807 parvam
642 1772 676 1795 ac
701 1761 871 1793 invalidam
885 1759 1071 1793 constanter
1094 1760 1126 1792 in

241 1814 328 1849 libro
349 1815 391 1851 de
412 1813 562 1859 gratia&
575 1811 676 1844 libero
690 1809 826 1844 arbitrio
840 1810 991 1844 asseverat
1014 1809 1043 1841 S.
1062 1809 1146 1858 Au-⁴

239 1864 407 1909 gustinus.
419 1862 485 1901 Die
498 1861 569 1904 post
585 1859 724 1896 Domini
742 1859 1021 1893 Resurrectionem
1034 1859 1126 1902 quin·

241 1914 429 1958 quagefimo
451 1911 563 1945 missus
585 1911 620 1944 in
642 1909 768 1953 linguis
794 1907 899 1952 igneis
910 1908 1049 1952 Spiritus
1061 1909 1127 1941 san·

237 1966 311 1998 ctus
332 1963 520 2003 &Petrum
541 1961 574 1999 ἀ
596 1970 713 1994 omnes
728 1958 907 2000 Apostolos
927 1957 1068 2000 primum
1093 1958 1126 1991 in

236 2013 399 2051 charitate
423 2011 571 2055 perfecit,
600 2009 649 2042 lta
660 2019 736 2043 cum
749 2008 778 2041 S.
799 2007 990 2051 Augustino
1011 2019 1127 2041 omnes

236 2062 351 2106 paffim
368 2061 502 2096 tradunt
516 2059 662 2096 Ecclesiae
673 2058 801 2096 Patres.
830 2059 873 2091 Et
887 2056 964 2091 hinc
977 2069 1048 2091 mea
1062 2067 1126 2091 ver·

238 2113 280 2147 ba
291 2138 302 2154 ,
330 2115 390 2146 Pet·
414 2118 550 2145 timorem
558 2108 653 2152 solum
667 2115 742 2140 citra
753 2107 931 2146 charitatem
951 2110 987 2140 de
995 2113 1125 2148 peccatis

236 2171 377 2204 concepta
389 2166 548 2195 ,contritio
569 2159 606 2199 est
618 2163 795 2192 contritionis
801 2157 893 2199 fucus
909 2182 919 2197 ,
951 2160 1030 2191 resta
1052 2158 1125 2191 sunt

236 2213 369 2250 &vem-
405 2212 583 2252 Desumpta
598 2210 669 2241 sunt
693 2219 731 2240 ex
746 2208 815 2239 viro
835 2208 983 2248 summo,
1012 2207 1126 2240 Theo-

236 2262 318 2306 logo
339 2259 459 2300 eximie
481 2258 703 2297 orthodoxo,
731 2257 864 2293 laudato
888 2257 1029 2300 superius
1053 2257 1124 2291 Fra·

237 2323 286 2345 tre
309 2310 407 2348 Petro
430 2311 446 2344 a
459 2310 560 2342 Soto:
590 2310 658 2341 sine
672 2310 727 2340 Dei
749 2306 921 2347 duellione,
947 2309 983 2343 de
1002 2317 1061 2348 qua
1074 2307 1122 2340 di-

237 2362 316 2400 e‘lum
339 2360 376 2400 est
390 2384 401 2399 ,
430 2359 551 2401 Dimissa
571 2357 643 2400 sunt
654 2362 679 2390 ei
688 2365 808 2398 peccata
820 2359 914 2391 multa
927 2382 937 2397 ‚
963 2362 1034 2398 quia
1047 2358 1123 2390 dile-

238 2417 286 2450 xit
297 2411 419 2444 multum
434 2434 443 2449 ‚
469 2412 617 2441 Contritio
633 2419 690 2439 non
704 2406 741 2446 est
752 2419 827 2445 vera
839 2429 846 2438 .
876 2407 916 2440 Et
930 2419 969 2440 ex
983 2406 1123 2440 Richar-

238 2461 282 2494 do
292 2459 332 2494 de
347 2460 461 2494 Sancto
471 2457 606 2496 Victore
620 2459 653 2492 in
669 2456 752 2491 libro
764 2457 803 2490 de
816 2455 962 2491 solvendi
973 2467 1009 2490 ac
1022 2457 1122 2500 ligan-

236 2510 272 2544 di
297 2510 452 2553 potestate
470 2521 477 2540 ι
503 2509 569 2550 ,Qui
592 2512 738 2540 veraciter
749 2506 856 2548 defuis
868 2506 1041 2541 criminibus
1055 2515 1122 2547 poe-

237 2566 334 2597 nitent
348 2583 356 2598 ‚
367 2569 423 2603 pro
433 2566 508 2590 certo
513 2560 583 2598 jam
595 2555 771 2593 charitatem
783 2555 894 2588 habent
904 2581 911 2588 .
941 2557 982 2589 Et
994 2568 1034 2590 ex
1054 2556 1120 2590 Do·

237 2611 324 2643 (lore
350 2608 514 2653 Angelico
536 2629 546 2644 ,
581 2606 739 2643 scribente
760 2605 799 2638 ad
825 2615 932 2638 veram
957 2605 1119 2640 Poeniten-

235 2660 314 2694 tiam
327 2667 518 2697 concurrere
531 2656 636 2689 aecum
650 2655 749 2698 fidei,
761 2654 880 2688 servilis
893 2656 1020 2689 timoris
1034 2679 1044 2695 ,
1056 2657 1119 2699 spei

235 2709 270 2742 in
284 2710 412 2749 Deum,
441 2719 477 2741 ac
488 2705 619 2740 tandem
632 2705 801 2743 charitatis
813 2729 823 2744 ‚
850 2715 908 2747 qua
918 2706 1121 2746 alicuipecca-

235 2769 300 2793 tum
313 2757 449 2801 displicet
455 2755 617 2799 secundum
623 2753 752 2799 seipsum
764 2778 774 2794 ,
802 2756 836 2788 (ν
850 2766 906 2791 non
914 2756 984 2795 jam
989 2763 1112 2797 propter

231 2809 397 2853 supplitia.
426 2802 681 2841 Proximum'ac
703 2804 930 2843 immediatum
956 2817 1037 2839 verae
1048 2805 1118 2840 1>oe-

232 2860 378 2894 nitentiae
394 2856 587 2902 principium
602 2854 711 2890 scribit
724 2856 785 2889 effe
797 2855 948 2888 timorem
963 2856 1116 2889 filialem.

232 2910 314 2958 Qae
341 2911 441 2952 usque
452 2905 491 2940 ad
505 2905 724 2942 Melchiorem
737 2905 868 2943 Canum
881 2905 944 2944 fuit
957 2906 1115 2943 sententia

231 2960 381 2998 omnium
407 2957 670 2994 Christianorum
685 2979 694 2988 .

455 3059 590 3096 Diluitur
609 3060 700 3088 tertia
719 3053 868 3097 Accusatio
882 3080 889 3092 ,

326 3107 408 3144 Liud
431 3107 646 3142 accusationis
671 3107 824 3149 punctum
839 3105 883 3139 est
903 3105 992 3149 quod
1006 3105 1114 3140 dicam

262 3184 268 3189 .
350 3159 548 3195 latentemin
571 3157 669 3190 corde
692 3156 903 3198 cupiditatem
925 3156 1029 3191 servili
1057 3167 1116 3200 ge-

233 3208 412 3242 hennarum
438 3219 525 3242 metu
551 3206 674 3241 fraenari
698 3206 1115 3248 dumtaxat&cornpescia

232 3258 371 3301 peccatis
391 3259 553 3296 externis,
582 3268 648 3289 non
673 3257 774 3289 sanari
798 3256 1012 3293 &evacuari.
1044 3261 1114 3290 Haec

119 3315 126 3322 ·
177 3293 208 3341 ἒ.
231 3314 346 3351 opinio,
376 3309 483 3350 inquit
505 3331 515 3347 ,
544 3307 704 3342 Paradoxa
726 3306 763 3344 est
786 3330 792 3337 .
823 3305 928 3339 Addit
956 3316 1027 3339 eam
1054 3308 1114 3340 effe

231 3357 381 3393 Cornelii
402 3357 542 3400 Jansenii
567 3366 603 3388 ac
628 3355 936 3393 MartiniLutheri.
969 3355 1111 3398 Respon-

231 3410 294 3442 deo
320 3420 385 3447 non
410 3405 573 3450 quidquid
596 3405 809 3452 Janseniusac
824 3404 987 3439 Lutherus
1000 3406 1113 3441 dixere

232 3459 462 3508 lansenianum
482 3456 544 3492 effe
565 3464 621 3490 aut
643 3455 866 3492 Lutheranum
887 3479 897 3491 .
936 3456 1068 3490 Haerefis
1092 3457 1110 3494 a

1941 142 2037 188 259

1187 210 1319 247 Christo
1331 211 1481 247 Domino
1496 213 1607 248 nostro
1623 212 1709 254 lepra
1726 217 1839 245 vocata
1861 207 1923 244 fuit
1935 236 1944 252 ,
1971 215 2063 256 quod

1187 261 1421 304 Evangelicum
1448 262 1568 306 dogma
1587 261 1759 298 dumtaxat
1779 260 1944 298 hincinde
1957 274 2063 297 macu..

1185 313 1253 350 let,
1279 323 1345 348 non
1365 321 1473 343 toturn
1498 323 1638 345 evertat.
1667 313 1791 353 Nonne
1803 311 1891 348 enim
1913 311 2062 353 Septimii

1186 361 1407 400 Tertulliani,
1438 361 1816 405 AdamantiiOrigenis,
1843 360 2062 404 JoannisCas-

1186 412 1282 451 fiani,
1310 410 1457 444 Facundi
1470 409 1710 459 islermianensis
1730 406 1882 454 Episcopi
1896 412 2062 455 ‚aliosque

1189 462 1294 505 plures
1307 460 1525 498 haereticorum
1538 472 1592 494 aut
1606 460 1881 500 schismaticorum
1903 462 2013 496 devios
2025 462 2064 495 li·

1190 513 1285 550 bros,
1312 511 1359 544 uti
1382 510 1635 553 pretiosissimum
1648 511 1758 543 multae
1782 511 1922 544 veritatis
1933 510 2063 546 thesau-

1187 572 1258 595 rum
1275 586 1284 601 ‚
1310 561 1418 599 Mater
1443 560 1582 594 Ecclesia
1604 559 1772 593 custodit?
1802 560 1907 592 Etiam
1922 562 1976 595 hic
1999 562 2064 605 ipse

1190 610 1509 651 Accusator'Hilari,
1537 609 1729 649 orthodoxi
1743 609 1880 651 primum
1894 611 1925 642 in
1946 612 2065 645 Roma.

1189 674 1230 695 na
1243 661 1382 694 Ecclefia
1394 686 1405 702 ‚
1426 660 1502 697 dein
1516 661 1549 693 in
1565 659 1775 694 Luciferiano
1787 658 1954 695 schismate
1969 662 2065 695 solius

1188 712 1252 745 fine
1265 711 1333 744 ullo
1349 711 1511 753 Episcopo
1521 720 1577 744 aut
1590 708 1783 751 Presbytero
1793 710 2065 744 contumaciffirni

1190 761 1354 802 Diaconi,
1377 762 1499 804 leprosa
1523 761 1556 798 in
1575 761 1608 800 S.
1623 758 1716 792 Pauli
1740 757 1891 799 Apostoli
1907 760 2078 802 Epistolas,

1187 812 1421 845 commentaria
1432 810 1572 845 honorat
1583 820 1751 852 tamquam
1763 808 1795 840 S.
1813 807 1994 850 Ambrosii,
2021 821 2068 845 at·

1189 873 1252 903 que
1274 872 1315 895 ex
1341 861 1405 895 illis
1425 860 1552 894 firmare
1576 869 1716 894 conatur
1739 859 1808 891 suas
1830 859 2067 901 cogitationes.

1190 911 1256 947 Uti
1280 910 1311 942 in
1335 909 1399 951 hoc
1412 910 1649 949 Ambrofiastro
1672 909 1779 948 varia,
1804 907 1849 945 ita
1872 909 1906 941 in
1931 909 2069 944 Martini

1196 958 1333 995 Lutheti
1349 961 1553 1003 sterquilinio
1566 961 1657 1003 poffit
1672 958 1748 992 hinc
1763 959 1839 992 inde
1849 958 1954 1002 aliqua
1967 961 2069 998 latita-

1191 1023 1224 1047 re
1246 1021 1376 1055 gemma
1401 1010 1558 1045 veritatis.
1586 1008 1895 1057 Quidquidinterim
1909 1009 2070 1044 Lutherus

1190 1060 1231 1096 de
1253 1062 1317 1095 hoc
1340 1063 1459 1104 puncto
1482 1071 1539 1097 aut
1551 1060 1718 1103 J‘ansenius
1742 1059 1915 1099 senserint,
1938 1071 2004 1104 vego
2016 1071 2071 1102 pv

1192 1122 1296 1145 tenter
1317 1111 1391 1145 sensi
1414 1122 1490 1145 cum
1504 1111 1652 1154 Hugone
1668 1109 1709 1146 de
1731 1110 1758 1142 S.
1780 1109 1911 1143 Vidiore
1925 1111 1956 1142 in
1980 1110 2069 1144 libris

1197 1161 1483 1195 Miscellaneorum
1496 1175 1506 1194 :
1535 1160 1690 1202 Triformis
1699 1159 1736 1199 est
1747 1160 1815 1192 odor
1825 1165 1901 1192 vitae
1912 1185 1919 1192 .
1939 1164 2011 1193 Non
2021 1161 2070 1193 de·
2084 1161 2236 1209 L.4.cap.

1160 1224 1163 1225 ⁷
1189 1213 1324 1254 linquere
1339 1224 1346 1244 z
1375 1213 1468 1254 ,Quod
1477 1217 1539 1254 ,agit
1550 1218 1636 1243 timor
1643 1210 1766 1254 servilis
1780 1234 1787 1241 .
1816 1211 1906 1242 Nolle
1919 1212 2069 1253 delinque·
2082 1222 2141 1260 77.

1191 1273 1221 1294 re
1234 1275 1244 1295 .-
1270 1263 1365 1304 ,Quod
1380 1269 1517 1301 operatur
1535 1261 1659 1302 filialis.
1689 1264 1761 1296 Non
1776 1260 1850 1301 pqffie
1869 1260 2038 1301 delinquere
2062 1273 2069 1293 2

1195 1313 1288 1354 ‚Quod
1299 1311 1411 1351 confert
1417 1313 1518 1353 gloria
1524 1317 1664 1351 perennis
1677 1334 1684 1341 .
1716 1313 1810 1342 Primi
1815 1307 1888 1350 fient
1897 1306 1983 1351 servi
1995 1335 2005 1350 ‚
2028 1309 2072 1352 se-

1192 1362 1282 1394 cundi
1303 1360 1380 1402 filii,
1406 1366 1489 1392 tertii
1509 1361 1602 1397 beati.
1633 1359 1798 1402 Loquitur
1818 1368 1858 1390 ex
1871 1357 1981 1402 Regio
1996 1360 2073 1393 Pro·

1198 1409 1293 1452 pheta
1306 1434 1315 1449 ,
1342 1409 1381 1442 de
1394 1410 1510 1454 Judaeis
1528 1421 1581 1452 per
1595 1410 1698 1444 solum
1713 1408 1860 1444 servilem
1874 1408 2027 1442 timorem
2041 1411 2074 1442 in

2089 1338 2140 1378 Pr.
2161 1349 2219 1389 77·

1195 1460 1308 1493 divina
1332 1460 1461 1504 Regula
1483 1458 1728 1497 ambulantibus
1753 1457 1925 1493 scribente:
1953 1462 1990 1491 In
2017 1460 2076 1503 lege

1193 1512 1261 1551 ejus
1286 1510 1438 1542 noluerunt
1448 1509 1602 1545 ambulare
1614 1534 1621 1540 .
1649 1509 1788 1543 Causam
1803 1508 1834 1540 in
1850 1507 1970 1541 Psalmi
1987 1509 2078 1544 istius

1193 1560 1435 1593 commentario
1458 1559 1513 1594 dat
1537 1559 1565 1592 S.
1580 1558 1803 1600 Augustinus:
1833 1561 1886 1595 Ex
1909 1561 1992 1592 corde
2008 1559 2078 1601 fieri

1194 1609 1272 1641 nullo
1296 1609 1378 1642 modo
1394 1608 1488 1650 potest
1500 1632 1510 1646 ,
1537 1610 1615 1649 quod
1629 1607 1667 1648 fit
1681 1607 1848 1649 formt'dine
1876 1616 1975 1651 poenae
1987 1633 1998 1650 ‚
2021 1621 2078 1643 non

1192 1670 1288 1691 amore
1302 1658 1442 1703 Justitiae
1464 1683 1470 1690 .
1499 1657 1647 1701 Largeid
1667 1658 1735 1692 illic
1746 1657 1902 1701 exponit,
2082 1696 2085 1699 ,

1244 1708 1347 1755 Qod
1369 1709 1470 1750 ipsum
1494 1709 1572 1741 facit
1598 1710 1696 1741 etiam
1715 1710 1747 1741 in
1763 1708 1863 1741 literis
1885 1708 1925 1741 ad
1942 1708 2080 1746 Anasta-

1193 1757 1274 1791 fium
1290 1771 1297 1789 :
1326 1762 1483 1790 Innaniter
1498 1766 1590 1798 putat
1613 1758 1756 1791 victorem
1765 1756 1797 1799 se
1807 1758 1859 1799 effe
1865 1765 1979 1798 peccati
1990 1783 2000 1799 ,
2027 1766 2078 1802 qui

1190 1815 1289 1848 poenae
1300 1811 1402 1840 timore
1417 1819 1472 1840 non
1482 1815 1585 1847 peccat
1594 1831 1601 1838 .
1631 1810 1716 1851 ‚Quia
1727 1806 1841 1847 etfinon
1856 1809 2080 1850 impletusforls

1193 1862 1336 1900 negotium
1350 1859 1438 1889 malae
1450 1858 1628 1897 cupiditati:
1639 1881 1649 1897 ,
1676 1857 1742 1900 ipsa
1755 1867 1855 1890 tamen
1876 1860 1959 1894 mala
1968 1862 2080 1900 cupidl-

1192 1915 1243 1939 tas
1256 1912 1338 1939 intus
1352 1906 1390 1946 est
1402 1906 1490 1947 hostis
1502 1932 1509 1938 .
1523 1910 1568 1942 Et
1581 1913 1648 1949 quis
1660 1919 1757 1945 coram
1771 1911 1833 1941 Deo
1842 1914 1981 1947 innocens
1992 1915 2080 1944 inve·

1194 1961 1275 1989 m'tur
1290 1981 1300 1996 ,
1327 1963 1378 1998 qui
1390 1958 1456 1990 vult
1465 1959 1533 2000 fieri
1540 1958 1622 1998 quod
1632 1967 1757 1993 vetatur
1769 1956 1987 1999 ,fisubstrabas
1998 1962 2082 2003 'quod

1191 2012 1314 2039 timetur
1327 2007 1344 2037 ἕ
1371 2012 1410 2040 Ac
1430 2018 1487 2050 per
1508 2007 1559 2039 hoc
1575 2013 1608 2041 in
1620 2007 1685 2050 ipsa
1699 2010 1855 2042 voluntate
1865 2020 1933 2042 reus
1944 2011 1997 2052 est,
2027 2016 2080 2054 qui
2097 1998 2158 2042 ΕΡ·
2176 2008 2252 2048 Ῑ44·

1192 2058 1258 2089 vult
1271 2056 1374 2098 facere
1395 2058 1475 2099 quod
1497 2068 1554 2089 non
1563 2057 1704 2099 licetfieri
1718 2083 1727 2097 ‚
1748 2057 1808 2101 sed
1815 2059 1878 2091 ideo
1889 2071 1947 2094 non
1962 2061 2044 2102 satit
2058 2088 2070 2103 ,

1191 2112 1262 2147 quia
1281 2109 1402 2147 impune*
1412 2118 1469 2140 non
1477 2107 1568 2149 potest
1576 2106 1659 2148 fieri.
1691 2113 1778 2141 Nam
1790 2119 1936 2151 quantum
1956 2116 1988 2144 in
2012 2113 2074 2155 ipso

1189 2156 1226 2194 est
1242 2180 1253 2195 ‚
1276 2158 1377 2189 mallet
1387 2169 1445 2190 non
1468 2158 1519 2200 effe
1522 2157 1672 2197 justitiam
1680 2167 1801 2199 peccata
1811 2159 2016 2200 prohibentem
2028 2171 2073 2195 at-

1189 2217 1246 2247 que
1254 2212 1423 2250 punientem
1434 2231 1441 2238 .
1472 2210 1517 2238 Et
1528 2213 1626 2248 utique
1626 2207 1656 2248 fi
1665 2210 1765 2243 mallet
1777 2220 1832 2240 non
1843 2210 2048 2251 esJejustitiam
2059 2235 2069 2251 ,

1188 2261 1254 2297 quis
1279 2256 1466 2290 dubitaverit
1477 2258 1561 2299 quod
1571 2268 1636 2289 eam
1650 2282 1659 2296 ,
1679 2258 1708 2298 fi
1712 2259 1802 2300 posset
1819 2283 1829 2298 ,
1854 2259 2009 2301 auferret,
2036 2274 2072 2295 ac

1183 2314 1239 2348 per
1251 2305 1300 2339 hoc
1312 2308 1451 2348 quomodo
1457 2307 1554 2347 justus
1567 2307 1738 2348 estjustitiae
1756 2310 1827 2341 talis
1849 2314 1986 2343 inimicus
1996 2336 2006 2351 ,
2037 2322 2071 2345 ut

1188 2367 1254 2388 eam
1266 2380 1276 2396 ,
1299 2355 1327 2396 fi
1341 2356 1467 2398 potestas
1493 2358 1580 2389 detur
1591 2381 1601 2397 ,
1627 2364 1849 2399 praecipientem
1861 2359 1982 2398 auferat
1995 2386 2004 2399 ‚
2032 2374 2068 2395 ne

1186 2411 1411 2439 comminantem
1423 2408 1475 2439 vel
1481 2408 1756 2448 iudicantemferat
1771 2410 1782 2441 Ρ
1794 2413 1934 2441 Inimicus
1945 2421 2010 2453 ergo
2017 2415 2069 2451 ju.

1179 2455 1271 2495 stitiae
1283 2457 1318 2495 est
1330 2464 1380 2497 qui
1390 2465 1489 2497 poenae
1501 2464 1607 2490 timore
1618 2468 1674 2488 non
1686 2466 1788 2498 peccat
1803 2482 1809 2489 .
1838 2463 1955 2491 Amicus
1968 2470 2068 2494 autem

1184 2512 1241 2538 erit
1254 2529 1264 2545 ,
1279 2505 1377 2546 fiejus
1391 2518 1488 2539 amore
1499 2518 1555 2539 non
1563 2514 1660 2546 peccet
1678 2531 1684 2538 .
1712 2511 1792 2540 Tunc
1814 2514 1892 2541 enim
1903 2512 1972 2543 vere*
1983 2518 2067 2543 time-

1184 2554 1227 2587 bit
1234 2564 1357 2597 peccare
1370 2583 1376 2589 .
1405 2560 1490 2589 Nam
1502 2561 1554 2597 qui
1561 2555 1715 2600 gebennas
1731 2564 1835 2591 metuit
1846 2583 1856 2598 ‚
1883 2570 1939 2591 non
1947 2569 2066 2601 peccare

1183 2611 1287 2638 metuit
1298 2629 1308 2645 ,
1329 2604 1387 2648 sed
1397 2607 1518 2639 ardere.
1546 2606 1602 2638 1lle
1625 2615 1724 2639 autem
1731 2616 1851 2651 peccare
1863 2616 1984 2650 metuit,
2015 2618 2064 2653 qui

1178 2663 1330 2699 peccatum
1342 2653 1437 2697 ipsum
1442 2655 1515 2697 ficut
1523 2655 1674 2698 gebennas
1686 2659 1748 2689 odit
1762 2683 1768 2689 .
1801 2659 1969 2700 Ejusmodi
1997 2661 2067 2703 plu-

1182 2716 1215 2738 ra
1236 2705 1433 2741 Latinorum
1454 2707 1488 2740 &
1511 2706 1698 2743 Graecorum
1719 2706 1852 2742 Patrum
1877 2709 2062 2745 testimonia

1183 2754 1335 2791 Eruditio
1348 2755 1449 2790 vestra
1466 2757 1558 2791 novit
1570 2780 1577 2792 .

1232 2803 1417 2841 Addustum
1431 2806 1527 2840 sancti
1538 2805 1712 2851 Augustini
1726 2807 1834 2841 locum
1847 2808 2060 2852 desumptam-

1180 2865 1241 2895 que
1262 2866 1305 2890 ex
1328 2855 1398 2898 ipso
1423 2856 1602 2894 dostrinam
1619 2858 1827 2900 infigniterin
1844 2857 1925 2892 libro
1937 2860 1978 2893 de
2002 2860 2059 2894 hu-

1181 2904 1270 2938 mani
1291 2907 1420 2949 generis
1440 2908 1626 2949 captivitate
1637 2919 1673 2940 ac
1688 2908 1909 2950 redemptione
1922 2910 2058 2945 illustrat

1180 2966 1316 2999 magnus
1327 2956 1407 2988 olim
1418 2955 1511 2998 hujus
1525 2957 1709 2990 Academiae
1721 2959 1845 2991 Dostor
1856 2983 1866 2999 ‚
1893 2961 1926 2993 ὅ(
1948 2961 2058 2994 adver-

1179 3003 1229 3042 sus
1241 3003 1422 3040 Luiherum
1440 3008 1609 3040 acerrimus
1620 3007 1709 3050 pugil
1723 3032 1732 3047 ,
1760 3008 1902 3050 Joannes
1917 3011 2053 3045 Driedo:

1181 3056 1229 3088 Ad
1248 3056 1282 3087 id
1292 3079 1303 3095 ,
1329 3058 1409 3097 quod
1425 3057 1505 3089 ultra
1525 3061 1556 3088 in
1563 3062 1660 3097 primo
1672 3067 1842 3101 argumento
1853 3058 2020 3102 adsumitur
2044 3084 2053 3099 ‚
2069 3082 2096 3114 F
2120 3081 2129 3114 ι
2196 3081 2214 3120 8

1178 3116 1241 3138 eum
1249 3112 1298 3147 qui
1307 3105 1367 3147 solo
1379 3114 1454 3138 metu
1462 3105 1605 3148 gehennae
1619 3112 1696 3149 ignis
1709 3116 1759 3139 aut
1781 3111 1950 3149 temporalis
1956 3120 2052 3151 poenae
2097 3093 2117 3114 ο
2132 3092 2191 3119 ·10
2215 3108 2223 3116 ’

1171 3154 1251 3195 facit
1264 3159 1449 3196 Praeceptum
1462 3179 1471 3195 ,
1494 3157 1618 3189 videtur
1630 3156 1725 3190 adhuc
1737 3160 1800 3191 odio
1812 3158 1918 3193 babere
1942 3164 2052 3194 Praece·

1173 3212 1258 3246 ptum
1281 3216 1331 3237 aut
1349 3212 1522 3246 punientem
1538 3207 1688 3246 justitiam
1711 3232 1722 3246 ‚
1749 3207 1904 3250 respondeo
1916 3211 2028 3250 quadis
2041 3234 2052 3250 ,

1176 3261 1226 3296 qui
1232 3253 1292 3297 solo
1303 3265 1380 3288 metu
1386 3255 1527 3297 gehennae
1538 3261 1614 3299 ignis
1628 3265 1730 3289 coercet
1742 3257 1772 3299 fe
1796 3259 1834 3291 ab
1846 3267 1926 3300 opere
1939 3260 2016 3291 malo
2041 3284 2052 3300 ‚

1178 3307 1360 3346 Praeceptum
1373 3306 1490 3346 quidem
1513 3307 1574 3338 odit
1580 3306 1738 3348 secundum
1749 3320 1875 3341 amorem
1887 3311 2048 3349 quemdam

1177 3354 1354 3387 habitualem
1364 3379 1373 3392 ,
1381 3353 1432 3395 seu
1447 3356 1576 3388 radicem
1587 3358 1667 3389 intus
1679 3359 1820 3391 latentem
1831 3381 1840 3395 ,
1864 3360 1993 3391 nondum
2006 3371 2048 3392 re·

1178 3415 1305 3438 novatus
1331 3407 1441 3444 spiritu
1464 3411 1575 3438 amoris
1593 3407 1736 3447 justitiae,
1755 3406 1812 3449 sed
1821 3406 2001 3449 nonsempee
2011 3409 2051 3449 est

1177 3457 1278 3489 odium
1290 3458 1321 3487 in
1331 3454 1412 3496 auu,
1427 3466 1483 3489 non
1489 3454 1607 3499 semper
1618 3457 1685 3491 aequ
1699 3455 1866 3499 concupiscit
1877 3458 2050 3498 destrucqaem

1962 3508 2011 3550 esse
