2366 3736
585 137 668 187 DE
707 140 974 185 SIMONrA
1010 131 1586 185 Mou'Asru'ntoRuMi'

229 227 363 266 stabiliri
387 223 560 270 postulavit
582 250 592 266 ‚
628 223 682 258 hic
705 223 769 255 fuit
791 222 936 255 decimus
960 221 1065 253 sextus
1092 234 1099 253 :

226 283 296 315 Uia
314 278 492 312 sacerdotali
514 277 626 308 Ordine
640 273 739 315 sordes
762 283 862 304 omncs
890 294 900 309 ‚
937 272 970 303 &¹
1007 277 1100 303 omnis

224 334 368 363 avaririae
395 327 474 360 labes
493 328 598 367 procul
609 323 815 364 expellantur,
844 333 894 353 nec
908 322 964 353 ullo
972 329 1100 362 praetex-

223 389 259 412 tu
276 389 332 421 pro
355 379 442 411 rebus
483 379 605 408 Divinis
628 375 794 414 quidquam
828 377 966 414 exigatur
987 394 998 411 ,
1023 379 1100 403 curet

225 427 388 471 ,Episcopus
415 450 425 466 ‚
460 434 513 459 aut
529 433 583 465 per
606 433 740 454 unionem
762 421 975 462 Beneficiorum
1002 444 1013 459 ,
1050 430 1100 453 aut

223 481 409 511 Decimarum
428 477 641 517 affignatlonem
656 496 666 511 ,
693 474 726 505 (9·
741 472 771 512 fi
787 472 837 504 hoc
856 471 922 512 fieri
945 482 1002 502 non
1023 480 1098 513 pote-

224 536 268 562 rit
288 527 447 563 commode,
480 525 632 564 Principes
651 523 854 563 provideant,
880 530 913 552 ut
928 529 983 561 per
1013 524 1099 553 Paro·

222 578 396 612 thronorum
418 573 548 611 Symbola
570 575 604 606 &⁵
626 571 769 605 eolledlas
792 570 939 604 Plebanus
953 595 962 610 ,
990 573 1023 604 (9·
1036 582 1100 603 cum

223 640 256 662 eo
282 629 338 659 duo
359 633 412 656 aut
428 624 529 664 plures
547 624 655 654 Clerici
680 621 810 654 babeant
833 622 910 653 unde
928 627 1025 653 vitam
1036 613 1109 654 cons

217 678 294 721 grue
316 675 496 713 traducant,
526 674 559 705 (τ
582 670 825 714 Hospitalitatem
842 669 1019 712 praebeant.
1047 672 1098 704 Sa-

221 737 276 760 cra
298 724 501 758 Tridentina
540 722 693 764 Synodus
728 720 884 755 omnibus
910 721 943 754 &
967 721 1099 764 singulis

221 786 292 810 non
311 773 418 818 potuit
442 772 608 816 providere
630 797 637 804 .
666 771 798 804 Etenim
823 770 856 804 in
881 769 977 804 variis
998 769 1097 814 regio-

221 824 319 859 nibus
342 823 489 858 Ecclefiae
514 820 704 865 temporalia
728 819 848 854 habent
887 822 1010 853 varium
1040 821 1096 853 sta-

220 886 297 910 tum
326 900 336 916 ‚
362 874 502 916 ideoque
529 872 631 905 multa
649 870 718 906 fieri
742 882 809 904 non
835 871 952 913 poffint
975 868 1032 903 nifi
1046 880 1099 913 per

225 924 394 967 Principes
413 924 447 956 δε
469 921 670 964 Episcopos.
698 920 793 954 Hinc
812 919 829 953 ὲ
851 921 1098 954 Sacro-Sanc'to

222 974 383 1009 Concilio
403 974 542 1006 domum
573 971 675 1005 redux
707 969 911 1005 Venerabilis
933 971 1099 1004 Dominus

216 1024 359 1060 Carolus
378 1020 634 1065 a'Lothatingia
659 1046 670 1062 ‚
706 1021 824 1054 sanetae
845 1021 1008 1054 Romanae
1034 1020 1099 1053 Ec-

216 1073 319 1108 clefiae
342 1071 546 1112 Cardinalis,
574 1071 812 1105 Rhemenfium
835 1069 951 1104 Archi·
967 1070 1096 1114 Episco-

217 1135 279 1168 pus
299 1147 311 1163 ,
338 1121 515 1156 celebravit
536 1122 598 1154 suae
622 1121 805 1155 Provinciae
827 1120 1000 1164 Synodum
1031 1144 1043 1160 ,
1067 1121 1099 1154 &

216 1172 260 1207 de
282 1174 352 1216 ipso
374 1172 517 1206 scribunt
539 1171 635 1213 hujus
666 1170 846 1213 Synodalia
873 1172 952 1204 Asta
970 1183 976 1202 :
1003 1174 1099 1203 Retu-

215 1225 256 1257 It't
276 1222 475 1262 Illustrifflmut
496 1222 676 1254 Cardinalis
693 1222 885 1262 ‘Metropolim
906 1223 950 1253 ad
958 1221 1099 1253 santiam

219 1275 363 1311 synodum
383 1274 420 1305 de
434 1275 624 1305 Paraecorum
636 1273 760 1314 querelis
773 1295 784 1311 ‚
810 1277 861 1312 qui
876 1279 1002 1313 propter
1026 1272 1099 1302 Edi-

220 1322 299 1355 c'lum
322 1327 512 1356 comitiorum
538 1320 781 1359 Aurelianensium
810 1320 888 1354 nibil
915 1322 1017 1361 poffint
1032 1328 1099 1361 per·

218 1378 317 1414 cipere
339 1383 378 1404 ex
397 1382 495 1404 rerum
515 1373 672 1403 Sacrarum
690 1371 944 1408 administratione
968 1393 976 1401 .
1001 1370 1098 1403 Caro·

226 1422 279 1454 lus
302 1422 375 1454 Rex
400 1421 551 1452 Edisturn
573 1420 663 1452 suum
686 1421 791 1460 quoad
814 1420 953 1462 priorem
975 1430 1098 1462 partem

224 1471 334 1505 statim
357 1469 440 1503 misit
462 1469 494 1501 in
512 1468 640 1511 plenam
663 1468 911 1501 executionem:
942 1470 974 1502 in
994 1470 1097 1503 Sacra·

220 1530 408 1554 mentorum
431 1517 712 1552 administratione
745 1516 828 1551 nihil
851 1518 1005 1562 deinceps
1034 1531 1096 1562 per-

219 1571 307 1604 mifit
330 1570 435 1612 exigi.
467 1571 513 1601 At
537 1568 611 1602 vero
637 1568 771 1602 alteram
797 1576 918 1611 partem
945 1593 956 1608 ‚
984 1569 1098 1611 nempe

222 1620 461 1654 Beneficiorum
476 1618 633 1652 unionem
649 1642 660 1657 ,
687 1618 903 1652 Decimarum
916 1618 1097 1663 affignatio·

221 1681 317 1708 nem,
345 1678 402 1702 aut
426 1668 536 1711 populi
558 1668 770 1701 collationem
794 1692 806 1708 ,
842 1668 1025 1710 'postulavit
1047 1669 1097 1702 de·

221 1719 309 1753 cerni
331 1729 367 1751 ac
387 1718 527 1752 ordinari
550 1718 566 1750 ὲ
580 1718 786 1755 Tridentino
801 1718 956 1751 Concilio
969 1743 976 1751 .
1005 1719 1097 1753 Hinc

219 1769 291 1812 post
319 1767 403 1808 hoc,
431 1767 588 1810 quoniam
613 1778 678 1800 non
696 1767 900 1810 providerat,
927 1767 1095 1802 Parochia-

220 1820 268 1852 les
290 1817 474 1860 Presbyteri
499 1817 647 1851 adversus
665 1817 783 1851 didam
807 1820 1037 1853 executionem
1051 1820 1096 1852 in-

219 1870 446 1903 tercefferunt:
473 1868 652 1912 allegarunt
677 1868 852 1901 secundam
875 1869 973 1913 Regii
991 1869 1095 1902 Edrffi

221 1930 369 1962 partem,
390 1917 446 1952 fibi
469 1917 703 1957 favorabilem,
729 1917 794 1951 effe
808 1917 963 1952 Tridenti
989 1920 1094 1963 negle-

221 1969 304 2001 elam
319 1990 330 2006 ‚
357 1967 494 2009 ideoque
518 1968 671 2001 novuma
694 1967 787 2010 Rege
808 1967 962 2006 injectum
975 1970 1014 2000 de
1028 1980 1096 2001 non

221 2016 387 2060 exigendo
409 2027 493 2049 onus
503 2015 567 2054 iam
588 2018 658 2048 effe.
677 2015 933 2049 circumductum
947 2041 955 2049 .
986 2017 1096 2050 Postu-

220 2067 327 2100 ]arnnt
350 2065 441 2108 juxta
455 2065 590 2107 priscum
616 2075 740 2098 rnorem
764 2076 896 2107 exigere
911 2090 918 2097 .
947 2066 1095 2100 lnterces-
1115 2095 1119 2110 Α

218 2117 270 2150 'sio
292 2127 359 2149 non
378 2115 502 2148 carebat
514 2114 753 2147 fundamentis.
785 2114 877 2146 Hinc
889 2114 989 2157 ipsam
1003 2097 1114 2158 Opti-¹

221 2177 295 2200 mus
328 2166 512 2199 cardinalis
549 2164 764 2207 Metropolim
792 2163 902 2197 retnltt
935 2164 976 2198 ad
1006 2165 1094 2199 suam

219 2215 393 2258 synodum
408 2239 415 2246 .

274 2265 315 2297 Et
339 2264 416 2298 varii
440 2263 525 2297 varia
549 2264 729 2298 senserunt.
759 2266 904 2297 Nicolnus
925 2267 1095 2305 Grivellus,

218 2318 357 2348 Decanus
378 2313 577 2354 Ambianenfis
599 2338 609 2353 ,
649 2317 824 2346 Procurator
850 2316 1089 2355 Reverendrffimi

220 2364 420 2405 Ambi'anenfis
442 2363 603 2406 Episcopi,
631 2365 711 2396 dixit
729 2366 911 2397 manendum
929 2366 980 2407 esJe
1005 2371 1037 2397 in
1059 2365 1092 2406 fi·

221 2416 309 2449 m'bus
325 2439 335 2454 ,
361 2427 431 2456 quos
468 2414 672 2453 constituerunt
695 2414 779 2446 nobis
806 2417 919 2447 Patres
955 2415 1058 2453 nostris
1085 2441 1092 2448 .

222 2468 282 2499 Per
306 2465 418 2496 Edic‘la
440 2469 629 2496 comitiorum
651 2464 892 2505 Aurelianensium
907 2466 1041 2497 ablatum
1053 2464 1092 2507 es-

219 2512 252 2558 se
277 2514 475 2546 Sacerdotibus
498 2515 550 2552 id,
577 2515 654 2554 quod
664 2514 808 2546 debebant
827 2520 993 2556 percipere.
1022 2519 1093 2547 Huic

225 2569 267 2596 rei
288 2562 480 2603 adferendum
502 2564 551 2604 effe
571 2565 732 2595 remedium
746 2586 755 2600 ,
781 2566 813 2597 ἐν
832 2571 995 2606 principiis
1028 2564 1090 2603 obst*-

221 2613 356 2654 fiendum
381 2637 387 2644 .
416 2614 508 2655 ,Quod
526 2613 568 2643 ad
600 2612 710 2644 villum
731 2620 839 2645 attinet
869 2624 1054 2655 paraecorum

222 2664 273 2705 esse
285 2662 466 2705 sequendum
492 2663 654 2694 Concilium
688 2662 857 2705 coloniense
884 2689 890 2695 .

222 2713 446 2747 Parochorum
470 2712 742 2745 intercessionem.
772 2713 945 2746 Richardus
968 2717 988 2746 ἃ
1017 2718 1089 2747 Pra-

221 2772 273 2802 ιο,
298 2762 453 2805 Theologus
472 2786 482 2802 ,
524 2764 697 2795 Procurator
729 2765 863 2803 Capituli
886 2763 1052 2805 Rhemenfis
1077 2789 1086 2805 ‚

220 2811 332 2854 censuit
351 2812 452 2845 debere
476 2816 617 2844 Curiones
640 2819 737 2845 omnia
752 2820 853 2856 gratis
865 2814 1089 2856 administrare;

220 2864 279 2894 Eis
302 2870 398 2895 autem
419 2862 469 2904 esse
484 2864 702 2903 providendum
725 2865 745 2894 ὰ
767 2867 946 2896 Canonicis.
974 2868 1088 2897 Interea

217 2922 318 2945 autem
335 2911 387 2944 abo
416 2914 477 2943 nda
506 2912 557 2953 esse
579 2923 646 2954 quae
662 2912 790 2953 fuerant
810 2914 959 2952 constituta
980 2921 1014 2947 in
1036 2919 1078 2946 Co

219 2968 312 2995 mitiis
335 2961 586 3003 Aurelianenfibus
607 2986 618 3000 ‚
643 2963 676 2994 &⁶
693 2965 926 3004 permittendum
955 2968 1083 2996 Curioni·

220 3010 275 3044 bus
289 3036 298 3051 ,
325 3021 357 3043 ut
376 3018 542 3053 percipiant
563 3023 629 3053 quae
648 3015 720 3045 ante
739 3014 958 3054 percipiebant.
980 3018 1011 3058 J
1015 3026 1070 3046 oan
1134 3053 1136 3059 y

219 3069 271 3093 nes
290 3063 453 3102 spalaraus
479 3085 490 3100 ‚
519 3064 696 3094 Procurator
721 3065 857 3104 Capituli
884 3064 1084 3104 Sueffionenfis‚
1134 3062 1136 3078 '

221 3109 324 3152 censuit
341 3121 395 3152 pro
423 3113 612 3144 5acramentis
637 3114 756 3154 quidem
778 3112 854 3144 nihil
874 3114 923 3155 esse
949 3119 1077 3154 accipien

220 3161 292 3191 dum
317 3184 327 3199 ,
348 3159 403 3202 sed
418 3170 469 3202 pro
485 3161 641 3204 sepulturis
664 3170 838 3194 mortuorum
867 3187 877 3201 ,
915 3165 948 3196 (5
973 3172 1087 3196 caeteris

221 3207 403 3250 hujusmodi.
435 3213 655 3244 providendum
675 3211 804 3253 Ecclefils
828 3212 1059 3246 cathedralibus
1076 3228 1085 3247 :

222 3259 256 3291 ὦ·
274 3267 384 3299 paucos.
404 3260 453 3300 effe
472 3269 635 3302 proventus
660 3261 850 3302 Ecclefiarum
872 3265 1076 3296 Paroecialium

221 3307 387 3350 Consultius
410 3309 458 3349 esse
478 3320 508 3342 ut
526 3311 605 3353 fiant
629 3319 748 3346 uniones
774 3312 984 3350 Ecclefiarum.
1015 3317 1056 3346 Et
1067 3312 1092 3353 fi

222 3359 297 3400 quid
314 3360 334 3390 a
356 3366 459 3398 poputo
485 3362 602 3393 Curioni
625 3361 726 3403 sponte
749 3374 785 3395 ex
806 3369 916 3404 pietate
938 3363 1088 3405 offeratur,

221 3410 254 3439 id
274 3407 312 3442 ab
336 3419 366 3440 eo
381 3420 436 3440 non
467 3408 674 3450 recusandum,
702 3423 749 3445 nec
772 3424 800 3445 ei
821 3412 870 3445 hoc
880 3414 930 3455 effe
953 3415 1087 3455 auferen-

221 3457 312 3490 dum.
341 3462 487 3501 Cagnetus
507 3482 514 3495 ,
544 3460 713 3493 Procurator
726 3466 864 3504 Capituli
876 3463 1088 3504 ambrancnfis,

299 3506 403 3547 Christ.
417 3511 493 3550 Lupi
506 3513 604 3551 Opera
616 3512 693 3543 Tam.
704 3512 760 3544 Xl.

1081 2641 1090 2656 ³

1166 219 1276 262 censuit
1295 226 1341 253 ita
1359 221 1411 263 effe
1431 222 1652 261 providendum
1672 219 1877 260 Curionibus,
1922 232 1955 254 ut
1978 235 2036 257 non

1167 270 1353 309 destruantur
1380 275 1599 303 canonicatus.
1628 275 1776 311 Furnius,
1805 273 1882 304 alter
1902 282 1941 304 ex
1963 275 2036 306 Pro-

1164 322 1348 353 curatoribus
1379 323 1615 359 Reverendiffimi
1645 320 1844 363 Ambianenfis
1881 344 1891 359 ‚
1923 320 2039 364 censuit

1162 370 1333 413 personales
1355 372 1484 404 decimas
1506 371 1559 412 esse
1576 370 1739 412 solwndas
1757 371 1932 404 Curionibus
1946 396 1953 403 .
1983 375 2040 403 Re-

1163 423 1314 454 verendus
1339 421 1439 453 Abbas
1459 418 1560 462 samqi
1587 424 1616 464 J
1621 427 1731 453 oannis!
1746 420 1935 463 Suefflonenfis
1955 422 2038 454 dixit

1163 471 1341 503 Curionibus
1363 471 1414 513 effe
1422 470 1647 511 providendum
1662 474 1804 511 prudenti
1829 471 1951 503 arbitrio
1963 473 2037 511 Epi-

1161 520 1332 563 scoporum.
1360 521 1554 553 Reverendus
1579 519 1676 551 Abbas
1701 521 1911 554 Vallis-Clarae
1929 519 2038 563 censuit

1161 571 1213 612 effe
1233 571 1471 611 permittendum
1500 568 1677 601 Curionibus
1702 593 1712 609 ,
1748 579 1782 602 ut
1806 577 1956 611 accipiant
1978 582 2036 603 non

1158 629 1212 661 pro
1233 623 1432 652 sacramentis
1455 642 1466 658 ,
1496 618 1557 661 sed
1572 626 1629 659 pro
1648 618 1764 652 labore.
1793 621 1851 651 Sed
1873 622 1905 652 (9
1919 619 1947 660 fi
1963 621 2040 660 quid

1159 677 1202 703 eis
1224 669 1364 710 offeratur
1389 695 1400 710 ,
1438 680 1496 702 non
1517 666 1645 711 recusent
1674 693 1680 700 .
1720 671 1914 701 Reverendus
1939 670 2038 702 Abbas-

1162 720 1299 753 Villoriae
1321 719 1434 763 censuit
1454 719 1595 751 Curiones
1620 730 1677 751 non
1698 718 1747 759 csse
1763 718 1941 758 frustrando
1951 722 1997 759 jis
2025 742 2037 758 ,

1159 782 1224 811 quae
1248 771 1319 802 dari
1350 769 1558 812 consueverunt
1579 777 1636 810 pro
1649 767 1810 810 sepulturis
1831 770 1865 801 (²5
1898 775 2036 802 anniver-

1157 818 1250 863 sariIs
1276 844 1283 852 .
1313 824 1507 853 Reverendus
1543 822 1629 851 Prior
1645 817 1746 860 samri
1781 822 1911 860 Remigii
1927 817 2036 860 censuit

1159 870 1209 913 effe
1229 868 1402 911 servandas
1417 869 1583 904 laudabiles
1594 868 1836 911 consuetudines.
1865 868 1897 900 N
1903 867 2035 900 ihilfuit

1159 920 1351 953 definitum.
1378 918 1476 954 Certe
1499 920 1602 964 Regis
1623 919 1734 953 Caroli
1773 916 1952 960 prohibitio
1973 918 2037 951 fuit

1159 968 1378 1004 fundatiffima
1397 982 1435 1003 ac
1457 969 1647 1003 sanffiffima
1670 994 1677 1000 .
1705 969 1838 1002 Etenim
1859 969 1893 1000 in
1925 969 2037 1002 Sacra-

1160 1030 1343 1054 mentorum
1364 1020 1649 1053 administratione
1672 1017 1755 1051 nihil
1773 1016 1859 1062 posse
1875 1042 1886 1057 ‚
1914 1018 1971 1051 nlfi
1984 1028 2038 1060 per

1159 1071 1363 1109 simoniam,
1389 1070 1478 1113 exigi
1504 1068 1524 1102 ἲι
1553 1068 1675 1108 Clero‚
1702 1079 1767 1102 una
1793 1078 1874 1100 voce
1893 1068 2037 1116 clamant

1160 1131 1276 1153 omnes
1310 1120 1439 1163 antiqui
1488 1119 1645 1153 Canones
1681 1143 1688 1151 .
1741 1118 1851 1151 Etiam
1895 1118 2038 1151 clamant

1161 1180 1310 1213 quartam
1332 1164 1546 1203 Decimarum
1570 1180 1696 1212 partem
1732 1167 1840 1202 deberi
1863 1167 2038 1201 Parochia-

1161 1220 1247 1253 libus
1260 1219 1395 1253 Clericis
1410 1244 1417 1252 .
1445 1218 1571 1252 Verum
1585 1219 1762 1261 Episcopi,
1792 1216 1954 1258 Abbates,
1976 1216 2039 1250 Ca·
2074 1246 2076 1248 .

1161 1269 1262 1312 pitula
1285 1269 1403 1302 nolunt
1429 1271 1651 1310 incorporatas
1673 1268 1730 1300 fibi
1755 1269 1910 1300 Decimas
1929 1267 2038 1300 dimit-

1160 1329 1226 1352 tere
1250 1329 1305 1351 aut
1325 1318 1529 1352 diminuere.
1559 1318 1755 1350 Existimant
1766 1317 1835 1348 fore
1849 1315 1895 1347 sui
1917 1316 2040 1349 destru-

1159 1369 1302 1403 stionem
1322 1391 1329 1399 .
1361 1366 1456 1401 Hinc
1476 1366 1535 1400 ista
1559 1365 1712 1409 Synodus
1736 1365 1819 1399 nihil
1850 1366 1960 1408 potuit
1988 1365 2041 1399 de-

1159 1418 1274 1453 finire.
1481 1445 1486 1450 .

1222 1469 1320 1503 Mota
1351 1467 1415 1503 fuit
1453 1469 1487 1502 ἀ
1527 1467 1591 1503 alia
1612 1467 1782 1513 fingulatis
1801 1466 1975 1501 difficultas
1999 1464 2041 1500 de.

1159 1518 1385 1552 exactionibus
1403 1519 1439 1552 in
1463 1520 1675 1552 sacramento
1696 1517 1844 1554 Ordinis.
1873 1518 2042 1551 sacrosan-

1156 1570 1203 1602 ἂι
1226 1567 1429 1602 Tridentina
1459 1569 1615 1609 Synodus
1639 1568 1833 1603 haec-statuit
1848 1582 1859 1600 :
1885 1570 2044 1611 ,Quoniam

1157 1619 1196 1651 ab
1218 1616 1408 1659 Ecclefiastico
1432 1620 1539 1651 ordine
1551 1626 1648 1651 omnis
1662 1625 1807 1652 avaritiae
1823 1616 1949 1660 suspicio
1959 1615 2040 1660 abes-
2058 1597 2130 1631 sem
2151 1609 2207 1635 21.

1153 1667 1185 1711 se
1207 1668 1291 1702 deber
1307 1695 1318 1709 ‚
1345 1668 1427 1702 nibil
1441 1677 1498 1710 pro
1520 1670 1676 1703 collatione
1688 1675 1862 1712 quorumvis
1884 1671 2042 1708 Ordtnum,
2058 1659 2124 1692 αἶ’·
2140 1659 2170 1684 Ῑ“

1158 1725 1251 1752 etiam
1268 1719 1421 1753 clericalis
1447 1718 1575 1761 tonficrae
1592 1744 1602 1759 ‚
1641 1730 1694 1752 nec
1716 1727 1771 1759 pro
1788 1721 1898 1751 litteris
1919 1719 2043 1761 dimisso-

1156 1773 1233 1809 riis,
1260 1780 1312 1802 aut
1334 1768 1575 1807 testimonialibus
1601 1793 1612 1809 ‚
1639 1780 1692 1801 nec
1701 1776 1755 1808 pro
1772 1767 1888 1811 figillo,
1916 1778 1967 1801 aut
1978 1769 2041 1801 alia

1157 1829 1335 1860 quacumque
1357 1821 1393 1850 de
1411 1818 1515 1860 causa,
1545 1824 1639 1851 etiam
1664 1817 1770 1860 sponte
1783 1820 1911 1851 oblatum
1925 1843 1935 1859 ,
1966 1822 2042 1860 Epi-

1153 1868 1231 1912 ft'opi
1250 1871 1283 1902 (θ’
1303 1871 1356 1902 alti
1380 1870 1526 1901 ordinum
1547 1870 1734 1907 Collatores‚
1765 1878 1819 1900 aut
1843 1879 1938 1901 eorum
1953 1872 2041 1900 Mini-

1150 1919 1228 1959 stri‚
1254 1926 1360 1960 quovis
1382 1927 1535 1960 praetextu
1557 1926 1708 1960 accipiant
1737 1943 1743 1950 .
1771 1922 1896 1951 Notarii
1920 1921 1989 1950 vcro
2006 1923 2038 1951 in

1141 1970 1194 2011 ljis
1217 1971 1335 2001 tantum
1357 1970 1426 2002 locis
1445 1993 1455 2008 ‚
1492 1976 1524 2000 in
1545 1970 1654 2010 quibus
1685 1980 1742 2001 non
1762 1972 1845 2012 viget
1868 1969 2035 2001 laudabilis

1156 2015 1328 2059 consuetudo
1351 2017 1433 2050 nibil
1453 2020 1614 2057 accipiendi
1642 2043 1652 2057 ‚
1687 2027 1743 2059 pro
1767 2017 1892 2062 singulis
1926 2020 2036 2050 litteris

1156 2067 1319 2109 dimissoriis
1358 2075 1411 2098 aut
1448 2067 1688 2105 testimonialibus
1741 2070 1885 2100 decimam
1918 2069 2036 2101 tantum

1155 2122 1243 2148 unius
1268 2121 1353 2149 Aurei
1379 2125 1500 2157 partem
1524 2125 1652 2158 accipere
1668 2119 1772 2157 poffint
1785 2142 1795 2157 ‚
1823 2119 1976 2150 dummodo
1994 2123 2036 2150 eis

1157 2166 1277 2197 nullum»
1286 2165 1435 2206 salarium
1445 2165 1484 2205 fit
1505 2166 1686 2204 constitutum
1708 2176 1764 2207 pro
1785 2169 1947 2199 exercendo
1975 2168 2035 2208 offl-

1154 2221 1196 2247 cio
1220 2239 1227 2246 .
1258 2219 1322 2247 Nec
1343 2213 1498 2257 Epiftopis
1519 2226 1557 2247 ex
1580 2221 1704 2249 Notarii
1735 2218 1891 2249 commodis
1915 2217 2037 2258 aliquod

1155 2266 1377 2297 emolumentum
1388 2277 1426 2297 ex
1433 2264 1547 2307 jisdem
1563 2269 1712 2299 Ordinum
1730 2266 1937 2299 collationibus
1953 2291 1963 2305 ‚
1989 2269 2034 2299 di-

1155 2313 1230 2347 relic:
1244 2316 1293 2347 vel
1303 2315 1446 2348 indirelle
1463 2325 1625 2356 provemre
1638 2318 1736 2358 poffit.
1768 2318 1913 2351 Omnem
1934 2317 2032 2350 aliam

1156 2366 1293 2398 formam
1316 2365 1450 2399 damnat
1475 2366 1517 2399 de
1533 2365 1678 2400 Simonia
1693 2391 1700 2398 .
1734 2366 1788 2399 Est
1802 2367 2033 2400 sanc'hffimum

1156 2416 1353 2454 Decretum,
1379 2415 1584 2458 desumptum
1607 2429 1649 2450 ex
1673 2416 1834 2459 primitiva
1857 2416 2031 2458 disciplina

1157 2465 1298 2498 Eccleliae
1311 2490 1318 2496 .
1346 2465 1478 2498 Etenim
1494 2467 1582 2509 quod
1597 2468 1697 2509 prima
1715 2466 1861 2499 Ecclefiae
1880 2467 2029 2499 sanciitas

1153 2514 1250 2550 etiam
1270 2516 1381 2556 sponte
1402 2517 1511 2548 oblata
1535 2517 1752 2559 proscripserit
1788 2516 1806 2549 ὲ
1845 2516 2028 2549 nostrorum

1156 2566 1435 2599 sacramentorum
1459 2563 1737 2599 administratione
1774 2590 1784 2606 ‚
1828 2565 2047 2609 illorumque„

2156 1361 2173 1370 l

927 2665 948 2697 S
986 2665 1028 2697 b’l
1138 2614 1375 2667 :admissionem
1403 2616 1604 2649 damnaverit
1627 2615 1666 2649 de
1688 2615 1837 2649 Simonia
1860 2640 1870 2655 ‚
1898 2616 2027 2649 abunde

951 2676 980 2698 ta
1007 2676 1014 2697 ι
1032 2677 1090 2699 ινιτ

1151 2664 1383 2698 demonstravit
1406 2666 1530 2707 praefata
1559 2665 1770 2700 Dissertatio.
1798 2666 1896 2699 Hanc
1916 2667 2026 2699 sanffi-

1154 2724 1252 2747 tatem
1276 2714 1469 2748 Tridentini
1494 2714 1604 2749 Patres
1629 2717 1824 2750 reduxerunt
1847 2717 1886 2749 ad
1911 2716 2024 2749 Sacra·q

1153 2774 1298 2796 mentum
1321 2763 1458 2812 Ordinis
1479 2787 1489 2803 ,
1518 2767 1551 2799 ἀ
1581 2766 1620 2799 ad
1643 2768 1757 2800 cuncta
1783 2766 1837 2808 ipsi
1861 2776 1986 2799 annexa
2015 2789 2023 2797 .

1154 2815 1261 2847 Etiam
1284 2815 1504 2848 adexamen.
1532 2810 1613 2850 Hassec
1637 2817 1773 2849 Decreta
1789 2816 1936 2849 laudatus
1947 2815 2024 2849 Car·

1150 2864 1270 2897 dinalis
1292 2863 1508 2908 Metropolim
1525 2866 1625 2899 voluit
1640 2866 1822 2910 publicare,
1850 2877 1886 2898 ac
1900 2876 1934 2898 m
1950 2876 2021 2899 exe·

1150 2923 1314 2947 cntionem
1341 2915 1468 2949 mittere
1496 2939 1506 2954 ,
1536 2917 1645 2948 verum
1672 2916 1803 2959 quidam
1844 2915 2023 2949 intercesse-

1150 2974 1242 2997 runt.
1273 2965 1403 2997 Etenim
1421 2968 1559 2998 Nicotaus
1585 2968 1758 3006 Grtoeilus,
1788 2965 2021 3006 Ambianenfium
2037 2985 2108 3021 Seff
2131 2985 2176 3022 16

1152 3018 1303 3053 Daunus,
1331 3014 1511 3054 existimavit
1522 3015 1573 3055 effe
1584 3018 1690 3047 durum
1717 3021 1749 3047 in
1761 3027 1791 3048 eo
1805 3019 1943 3055 Decreto‚
1965 3026 2022 3058 quo
2102 3009 2109 3018 ¹
2178 3009 2187 3019 ⁵

1145 3064 1284 3101 statuitur
1304 3067 1432 3097 Ordines
1464 3067 1566 3096 Sacros
1598 3072 1702 3109 gratis
1719 3066 1771 3107 effe
1792 3065 1981 3107 conferendos
2007 3091 2019 3108 ,

1145 3123 1199 3155 pro
1219 3115 1380 3146 Ordinibus
1402 3117 1498 3146 sacris
1520 3114 1596 3147 nibil
1622 3123 1714 3157 accipi
1738 3140 1745 3146 .
1783 3114 1904 3158 Censuit
1922 3124 2020 3158 itaque

1149 3166 1198 3205 else
1219 3165 1438 3206 relinquendum
1464 3166 1578 3203 judicio
1613 3165 1820 3207 prfioporum
1839 3190 1849 3205 ,
1877 3168 2019 3208 quidnam

1142 3213 1200 3254 fini
1218 3222 1361 3253 accepturi·
1382 3223 1436 3255 pro
1461 3214 1624 3247 Ordinibus
1646 3219 1744 3248 Sacris
1765 3240 1772 3247 .
1804 3216 1972 3248 Richardus
1991 3217 2014 3247 ὰ

1152 3266 1241 3296 Prato
1265 3264 1420 3306 Theologus
1433 3288 1443 3302 ‚
1472 3267 1645 3297 Procurator
1668 3266 1801 3307 Capituli
1830 3263 2016 3305 Rbemenfis,

1151 3318 1228 3346 dixit
1251 3318 1484 3346 Examinatores
1508 3338 1518 3353 ‚
1550 3312 1580 3354 fi
1595 3315 1632 3347 ab
1653 3318 1863 3349 examinandis
1901 3313 2020 3355 aliquid

1152 3370 1327 3404 acceperint,
1351 3364 1452 3395 debere
1474 3366 1589 3405 quidem
1605 3364 1714 3407 subiici
1746 3374 1843 3405 poenae
1877 3366 2020 3396 Simonia‘

1149 3426 1264 3454 corum,
1286 3412 1340 3456 sed
1358 3425 1413 3445 non
1430 3416 1503 3455 posse
1525 3415 1582 3446 dici
1601 3417 1796 3449 simoniacos.
1825 3414 1934 3447 Etiam
1958 3412 2015 3447 cir-

1152 3476 1192 3499 ca
1213 3463 1277 3498 haec
1299 3462 1383 3497 nihil
1406 3463 1468 3498 fuit
1488 3463 1646 3498 decisum.

1573 3513 1610 3547 H
1662 3522 1683 3557 3
1883 3513 1978 3548 Hine
