2366 3736
339 143 437 189 240

833 124 1239 174 Dtssmtrmto
1273 127 1650 176 DOGMAricA
1825 124 1844 180 ¹1>

135 210 294 257 Augusti·
318 215 437 248 tantum
452 214 603 258 progressa
627 213 822 250 Paenitentia,
843 214 990 244 Comritio
1011 215 1082 246 vero
1101 215 1214 267 Poeni-g
1257 225 1330 249 nem
1348 216 1382 249 δε
1395 215 1504 259 ipse&
1517 213 1694 258 aliiPatres
1719 215 1900 259 frequenter
1921 215 2043 252 liabent
2063 216 2133 251 sus·-

136 262 291 298 nusillud
324 269 419 298 tentia
438 270 547 305 intima
572 265 606 297 et
627 260 779 304 perfec‘la.
804 260 884 295 Haec
902 272 1009 296 tamen
1024 264 1196 297 nominum

135 313 248 346 novit.
322 314 484 349 distinctio
497 313 620 346 videtur
634 311 777 355 antiquis
799 323 866 346 non
878 312 973 355 plene
996 314 1087 346 tuisse
1101 316 1197 357 igno·

135 360 172 395 L.
205 373 233 397 Ι.
319 373 351 401 ta
367 391 374 398 .
401 363 534 398 Etenim
549 363 644 395 cordis
658 361 864 401 obtritionem,
889 373 959 406 quae
985 362 1113 396 videtur
1133 363 1196 397 esse

133 423 161 445 c.
187 422 242 452 22.
319 414 464 458 ipsissima
488 412 773 452 Attritio,laudat
797 413 920 446 sanetus
943 412 1194 456 Augustinusin

317 464 408 498 libris
427 464 468 507 de
483 463 629 496 sermone
651 462 793 497 Domini
806 463 838 495 in
861 471 993 496 monte.
1021 462 1195 507 Qidquid

315 514 352 550 fit
363 536 375 553 ,
396 512 451 546 hic
466 520 534 545 non
547 510 588 546 de
601 512 706 546 servili
735 510 892 557 gehennae
902 522 956 546 aut
969 513 1104 546 aliatum
1129 524 1195 556 ρων

316 573 432 598 narum
445 572 557 604 metu,
583 561 637 596 sed
647 562 689 596 de
700 573 858 606 concepta
868 561 988 597 exinde
1010 562 1195 597 Contritio.

316 624 359 646 ne
381 614 528 659 agimus,
555 623 627 656 quae
639 613 771 656 planum
785 613 829 647 est
843 613 1014 656 insigniter
1024 611 1190 656 distingui.

141 654 241 698 Epist.
313 662 486 707 Ejusmodi
501 663 597 706 porto
608 663 853 698 Contritionern
866 662 976 695 laudat
989 663 1111 698 sancius
1125 662 1193 699 Au·

144 704 220 747 3082
314 714 463 758 gustinus
489 713 759 758 frequentissime.
790 714 827 747 In
849 713 950 745 literis
972 713 1013 745 ad
1037 713 1191 746 Honora-

312 762 684 798 tum-Thabennensem
709 763 909 807 Episcopum
922 761 1029 796 scribit
1054 760 1190 796 barbari·

309 824 347 848 ea
363 813 547 848 incursione
569 814 738 848 concussas
764 811 856 846 urbes
878 813 1048 846 turmatim
1065 823 1192 846 currere

309 864 351 898 ad
373 864 548 898 Ecclesiam
570 876 578 895 z
607 863 702 897 Alios
723 862 925 905 Baptismum
948 872 1054 906 petere
1076 886 1087 903 ‚
1109 863 1192 899 alios

308 913 651 955 Reconciliationem‚
673 913 756 947 alios
779 912 939 946 actionem
969 912 1193 956 poenitentiae‚'

309 975 425 999 omnes
444 963 706 998 consolationem
719 986 729 1003 ‚
755 963 1104 1005 Sacramentorumque
1115 974 1190 996 con-

128 1013 251 1060 Cap-6.
307 1015 475 1051 feffionem
512 1025 550 1048 ac
576 1013 800 1059 erogationem
824 1037 832 1044 .
859 1013 900 1046 Et
923 1012 958 1046 in
983 1013 1129 1046 sermone
1150 1011 1191 1046 de

306 1064 438 1099 excidio
462 1064 621 1098 Romana:
642 1063 729 1097 urbis
743 1087 750 1094 .
777 1067 885 1095 Omnes
897 1063 941 1094 ad
960 1061 1191 1104 Ecclesi'amconae

301 1114 451 1158 fugiunt,
477 1126 534 1147 non
545 1119 619 1155 cepit
639 1114 860 1147 multitudinem
880 1113 956 1145 Iocus
970 1135 981 1151 ‚
999 1110 1190 1155 Baptismum

307 1173 460 1206 extorquet
479 1162 598 1207 quisque
619 1165 639 1195 ἃ
660 1175 716 1205 quo
730 1162 836 1204 potest.
859 1166 933 1195 Non
943 1161 1036 1205 solum
1049 1169 1082 1195 in
1094 1162 1191 1195 Eccle-

299 1212 344 1255 fia
357 1237 366 1252 ,
384 1213 442 1256 sed
451 1213 601 1257 etiamper
613 1216 732 1250 domos,
751 1221 807 1254 per
830 1219 908 1245 vicos
920 1223 954 1245 ac
969 1213 1091 1254 plateas
1107 1211 1191 1254 salus

305 1266 492 1296 sacramenti·
503 1267 653 1307 exigitur,
675 1270 705 1296 ut
711 1262 851 1306 fugiatur
875 1267 947 1302 ira,
971 1274 1029 1296 non
1050 1260 1187 1305 praesens

305 1319 423 1355 utique,
442 1313 498 1356 sed
511 1313 644 1359 futura„
672 1312 713 1346 Et
727 1324 757 1345 m
780 1311 866 1345 libro
886 1313 928 1346 de
947 1311 1191 1347 catechizandis

128 1358 207 1404 Cap.
231 1370 282 1407 17·
306 1363 441 1397 rudibus
462 1363 506 1396 ait
531 1363 689 1405 plurimos
702 1362 785 1396 velle
808 1362 877 1397 fieri
899 1360 1130 1401 Christianos,
1153 1366 1191 1395 Ut

306 1425 364 1447 non
385 1422 457 1446 eant
478 1418 510 1445 in
529 1415 625 1456 Ignem
648 1422 792 1445 aternum
815 1423 880 1445 cum
903 1412 1020 1445 diabolo
1041 1437 1052 1453 ,
1082 1411 1139 1455 sed
1159 1419 1190 1444 in

305 1474 426 1506 regnum
443 1472 586 1496 aeternum
606 1474 670 1496 cum
694 1461 829 1502 cbristo,
855 1460 917 1495 Per
937 1463 1101 1505 quendam
1126 1472 1189 1495 ter-

305 1525 346 1548 τε
367 1513 698 1547 motuminnumeros
709 1512 748 1546 ad
777 1512 938 1555 Baptisma
959 1513 1098 1555 partim,
1123 1523 1189 1555 par-

309 1564 370 1598 tim
401 1562 442 1598 ad
473 1559 716 1596 Paenitentiam
755 1561 849 1595 fuisse
884 1563 1056 1596 conversos
1080 1562 1188 1596 scribit

307 1614 407 1648 etiam
421 1624 458 1647 ac
475 1610 583 1646 laudat
606 1612 731 1646 sandius
755 1611 895 1655 Ioannes
915 1609 1170 1655 Chrysostornus
1183 1636 1190 1643 .

126 1659 230 1691 'Tom-
253 1666 286 1703 9·
308 1664 399 1698 Etin
412 1663 503 1696 libris
525 1663 565 1696 de
579 1662 917 1705 vocationegentium
945 1662 1069 1696 sanetus
1090 1660 1191 1695 Pros-

127 1708 152 1741 f.
180 1707 260 1752 360·
312 1724 391 1757 per:
417 1715 522 1756 ,Quam
534 1712 638 1744 multos
650 1735 659 1750 ,
684 1716 778 1752 quiin
789 1711 1010 1753 tranquillitate
1026 1717 1113 1754 pacis
1140 1713 1160 1744 S
1162 1725 1190 1743 a·

128 1758 174 1804 36
183 1767 210 1791 1·
309 1771 493 1799 crumentum
515 1759 716 1804 Baptismatis
735 1758 882 1803 suscipere
903 1760 1082 1800 differebant
1102 1785 1113 1800 ,
1150 1763 1194 1793 ad

126 1807 168 1840 L·
198 1818 230 1844 2·
311 1822 424 1855 aquam
435 1814 680 1855 Regenerationis
692 1809 847 1853 confugere
858 1809 994 1849 instantis
1001 1810 1126 1851 periculi
1136 1821 1191 1843 me-

127 1869 158 1891 c·
187 1866 242 1905 33·
311 1870 361 1896 tus
372 1863 506 1904 impulit,
516 1862 548 1894 <9⁴
560 1862 647 1894 lentis
661 1858 823 1902 tepidisque
832 1865 946 1892 animis
957 1882 968 1900 ,
993 1862 1072 1903 quod
1081 1860 1133 1892 diu
1143 1870 1193 1893 ex-

313 1911 440 1945 hortatio
454 1917 556 1953 quietcr
568 1922 623 1943 non
633 1908 723 1953 suafit
739 1934 749 1950 ,
762 1915 865 1942 minas,
880 1908 981 1952 subito
993 1921 1084 1943 terror
1095 1917 1203 1944 exter--

305 1961 352 2004 fit.
382 1961 425 1997 Et
437 1960 514 1995 hinc
527 1960 662 1995 similem
672 1958 895 1996 Ninivitat'm
915 1959 1143 2003 poenitentiam
1151 1961 1194 1993 sa·

312 2012 479 2047 crosaneh
492 2010 692 2046 Tridentina
706 2009 858 2052 synodus
882 2020 921 2043 ex
933 2009 1057 2045 laudati
1081 2009 1193 2054 Augu·

130 2058 171 2090 L.
196 2063 255 2090 21·
314 2061 390 2098 stini
403 2062 492 2096 libris
515 2059 664 2097 adversus
676 2058 900 2094 Gaudentium
915 2059 1121 2094 Donatistam
1134 2082 1145 2100 ,
1158 2059 1194 2092 li-

133 2120 164 2139 s.
194 2116 255 2151 24·
316 2111 382 2146 bris
392 2111 433 2146 de
444 2110 577 2148 civitate
589 2110 653 2150 Dei
668 2134 678 2150 ,
696 2111 730 2146 ὅ(
745 2109 845 2144 literis
856 2109 896 2144 ad
909 2110 1053 2144 sanetum
1076 2108 1197 2145 Evodi-

131 2158 198 2198 ΕΡ·
228 2165 285 2201 99·
319 2173 375 2197 um
390 2161 594 2199 Uzalensem
610 2160 829 2203 Episcopum,
841 2160 958 2194 merito
970 2159 1156 2193 canonizat.

132 2205 191 2239 Est
219 2202 300 2248 legi·
371 2212 411 2245 Et
424 2210 503 2245 hinc
515 2219 708 2253 conceptam
722 2219 762 2247 ex
776 2219 865 2245 metu
877 2209 983 2244 servili
1005 2208 1194 2244 Contritio-

137 2255 222 2291 rima
250 2263 290 2287 ac
318 2272 394 2296 nem
406 2262 469 2294 effe
481 2259 662 2305 legitimam
676 2283 685 2298 ,
707 2260 858 2300 ranetam,
877 2269 915 2293 ac
927 2267 1046 2297 ver-am,
1071 2257 1192 2292 nonest

136 2317 234 2339 vera·
316 2309 552 2355 ambigendum
574 2334 580 2341 .
609 2310 699 2342 Ante
733 2308 870 2343 Martini
891 2308 1025 2344 Lutheri
1048 2318 1195 2352 tempora

319 2370 481 2405 negarunt
505 2361 536 2394 id
560 2369 635 2396 cum
662 2358 849 2400 Donatistis
874 2382 884 2400 ,
910 2359 1096 2396 volentibus
1124 2359 1196 2393 solo

319 2421 454 2451 amore,
479 2421 547 2445 non
569 2410 686 2444 timore
707 2408 783 2445 duci
807 2409 980 2452 homines,
1002 2407 1169 2455 Pelagiani
1186 2434 1195 2450 ,

135 2465 226 2498 oper·
319 2471 459 2505 quorum
475 2461 600 2494 Dux&
613 2460 752 2494 Goliath
772 2460 917 2503 Julianus
930 2461 1033 2496 edixit
1053 2475 1061 2494 2
1083 2462 1128 2494 Ab
1154 2465 1185 2493 in

135 2505 270 2549 'irnperfi
318 2517 447 2545 tentione
456 2516 581 2553 propria
593 2511 679 2545 mala
703 2521 760 2543 non
771 2511 859 2544 debet
869 2511 951 2544 homo
961 2511 1024 2545 ulla
1037 2512 1196 2552 neceffitare

143 2567 213 2599 mp-
241 2565 297 2604 95·
318 2567 452 2596 revocari
466 2585 472 2591 .
484 2560 670 2604 Respondit
682 2559 758 2594 vero
770 2561 892 2594 sanstus
905 2558 1121 2606 Augustinus.-
1132 2564 1196 2594 Cur

317 2611 465 2654 Apostolus
486 2610 582 2644 adbuc
603 2611 710 2644 Saulus
729 2613 841 2644 cadem
858 2609 1001 2653 spirans,
1026 2613 1060 2646 ὀ*
1076 2609 1195 2655 sangui·

317 2673 385 2697 nem
403 2661 506 2701 fitiens
520 2685 531 2702 ,
556 2661 689 2694 violenta
713 2666 839 2702 corporis
864 2666 994 2695 roecitate
1015 2682 1026 2700 ‚
1054 2663 1088 2696 Θ
1114 2666 1197 2695 terri-

320 2712 378 2745 bili
398 2709 519 2753 desuper
546 2722 615 2746 voce
640 2712 660 2745 ἃ
681 2708 739 2752 sua
759 2711 875 2752 peffima
899 2715 1061 2745 intentione
1084 2721 1196 2745 revoca-

317 2771 370 2795 tur
383 2784 393 2800 ‚
405 2763 438 2794 Θ·
450 2773 488 2794 ex
496 2760 680 2804 persecutore
687 2760 829 2801 prostrato
839 2761 920 2794 illius
938 2762 1112 2805 Evangelii,
1124 2761 1202 2804 quod

318 2812 513 2855 oppugnabat
526 2834 534 2849 ‚
556 2808 718 2849 laboriosior·
737 2811 987 2852 caeteirt'sfuturus
1012 2812 1199 2844 Praedicator

319 2860 478 2915 exigitur-f
505 2862 585 2907 Qo
598 2870 792 2904 argumento
806 2861 902 2894 etiam
919 2861 951 2894 in
966 2860 1067 2897 literis
1083 2860 1123 2894 ad
1138 2861 1198 2896 130-

320 2910 478 2945 nifacium
502 2912 669 2945 Comitem
681 2910 784 2944 utitur
795 2909 962 2944 adversum
982 2910 1175 2945 Donatistas
1191 2935 1201 2950 ‚

323 2961 358 2994 &
369 2960 536 3005 adjungit:
565 2962 671 2994 Melius
686 2959 722 3000 est
733 2962 869 3002 quidem,
897 2965 965 3002 quis
989 2960 1177 2993 dubitaverit
1190 2985 1199 3000 ,

323 3010 367 3042 ad
378 3012 471 3042 Deum
482 3012 632 3043 colendum
646 3009 775 3043 homines
786 3010 923 3043 dot‘lritta
935 3012 1019 3050 duci,
1042 3021 1131 3052 quam
1138 3018 1201 3051 poe·

322 3069 375 3093 πα
398 3064 501 3092 timore
522 3061 574 3092 vel
583 3060 676 3092 dolore
687 3062 830 3102 compelli:
861 3061 986 3095 sednon
1007 3060 1132 3102 quiaistt
1146 3072 1201 3094 me-

323 3111 413 3144 liores
421 3107 517 3151 sunt,
540 3110 605 3141 ideo
630 3110 698 3150 illi,
722 3115 773 3152 qui
791 3111 870 3143 tales
880 3121 939 3143 non
945 3108 1021 3153 sunt
1034 3134 1044 3150 ‚
1058 3112 1201 3153 negligen-

325 3160 358 3192 di
369 3157 441 3202 [unt
452 3182 459 3190 .
487 3160 593 3190 Multis
616 3165 694 3191 enim
701 3160 820 3201 profuit
826 3160 917 3201 prius
930 3165 1034 3193 timore
1044 3161 1097 3193 vel
1106 3161 1202 3193 dolore

323 3214 388 3253 cogi
403 3232 413 3248 ‚
431 3216 464 3242 ut
470 3207 681 3250 posteapoffent
691 3211 797 3250 doceri,
810 3220 865 3242 aut
878 3211 1034 3252 quodjam
1047 3210 1148 3243 verbis
1159 3211 1202 3242 di-

324 3260 462 3292 dicerant
474 3265 558 3299 opere
576 3256 703 3299 sellari.
730 3259 850 3294 Multis
864 3259 1007 3294 ostendit
1028 3257 1200 3294 hominem

127 1956 175 1991 L.
205 1968 233 1995 1.

127 2020 156 2040 c.
184 2016 239 2051 25.

135 2405 237 2439 L.1.

149 2967 251 3010 Epist.

324 3319 379 3353 per
391 3308 543 3342 timorem
555 3307 630 3351 cogi
644 3331 655 3346 ,
677 3319 714 3341 ac
724 3309 919 3351 pedetentim
933 3309 1098 3344 introduci
1111 3309 1143 3342 in
1157 3309 1218 3371 juff

324 3358 449 3392 stitiarn
469 3358 503 3391 δε
522 3356 733 3392 charitatem.
762 3358 867 3392 Addit
890 3360 980 3403 quod
1004 3358 1217 3402 Apostolum·

325 3406 468 3442 Paulum
481 3406 650 3442 deduxerit
659 3407 757 3440 etiam
768 3407 807 3441 ad
817 3407 1009 3444 charitatem
1022 3410 1202 3453 perfectam.

325 3457 380 3494 Ex
396 3467 698 3504 metuconceptam
711 3456 746 3493 in
766 3458 881 3494 mortis
903 3459 988 3497 lecto
1012 3458 1222 3497 Contritio··

1257 267 1393 308 pectam.-
1421 265 1513 299 Hinc
1525 267 1613 299 enim
1627 265 1780 299 Clinicos
1793 266 1845 300 seu
1856 268 2137 303 Grabatariosan-

1256 315 1344 359 tiqua
1367 314 1505 349 Ecclesia
1526 316 1651 351 censuit
1673 315 1877 359 irregulares.
1904 319 2132 366 Qodtamen

1255 363 1398 408 ipsorum
1419 365 1685 406 Contritionem‚
1710 365 1898 408 Baptisma,
1923 379 1959 401 ac
1972 368 2134 402 Reconci-

1256 415 1423 449 liationem
1449 424 1517 449 rata
1542 426 1580 451 ac
1607 415 1745 449 formata
1775 415 1861 458 posse
1888 418 1950 450 esse
1975 418 2133 451 censuerit

1254 465 1364 502 eadem
1393 465 1557 506 Ecclesia,
1583 463 1730 501 lucidum
1754 466 1800 501 est
1814 490 1825 507 ,
1846 470 1951 509 'neque
1963 467 2079 510 spectat
2090 467 2132 501 ad

1254 526 1320 552 tem
1343 516 1546 560 praesentem,
2198 540 2204 545 -

1303 565 1346 599 Et
1367 563 1434 602 haec
1459 563 1600 601 Attritio
1614 564 1668 599 seu
1680 564 1861 609 imperfecta
1880 565 2075 606 Contritio,
2096 573 2133 599 ut
2151 555 2263 590 Debet
2296 604 2307 614 ‚

1254 625 1327 649 vera
1338 615 1374 649 sit
1385 638 1397 655 ,
1419 614 1564 648 omnino
1577 615 1640 648 esse
1651 614 1748 649 debet
1763 626 1917 660 germana
1930 641 1939 657 ,
1951 618 1984 650 ὅ(
1999 615 2131 660 quidem
2153 607 2216 639 effe
2243 605 2308 639 Dfl

1252 664 1379 699 adfectu
1393 664 1506 700 saltem
1527 665 1620 708 super
1640 665 1768 705 omnia,
1795 666 1859 700 Dei
1886 661 2132 704 dilestio.'Lu-
2154 656 2246 712 supet

1252 713 1323 749 cide
1336 715 1367 749 id
1379 714 1414 748 in
1426 714 1569 749 secundae
1580 713 1621 749 ad
1648 712 1842 749 Corinthios
1870 717 2020 760 Epistolae
2045 727 2134 750 com·
2152 715 2267 739 ΟΜΝ*

1253 764 1420 800 mentariis
1445 764 1542 799 tradit
1567 765 1694 799 sanstus
1706 765 1850 809 Joannes
1862 765 2130 809 chrysostomus:
2153 755 2308 788 dsseffio·
2339 775 2342 777 *

1252 816 1328 848 Ci'tm
1349 819 1518 857 peccaveris
1531 813 1701 859 ingemisce.
1732 818 1804 847 Non
1813 817 1892 856 quod
1907 825 2013 858 poenas
2038 818 2126 850 datu-
2155 804 2259 839 ΗΘΜ·
2277 813 2310 850 4

1251 877 1304 899 rus
1319 863 1381 906 fis,
1405 863 1483 898 nibil
1491 870 1571 898 enim
1581 865 1631 898 hoc
1644 865 1703 908 est3
1725 864 1783 907 sed
1791 867 1872 907 quod
1882 868 1979 900 Deum
1999 876 2078 899 tuum
2090 866 2136 907 of·

1247 913 1383 956 fenderis
1392 939 1403 955 ,
1425 924 1489 948 tam
1501 914 1658 960 benignum
1669 939 1680 956 ,
1705 924 1769 949 tam
1782 925 1810 948 te
1822 924 1976 949 amantem
1985 937 1995 954 ,
2008 924 2075 948 tam
2085 917 2135 949 de-

1253 970 1342 1008 nique
1348 964 1442 1008 saluti
1456 975 1516 1000 tuae
1526 964 1710 1008 appensum,
1734 974 1769 998 ut
1780 967 1892 998 Filium
1916 976 2026 1008 quoque
2047 963 2136 1008 suum

1253 1023 1306 1048 tua
1314 1016 1409 1058 caussa
1421 1015 1586 1049 tradiderit
1597 1039 1604 1048 .
1617 1015 1824 1058 Conceptam
1837 1026 1881 1049 ex
1889 1026 2058 1059 poenarum
2071 1026 2135 1050 me-

1252 1074 1288 1099 tu
1301 1064 1551 1099 Contritionem
1563 1065 1658 1100 nullo
1668 1066 1759 1109 pasto
1770 1064 1903 1100 damnat
1919 1077 1927 1098 t
1954 1065 2015 1100 Ait
2027 1064 2133 1099 solum

1251 1115 1402 1149 timorem
1430 1115 1578 1150 servilem
1601 1116 1673 1151 hon
1687 1115 1845 1157 sufficere,
1875 1115 1929 1150 sed
1957 1127 2040 1159 opus
2066 1125 2134 1148 om.

1253 1165 1335 1199 nine>
1359 1165 1421 1198 effe
1434 1189 1445 1206 ,
1468 1174 1505 1200 ut
1516 1175 1558 1199 ex
1578 1167 1648 1210 ipso
1670 1166 1876 1209 concipiatur
1887 1164 1972 1201 casta
1984 1166 2133 1206 dilestio,

1251 1214 1314 1259 qua
1327 1213 1438 1248 Deum
1459 1216 1623 1258 optimum
1632 1216 1817 1251 maximum
1831 1240 1842 1256 ‚
1861 1225 2030 1258 tamquam
2050 1216 2136 1249 sum-

1252 1276 1342 1299 mum
1369 1263 1504 1299 Bonum
1529 1266 1563 1299 δε
1591 1265 1733 1309 Iustum,
1760 1264 1936 1308 omnisque
1956 1264 2136 1306 justitia&

1252 1315 1412 1349 bonitatis
1437 1315 1564 1348 fontem
1592 1315 1767 1359 diligamus
1790 1337 1801 1354 ,
1827 1325 1865 1348 ac
1891 1314 1967 1348 ideo
2002 1324 2136 1357 peccata

1254 1366 1359 1399 nostra
1386 1364 1577 1405 oderimus,
1603 1364 1800 1399 detestemur
1823 1388 1834 1404 ‚
1860 1364 1901 1398 de
1926 1363 1998 1408 ipsis
2026 1364 2136 1407 poeni-

1253 1425 1378 1449 teamus
1405 1415 1438 1448 ἀ
1465 1424 1689 1449 conteramur.
1721 1414 1856 1448 Etenim
1882 1414 2068 1458 imperfecta
2093 1424 2136 1448 ex

1253 1474 1343 1499 metu
1369 1473 1527 1507 concepta
1552 1464 1725 1498 Contritio
1749 1464 1795 1498 est
1833 1474 1990 1509 get-mana
2015 1463 2136 1508 species

1254 1517 1387 1558 sumptae
1413 1515 1596 1558 generatim
1612 1538 1623 1555 ‚
1656 1514 1690 1548 δε
1717 1513 1859 1557 superins
1887 1525 1942 1557 pet
1967 1514 2136 1549 sacrosan·-

1253 1567 1336 1598 stam
1365 1563 1540 1607 synodum
1566 1564 1707 1599 definitae
1742 1564 1966 1598 Contritionis
1987 1588 1999 1605 ,
2036 1574 2136 1607 quam

1254 1616 1320 1647 fine
1347 1614 1476 1649 laudata
1502 1613 1659 1648 charitate
1685 1625 1753 1648 non
1781 1615 1868 1657 pofle
1892 1614 1956 1649 esse
1977 1637 1989 1655 ,
2017 1614 2062 1647 est
2088 1613 2138 1648 su·

1255 1665 1308 1706 pra
1336 1663 1466 1697 abunde
1492 1663 1667 1698 ostensum.
1697 1663 1802 1697 Addit
1828 1664 1870 1697 de
1896 1664 1963 1706 ipsa
1992 1664 2137 1698 sanetum

1255 1713 1450 1749 Concilium
1475 1727 1485 1747 .-
1520 1715 1552 1747 si
1578 1716 1765 1748 voluntatem
1786 1715 1934 1754 peccandi
1971 1714 2136 1747 excludat.

1255 1763 1334 1800 Hoc
1359 1765 1405 1798 est
1428 1787 1439 1803 ,
1465 1764 1486 1797 fi
1515 1765 1586 1806 ejus
1603 1790 1613 1804 ,
1640 1764 1658 1797 a
1684 1774 1752 1806 quo
1779 1762 1965 1796 introduRa
1990 1762 2037 1796 est
2059 1786 2070 1803 ,
2098 1762 2138 1797 ti-

1256 1813 1356 1846 moris
1382 1812 1535 1845 excludat
1549 1812 1777 1846 servilitatem.
1803 1812 2036 1846 Exclufionem
2051 1811 2138 1846 hane
2183 1819 2185 1822 “

1257 1863 1360 1897 sancit
1388 1864 1452 1896 elie
1479 1861 1520 1895 de
1531 1863 1760 1897 Contritionis
1784 1860 1937 1896 essentia.
1962 1861 2072 1896 Porro
2085 1872 2140 1896 vo·
2168 1876 2177 1888 ·-
2263 1869 2265 1872 '
2292 1856 2302 1880 ³
2347 1863 2359 1897 ἑ·

1260 1912 1417 1947 luntatem
1446 1913 1499 1945 seu
1535 1911 1746 1948 servilitatern
1790 1909 1886 1946 istam
1909 1910 2043 1946 excludi
2069 1921 2140 1946 non

1257 1963 1344 2006 posse
1358 1986 1368 2002 ,
1397 1960 1455 1995 nifi
1467 1971 1521 2004 per
1532 1973 1662 2003 veram,
1687 1961 1816 1996 adfectu
1829 1961 1942 1995 saltem
1962 1962 2057 2005 super
2067 1971 2141 2000 om,-

1223 2036 1231 2047 ,«
1257 2013 1311 2046 nia
1325 2034 1336 2053 ,
1346 2010 1538 2046 charitatem
1550 2037 1562 2053 ,
1587 2014 1688 2046 etiam
1705 2013 1799 2056 supra
1810 2008 2070 2047 demonstratum
2081 2010 2138 2045 est.

1307 2060 1421 2106 Pergit
1446 2062 1645 2098 sacrosancta
1670 2060 1837 2108 Synodus:
1864 2062 2064 2106 Quamobrem
2067 2061 2140 2103 fal-
2158 2061 2311 2097 Ecclesie'

1257 2114 1290 2145 so
1323 2113 1446 2154 quidam
1482 2114 1704 2147 calumniantur
1741 2112 1916 2146 Catholicae
1953 2114 2139 2155 scriptores,
2157 2112 2250 2146 aliud

1258 2160 1340 2204 quast
1360 2161 1544 2196 tradiderint
1555 2165 1781 2197 Sacramentum
1808 2165 2002 2197 Poenitentiae
2034 2160 2139 2205 absque
2158 2171 2241 2195 nun-

1258 2211 1331 2245 botto
1356 2219 1434 2244 motu
1458 2209 1680 2255 suscipientium
1699 2216 1834 2256 gratiam
1860 2212 2013 2254 conferre.
2048 2212 2142 2256 ‚Quod
2157 2221 2257 2255 quam

1258 2272 1421 2303 numquam
1447 2262 1574 2304 Ecclesta
1602 2265 1659 2296 Dei
1684 2263 1801 2301 docuit,
1828 2271 1879 2295 nec
1899 2261 1987 2303 senfit
2007 2285 2016 2295 .
2051 2260 2140 2306 Agit
2157 2260 2292 2297 docuit.

1257 2310 1410 2345 adversus
1430 2310 1614 2348 Martinam
1640 2311 1846 2351 Lufflerum,
1871 2311 1929 2355 qui
1954 2311 1991 2344 in
2017 2311 2073 2345 sua
2086 2310 2143 2345 ad·

1259 2361 1364 2401 versus
1392 2363 1525 2398 Leonte
1560 2366 1605 2397 Χ.
1628 2361 1802 2397 pontificis
1827 2359 1959 2395 Bullam
1985 2358 2142 2405 apologia

1259 2413 1369 2448 multis
1380 2413 1558 2448 blaterat&
1570 2412 1790 2448 calumniatur
1803 2410 2143 2453 Contritionem‚qu=

1260 2464 1329 2498 solo
1355 2473 1522 2508 poenarum
1549 2464 1686 2503 timore,
1714 2471 1770 2497 aut
1796 2460 1868 2495 solo
1908 2460 2047 2495 naturali
2074 2460 2143 2494 Dei

1260 2524 1370 2548 amore
1394 2514 1520 2548 con-stet
1531 2513 1612 2549 citra
1638 2513 1779 2547 infusam
1806 2522 1844 2544 ac
1869 2508 2143 2553 supernaturalem

1249 2563 1476 2604 charitatem,
1499 2563 1517 2598 a
1545 2563 1644 2598 nobis
1664 2560 1826 2607 praedicari
1854 2560 1902 2594 uti
1928 2559 2142 2594 sufficientem

1258 2611 1570 2649 cumsacramento
1605 2612 1647 2646 ad
1681 2611 1876 2655 justitiam,
1909 2610 1942 2643 ἀ·
1967 2608 2143 2654 adjungit.-

1262 2661 1357 2707 ,Quafi
1372 2662 1403 2705 fi
1422 2662 1558 2696 dixerint
1578 2660 1611 2706 se
1649 2663 1728 2704 loqui
1754 2662 1791 2694 de
1806 2659 1990 2697 contritione
2014 2665 2048 2693 in
2071 2658 2142 2693 cba-

1260 2721 1351 2748 ritate
1369 2711 1482 2755 fabia,
1501 2715 1573 2754 jam
1600 2713 1767 2752 articulus,
1793 2711 1813 2745 a
1837 2709 1954 2745 Leone
1978 2708 2143 2744 Pontifi'oe

1261 2761 1434 2798 damnatus
1447 2786 1459 2804 ‚
1484 2763 1563 2796 nibil
1586 2763 1632 2796 ad
1655 2773 1720 2795 me.
1746 2765 1821 2798 Nm
1843 2763 1923 2794 enim
1947 2769 2082 2802 uinquam
2099 2756 2141 2800 fic

1263 2815 1369 2854 docui,
1393 2815 1483 2847 Md
1509 2818 1565 2856 qui
1590 2821 1622 2846 ut
1647 2822 1746 2845 meum
1771 2811 1931 2849 damnant,
1961 2810 1999 2844 de
2023 2812 2141 2842 contri-

1263 2870 1340 2897 tione
1365 2863 1545 2897 naturali&
1569 2867 1663 2905 impia
1674 2871 1762 2896 extra
1783 2861 1876 2904 fidem
1899 2861 1977 2903 loqui
2002 2870 2051 2893 eos
2061 2866 2142 2900 opor·

1263 2923 1307 2947 tet
1330 2938 1341 2953 ,
1365 2924 1457 2955 quam
1482 2913 1534 2956 effe
1560 2911 1713 2954 hypocrifin
1737 2935 1749 2952 ,
1769 2909 1850 2954 satis
1868 2912 1941 2951 Jam
1975 2920 2012 2942 ex
2049 2907 2141 2941 diets

1263 2963 1390 3004 constare
1412 2970 1494 3004 puto.
1522 2962 1709 2997 Maledictis
1735 2961 1769 2996 δε
1795 2969 1975 2995 contumax
2003 2957 2143 2992 Haereti-

1263 3024 1377 3048 corum
1407 3013 1537 3056 spiritus
1563 3014 1685 3056 semper
1708 3012 1838 3046 accusat
1865 3008 2041 3043 Ecclesiam
2062 3019 2070 3040 :
2107 3005 2141 3041 ei

1265 3062 1405 3107 imponit
1432 3063 1520 3097 foeda
1546 3063 1580 3097 &
1607 3062 1759 3107 probrosa
1783 3060 1962 3104 dogmata,
1988 3059 2056 3102 ipsa
2081 3055 2144 3091 im·

1262 3123 1410 3158 pugnat,
1434 3123 1668 3157 expugnatque
1677 3109 1855 3155 aliquando
1867 3133 1878 3151 ,
1904 3119 2002 3154 atque
2013 3108 2059 3142 ita
2070 3117 2143 3142 non

1261 3164 1303 3198 de
1330 3163 1448 3204 nobis,
1475 3163 1529 3198 sed
1553 3162 1596 3197 de
1620 3162 1684 3197 suis
1708 3159 1915 3195 calumniosis
1941 3157 2144 3204 phantasma-

1262 3213 1349 3247 tibus
1376 3212 1475 3248 stulte
1499 3213 1532 3247 ἀ
1557 3212 1724 3257 nugaciter
1749 3209 1951 3254 triumphat.
1979 3207 2144 3255 Quodip-

1263 3264 1332 3297 sum
1359 3261 1415 3296 hic
1441 3264 1510 3307 egit
1536 3262 1701 3296 Martinus
1712 3258 1896 3300 Lutherus,
1925 3257 2068 3303 ideoque
2078 3266 2144 3291 me·

1264 3312 1327 3347 rito
1354 3314 1384 3347 se
1411 3321 1526 3357 purgat
1553 3311 1718 3352 Ecclesia,
1744 3309 1943 3354 synodaliter
1962 3308 2092 3344 edicens
2109 3306 2143 3339 se

1266 3373 1435 3406 nunquam
1462 3363 1508 3396 ita
1535 3361 1705 3395 credidisse
1730 3369 1786 3394 aut
1811 3360 1984 3396 docuisse.
2013 3359 2143 3398 Semper

1257 3412 1418 3447 ‘defendit
1443 3413 1478 3447 ὅτ
1503 3411 1687 3446 constanter
1723 3411 1831 3446 tenuit
1857 3410 1943 3445 hanc
1967 3406 2065 3441 sensti
2092 3405 2145 3449 Jo-

1269 3462 1365 3499 annis
1392 3460 1547 3509 Apostoli
1576 3460 1769 3499 sententiam
1790 3474 1802 3497 .·
1839 3461 1907 3507 ,Qui
1929 3466 1987 3493 non
2022 3457 2147 3499 diligit·

2061 3518 2124 3542 m-
