2366 3736
1916 115 2005 191 165

205 263 1335 383 ωωεεῂςθεὸσῦωεεκδεῶἳεκεεεκὲιε
1343 318 1607 372 &sebee
1566 321 2032 378 {Reme

15 425 2188 668 SYNODUS

230 711 2037 869 CARTHAGINENSIS

205 958 795 1133 AURELIO
864 960 869 963 -
922 914 1407 1121 ARCHI
1437 951 2045 1123 EPISCOPO

446 1185 992 1264 HABITA
1071 1161 1799 1262 ADVERSUS

308 1303 1942 1404 CELESTIUM*

1086 1484 1094 1490 ·
1158 1467 1247 1506 divi,
1273 1471 1324 1507 qui
1337 1469 1436 1508 utique
1449 1470 1480 1497 in
1491 1464 1616 1510 Ecclesia
1637 1464 1793 1499 Catholica
1813 1466 1958 1506 constituti
1978 1466 2050 1510 sunt

1163 1516 1345 1554 Presbyteri.

1210 1565 1365 1598 Paulinus
1379 1565 1550 1604 Diaconus
1566 1564 1672 1599 dixit.-
1700 1565 1767 1599 Dic
1796 1566 1893 1600 nobis
1914 1569 2052 1602 nomina.

600 1628 671 1651 rum
707 1615 839 1659 plurimi
873 1615 1026 1660 fugerunt
1064 1616 1096 1648 in
1160 1616 1324 1657 ipsorum.
1354 1614 1513 1648 Celestius
1529 1614 1635 1648 dixit:
1663 1617 1791 1654 Sandan
1809 1615 1963 1654 Presbyter
1976 1618 2052 1657 Ruf-

473 1674 514 1750 ,ν
511 1668 538 1687 ‘
598 1667 762 1709 Africam.
792 1665 916 1707 Eadem
928 1665 1098 1708 tempestas
1155 1666 1387 1708 finu1,Remae
1413 1671 1465 1706 qui
1487 1665 1590 1705 mansit
1612 1676 1675 1698 cum
1700 1667 1808 1699 sanc‘lo
1831 1660 2051 1704 Pammachio

599 1715 1026 1760 Pelagium&Celestium‚
1041 1727 1097 1760 gy
1160 1719 1225 1759 Ego
1247 1717 1353 1748 audivi
1377 1716 1462 1748 illum
1487 1716 1631 1759 dicentem
1654 1739 1665 1755 ‚
1699 1723 1774 1758 quia
1798 1719 1914 1750 tradux
1934 1722 2051 1758 peccata·

603 1777 762 1810 rovagos,
788 1765 891 1799 felicis
911 1766 1027 1799 culinae
1053 1768 1096 1799 se·
1159 1777 1216 1802 non
1240 1765 1298 1806 fit.

563 1827 735 1864 quaees,
761 1816 795 1849 &
816 1815 910 1855 multi
921 1826 1035 1849 erroris
1057 1816 1095 1848 se·
1210 1814 1367 1847 Paulinus
1393 1814 1565 1848 Diaconus
1587 1814 1695 1848 dixit:
1725 1815 1779 1848 Est
1793 1815 1912 1858 aliquis
1934 1815 2047 1850 alius?

210 1868 390 1901 minatores
403 1861 683 1909 Monachosinde
696 1866 837 1909 portavit
851 1859 1095 1922 Carthaginem.
1159 1864 1318 1907 Celestius
1342 1863 1426 1896 dixit
1443 1877 1453 1896 .·
1483 1866 1591 1897 Audivi
1619 1867 1653 1897 ὢ·
1671 1866 1775 1906 plures
1798 1867 1910 1898 dicere.
1939 1865 2048 1900 Pauli-

213 1916 345 1950 Effraeni
377 1916 481 1962 magis
501 1915 616 1960 lingua
629 1916 841 1951 blaterantem
865 1915 936 1948 istic
947 1914 986 1948 de
998 1915 1097 1959 origi
1160 1926 1221 1948 nus
1232 1915 1401 1948 Diaconus
1413 1912 1517 1947 dixit:
1545 1914 1612 1947 Dic
1635 1916 1769 1948 nomina
1796 1916 1954 1958 ipsorum.
1984 1916 2049 1950 Ce-

213 1966 279 1998 nali
306 1976 438 2008 peccato
466 1965 643 2000 Celestium
660 1965 818 2002 Paulinus
846 1964 995 1997 Ecclefiae
1022 1964 1096 1997 Car·
1160 1965 1268 1998 lestius
1280 1964 1386 1997 dixit:
1415 1968 1487 2000 Non
1505 1963 1558 1996 tib}
1580 1962 1686 2005 sufficit
1708 1977 1783 1997 unus
1807 1967 1974 1998 Sacerdos?
2003 1967 2049 2000 Et

210 2014 411 2059 rhaginenfis
424 2014 596 2055 Diaconus
609 2014 746 2048 Aurelio
761 2013 923 2059 Episcopo
946 2014 1023 2052 suo,
1050 2023 1096 2046 to·
1158 2013 1229 2056 post
1252 2015 1360 2056 aliqua
1382 2013 1449 2046 alio
1470 2014 1546 2046 loco
1571 2014 1722 2047 Aurelius
1748 2016 1925 2059 Episcopus
1941 2017 2046 2049 dixit:

210 2066 275 2098 tius
289 2065 451 2098 Africanae
464 2064 654 2098 Dioeceseos
682 2063 847 2102 Primati,
874 2062 1013 2103 detulit,
1039 2063 1095 2096 ob·
1157 2061 1411 2104 Reliqualibelli
1426 2063 1592 2108 legantur.
1627 2065 1668 2103 Et
1682 2066 1850 2098 recitatum
1864 2067 1929 2098 est:
1956 2067 2049 2109 ,Quod

210 2115 374 2158 tinuitque
387 2114 568 2157 praesentem
585 2113 767 2147 Provinciae
782 2110 1023 2146 Proconsularis
1037 2113 1096 2153 Sy·
1155 2112 1294 2154 infantes
1306 2135 1316 2151 ,
1340 2118 1391 2155 qui
1419 2111 1575 2158 nascuntur
1592 2138 1602 2153 ,
1629 2119 1662 2146 in
1685 2126 1716 2148 eo
1742 2114 1820 2155 flatu
1838 2115 1898 2156 fint
1911 2139 1921 2155 ‚
1947 2118 1979 2147 in
1992 2127 2047 2158 quo

211 2164 357 2203 nodum,
381 2163 471 2206 cujus
488 2163 552 2197 haec
567 2164 635 2197 sola
659 2163 839 2206 fragmenta
854 2162 981 2200 exstant
1008 2162 1094 2203 apud
1148 2161 1216 2203 fuit
1228 2163 1411 2194 Adamante
1424 2161 1686 2204 transgreffionem.
1717 2164 1835 2208 Usque
1850 2167 1883 2197 in
1896 2166 1995 2198 finem
2010 2166 2047 2199 li·

211 2215 319 2247 Sanffl
343 2213 520 2256 Augustini
547 2212 685 2250 Librum
698 2213 738 2244 de
762 2220 894 2252 peccato
920 2210 1093 2254 originali.
1137 2209 1231 2255 belli
1245 2210 1381 2244 minoris
1394 2211 1534 2254 superius
1550 2213 1657 2245 inserti
1672 2237 1679 2244 .

210 2263 336 2297 Habita
348 2264 411 2302 fuit
421 2272 509 2295 anno
524 2261 844 2304 quadringentefimo
871 2260 1071 2294 duodecimo
1084 2284 1092 2292 .
1204 2261 1357 2294 Aurelius
1371 2261 1550 2304 Episcopus
1563 2262 1668 2295 dixit:
1696 2261 1850 2296 Docuisti
1863 2288 1873 2304 ,
1902 2265 2043 2306 Celeffi,

211 2313 252 2346 Ei
268 2312 470 2357 Augustinus
485 2337 494 2352 ‚
522 2311 636 2355 utpote
649 2310 1004 2344 NumidiaeProvinciae
1019 2310 1092 2353 Epi·
1152 2311 1354 2354 aliquando,
1386 2321 1422 2345 ut
1449 2309 1535 2344 dixit
1560 2311 1732 2346 Diaconus
1755 2313 1936 2354 Paulinus,
1963 2318 2044 2358 quod

209 2363 340 2405 scopu5‚
366 2373 432 2394 non
447 2362 571 2395 adfuit:
602 2360 783 2395 Postmodd
794 2371 904 2395 tamen
918 2360 1091 2401 recensuit,
1150 2360 1307 2404 Infantes,
1334 2366 1387 2403 qui
1408 2359 1587 2403 nascuntur,
1613 2367 1647 2394 in
1669 2373 1699 2395 eo
1717 2362 1799 2402 statu
1815 2363 1877 2403 fint
1892 2388 1902 2403 ,
1928 2371 1960 2397 in
1985 2377 2040 2407 quo

162 2410 173 2414 “
212 2413 245 2446 ἀ
263 2412 506 2456 comprobavit.
1143 2411 1211 2453 fuit
1226 2411 1324 2443 Adam
1334 2419 1403 2443 ante
1425 2410 1705 2455 transgrefflonem?
1732 2413 1890 2446 Paulinus
1917 2415 2038 2448 Diaco-

261 2463 367 2496 Fuiffe
378 2461 449 2495 istic
461 2461 637 2495 Celestium
650 2486 659 2501 ,
684 2462 825 2502 plurimis
841 2459 1090 2503 Episcopisjudi-
1152 2473 1211 2496 nus
1223 2461 1306 2495 dixit
1320 2476 1331 2495 .·
1359 2461 1416 2493 Tu
1432 2473 1512 2505 nega
1527 2461 1590 2494 hoc
1605 2472 1637 2494 te
1653 2463 1795 2495 docuisse
1808 2486 1815 2493 .
1845 2463 1966 2497 Unum
1992 2465 2038 2499 est

212 2512 348 2544 cantibus
370 2535 381 2550 ,
405 2513 557 2552 proditum
580 2534 589 2548 ‚
614 2512 748 2542 auditum
771 2536 781 2551 ‚
808 2511 972 2543 convic‘lum
989 2536 999 2551 ,
1027 2523 1088 2543 con·
1132 2493 1188 2545 lex
1201 2510 1349 2551 duobus,
1375 2520 1431 2543 aut
1443 2522 1538 2554 neget
1551 2512 1580 2543 se
1592 2511 1737 2544 docuisse
1756 2534 1766 2550 ,
1792 2522 1847 2546 aut
1867 2514 1931 2556 jam
1946 2514 2037 2549 dam-

207 2560 317 2604 feffum
330 2584 341 2600 ,
369 2560 596 2602 detestatumque
622 2561 660 2592 ab
674 2559 796 2600 Ecclesia
808 2571 845 2593 ex
859 2560 960 2601 Africa
981 2560 1089 2602 profu·
1150 2561 1301 2600 netistud
1324 2587 1331 2594 .

207 2611 298 2655 giffe‚
325 2609 432 2643 scribit
448 2611 480 2642 in
495 2611 551 2643 suo
564 2609 715 2644 adversus
728 2610 896 2653 Pelagium
910 2611 1090 2654 apologeti-
1198 2611 1357 2645 Celestius
1376 2609 1460 2643 dixit
1491 2623 1501 2642 .·
1522 2613 1605 2654 Jam
1628 2612 1694 2642 dixi
1708 2634 1718 2650 ,
1746 2619 1876 2652 exponat
1896 2616 2035 2656 quomodo

212 2673 255 2693 co
268 2660 350 2693 libro
362 2659 482 2693 Paulus
496 2660 643 2693 Orosius.
674 2660 714 2692 Et
731 2658 796 2694 haec
811 2657 978 2693 adversum
1001 2660 1089 2694 Pela·
1127 2649 1255 2835 'dixin
1284 2666 1358 2693 Ante
1383 2657 1647 2702 transgreffionem.
1677 2660 1835 2696 Paulinus
1862 2665 2034 2699 Diaconus

599 1568 643 1601 est
664 1566 682 1599 a
702 1563 849 1605 Gothis,
875 1566 909 1599 ὅ(
930 1565 1097 1599 Romano·

210 2710 326 2753 gianos
351 2709 396 2743 est
408 2709 548 2742 omnino
576 2710 676 2752 prima
697 2709 847 2751 Synodus
874 2710 907 2744 &
929 2710 1086 2743 Censura.
1148 2713 1252 2745 dixit:
1281 2710 1435 2754 Negaste
1450 2712 1504 2742 illa
1516 2709 1690 2743 docuisse?
1716 2711 1871 2747 Aurelius
1899 2715 2031 2756 Episco-

211 2762 283 2792 Nec
311 2760 344 2793 in
359 2759 515 2793 Carmine
541 2759 581 2796 de
597 2759 734 2803 ingratis
761 2760 943 2792 adversatur
957 2762 1088 2793 sanstus
1148 2772 1204 2804 pus
1217 2760 1322 2793 dixit:
1351 2760 1469 2804 Rogo,
1497 2760 1574 2803 quid
1587 2760 1774 2804 collegerim
1794 2773 1858 2807 ego
1871 2775 1909 2796 ex
1926 2762 2030 2805 hujus-

210 2809 347 2852 Prosper
373 2823 384 2842 :
414 2809 522 2848 Pestem
547 2807 719 2851 subeuntem
743 2815 843 2850 prima
869 2811 972 2841 recidit
999 2812 1087 2843 §edes
1148 2811 1237 2844 modi
1260 2810 1443 2852 objestioue
1459 2834 1467 2841 .
1494 2810 1582 2844 Dico
1604 2835 1614 2850 ‚
1642 2811 1749 2845 Adam
1773 2814 1969 2846 constiturus
1994 2816 2029 2847 iu

211 2862 344 2892 Romana
358 2862 459 2892 Petri.
491 2860 618 2894 Laudat
638 2859 726 2892 enim
739 2858 846 2892 Siricii
873 2858 906 2891 δε
929 2860 1086 2893 Anassasii
1147 2861 1289 2903 paradiso
1301 2856 1315 2901 2*
1339 2860 1426 2903 quod
1439 2860 1649 2894 antedicatur
1674 2862 1963 2897 inexterminabilis
1986 2865 2029 2897 fa-

211 2908 412 2945 Pontificum
427 2912 563 2944 Decreta
580 2921 700 2952 nupera
714 2909 861 2942 adversus
875 2909 1086 2952 Jovinianum
1147 2914 1231 2951 stus,
1245 2911 1351 2954 polle&
1366 2922 1417 2949 per
1430 2911 1708 2954 transgreffionem
1724 2914 1864 2954 prae-cepti
1879 2915 1978 2946 faetus
1991 2914 2027 2948 sit

210 2970 246 2994 ac
260 2960 450 2998 Ruffinum,
481 2959 662 3003 inquibus,
690 2959 736 2992 uti
765 2959 798 2991 in
826 2957 974 2992 Patribus
1001 2960 1088 3001 filii,
1146 2961 1385 3003 corruptibilis.
1413 2961 1492 2993 Hoc
1514 2961 1595 2993 dicis
1618 2961 1712 2993 frater
1731 2960 1895 2996 Pauline?
1922 2963 2028 2996 Pauli-

211 3008 362 3053 Pelagius
386 3009 588 3044 &Celestius
613 3011 701 3044 fuere
712 3008 938 3053 praedamnati.
1148 3023 1205 3044 nus
1221 3013 1386 3044 Diaconus
1410 3013 1520 3050 dixit:
1548 3010 1647 3049 Hoc,
1676 3012 1840 3045 Domine.
1872 3013 2025 3048 Aurelius

1149 3061 1322 3104 Episcopus
1333 3059 1436 3095 dixit:
1458 3062 1563 3094 Status
1575 3061 1659 3093 certe
1672 3061 1844 3095 infantium
1861 3060 1959 3098 bodie
1972 3064 2028 3098 'oa-

269 3108 636 3144 FRAGMENTA
665 3108 900 3146 SYNODA
915 3107 1027 3142 LIA.
1146 3113 1371 3153 ptizandorum
1392 3135 1403 3150 ‚
1430 3110 1537 3144 utrum
1560 3111 1633 3143 talis
1659 3111 1692 3143 fit
1708 3136 1717 3151 ‚
1744 3113 1846 3154 qualis
1862 3115 1924 3146 fuit
1947 3126 2024 3147 ante

366 3203 373 3209 ¹
1145 3162 1418 3206 transgressionem
1433 3160 1533 3197 Adae,
1560 3162 1694 3194 ancerte
1710 3162 1873 3196 decadem
1897 3164 2024 3207 origine

260 3206 414 3240 Aurelius
426 3207 604 3252 Episcopus
627 3210 730 3244 dixit:
758 3209 930 3252 Sequentia
951 3210 1086 3243 reciten·
1144 3213 1287 3254 peccati,
1314 3213 1354 3244 de
1365 3222 1426 3253 qua
1440 3210 1597 3249 nascitur,
1627 3222 1693 3243 trar
1700 3212 1880 3254 sgreffioms
1891 3225 1942 3246 cu
1939 3216 2022 3255 ,am

211 3267 278 3292 tur.
309 3257 529 3293 Etrecitatum
541 3260 607 3294 est:
637 3262 885 3304 ,Quodpeccatum
900 3258 1085 3302 Adaeipsiso-
1143 3260 1246 3305 trahat
1271 3262 1286 3292 ?
1317 3262 1393 3294 Hoc
1419 3259 1484 3293 vult
1513 3260 1672 3294 Paulinus
1699 3262 1869 3296 Diaconos
1892 3264 1974 3295 audi
1970 3273 2021 3295 ze.

210 3309 232 3340 li
244 3306 389 3348 obfuerit,
416 3308 449 3341 (9·
477 3311 795 3354 nongeneribumano.
827 3310 954 3344 Etcum
980 3312 1086 3343 recita·
1139 3309 1298 3345 Paulinus
1310 3312 1477 3344 Diaconus
1489 3309 1591 3343 dixit
1615 3311 1739 3344 Utrum
1756 3313 1867 3346 docuit
1886 3312 2020 3349 i10c‚an

212 3368 283 3390 tum
296 3358 395 3396 esset,
423 3355 695 3394 Celestiusdixit:
724 3365 799 3393 Dixi
821 3361 855 3391 de
875 3361 996 3392 traduce
1014 3368 1085 3401 pec·
1145 3373 1234 3401 non,
1252 3370 1364 3405 neget.
1395 3359 1667 3392 Celestiusdixit:
1688 3365 1818 3405 Jamde
1831 3372 1877 3393 tra
1880 3364 1990 3399 Διεερ
1988 3375 2023 3393 c

213 3412 271 3439 cati
283 3418 328 3440 me
338 3406 458 3439 dubium
474 3410 544 3450 effe3
569 3413 611 3443 ita
621 3419 721 3444 tamen
744 3421 776 3443 ut
798 3415 840 3442 cui
864 3411 990 3443 donavit
1006 3413 1084 3442 Deus
1143 3413 1279 3444 candia-1
1302 3424 1308 3442 ;
1338 3414 1406 3452 quia
1429 3415 1510 3441 intra
1534 3410 1718 3443 Catholicam
1740 3417 1899 3449 consssttuto‘
1922 3415 2022 3451 plures·

210 3462 466 3502 gratiampcrniae
480 3456 676 3502 consentiam,
703 3466 773 3503 quia
783 3457 901 3501 diversa
914 3461 951 3493 ab
972 3465 1013 3493 eis
1036 3472 1074 3493 au
1144 3464 1250 3497 audivi
1275 3459 1440 3501 destrucre,
1467 3471 1516 3496 nec
1542 3473 1599 3494 non
1629 3463 1662 3495 <o-
1687 3463 1758 3494 alios
1785 3463 1909 3501 astrucre
1964 3464 2023 3495 'icet

1895 3523 1973 3552 quae·
