2366 3736
353 180 416 227 70

298 907 357 936 riri
369 908 523 947 contigerit
538 925 549 942 ‚
576 903 595 932 ἃ
606 901 734 933 dominis
742 904 909 941 exigeretur
923 909 932 938 3
954 895 998 938 fin
1018 906 1117 931 autem
1129 905 1167 932 ni·

298 953 344 986 hil
355 953 421 996 esset
434 977 445 993 ‚
473 961 579 987 utrum
593 948 725 991 defundit
736 949 862 985 dextera
878 958 984 981 manus
999 946 1120 993 absciffa
1130 950 1179 984 do-

297 1010 391 1041 minis
401 1001 586 1038 exhiberetur
599 1026 606 1037 ,

348 1053 500 1098 Ejusdem
512 1051 590 1095 juris
602 1062 639 1087 ac
651 1049 813 1085 servitutis
824 1047 1044 1091 meminerunt
1057 1047 1103 1092 pii
1117 1047 1177 1084 Im-

293 1104 452 1147 peratoris
475 1102 640 1140 Ludovici
662 1098 886 1144 capitularia:
914 1097 1092 1140 Ubicumque
1103 1109 1174 1132 com·

248 1174 276 1210 7·-
293 1159 473 1187 mutationes
485 1177 496 1193 ‚
523 1154 665 1196 legItimae
678 1152 711 1185 (π
749 1149 944 1183 rationabiles
970 1157 1061 1190 atque
1081 1147 1169 1183 utiles

292 1202 427 1244 Ecclefiis
446 1205 499 1236 Dei
513 1201 613 1242 fac‘lae
632 1198 725 1243 sunt,
748 1206 950 1242 permaneant
963 1222 973 1238 ,
999 1196 1174 1239 ubicumque

291 1256 362 1288 vero
374 1252 497 1286 inutiles
509 1249 742 1285 &incommodae
753 1271 763 1289 ²
787 1258 877 1291 atque
888 1247 1113 1282 irrationabiles
1121 1246 1175 1288 fa-

291 1305 347 1338 ciae
367 1302 438 1346 sunt
459 1327 469 1342 ‚
496 1300 690 1343 dissolvantur
707 1322 715 1334 ,
756 1302 803 1331 Et
825 1302 952 1339 recipiat
975 1295 1173 1340 unusquisque

291 1355 374 1397 quod
385 1354 470 1388 dedit
482 1376 489 1384 .
516 1350 572 1386 Ubi
584 1353 655 1386 vero
667 1356 781 1383 mortua
792 1359 900 1382 manus
913 1349 1070 1388 interjacet
1082 1370 1092 1386 ,
1118 1356 1172 1382 aut

290 1406 353 1437 alia
362 1402 499 1446 quaelibet
510 1399 597 1443 causa
608 1425 618 1441 ‚
645 1411 712 1443 quae
723 1398 911 1433 rationabilis
923 1397 974 1439 effe
986 1397 1131 1431 videatur
1156 1421 1168 1438 ,

290 1461 465 1488 interventa
468 1451 568 1494 fuerit
579 1475 590 1491 ‚
617 1452 778 1493 diligenter
793 1447 997 1494 describatur,
1026 1450 1059 1485 ὀ·
1072 1448 1115 1480 ad
1128 1458 1175 1479 no-

285 1505 379 1546 stram
402 1507 539 1536 notitiam
550 1501 705 1545 deferatur
718 1525 725 1532 .
753 1499 816 1535 Per
837 1496 1082 1540 interjacentem
1111 1508 1174 1532 ma-

289 1566 371 1591 num
394 1563 557 1590 mortuam
580 1549 723 1587 omnino
746 1548 950 1593 intelligitur
972 1545 1173 1591 jamdictum

289 1604 512 1649 Regiumjus.
542 1603 589 1638 lta
600 1601 642 1636 de
665 1600 755 1635 fastis
777 1600 818 1633 ad
845 1598 912 1633 Dei
936 1598 1024 1632 casas
1046 1596 1172 1639 injustis

289 1652 609 1690 commutationibus
625 1650 723 1686 habet
735 1649 849 1685 Caroli
865 1647 962 1683 Calvi
987 1646 1173 1682 admonitio

287 1705 377 1749 apud
390 1703 493 1737 Pistas
509 1715 517 1735 t
544 1705 576 1737 Si
586 1711 702 1736 mortua
723 1711 830 1734 manus
854 1699 906 1732 vel
917 1705 1100 1740 praeceptum
1114 1701 1172 1732 Re-

286 1762 372 1800 gium
387 1753 478 1797 super
498 1758 538 1787 eis
558 1754 719 1794 interjacet
737 1775 749 1792 ‚
773 1748 953 1793 discutiatur
978 1748 1136 1791 diligenter
1162 1772 1174 1791 ‚

288 1807 419 1847 qualiter
430 1803 528 1845 facYae
545 1801 606 1844 fint
623 1828 630 1836 .
660 1802 703 1836 Et
727 1800 876 1844 Philippi
902 1797 1046 1843 Augusti
1070 1798 1173 1843 Regis

286 1856 448 1897 Diploma
463 1853 582 1887 habet:
608 1857 716 1894 Neque
727 1864 781 1885 nos
795 1875 805 1890 ,
832 1860 925 1892 neque
935 1849 1014 1881 alius
1023 1845 1113 1891 super
1126 1847 1173 1883 ho·

288 1910 400 1939 minem
412 1906 448 1937 de
458 1908 623 1936 communia
636 1910 784 1935 mortuam
796 1911 917 1933 manum
942 1897 1136 1933 clamabimus
1163 1922 1170 1929 .

287 1956 373 1989 Haec
397 1953 605 1989 consuetudo
627 1952 755 1987 videtur
778 1949 986 1987 obstrinxisse
1008 1946 1094 1984 solos
1116 1949 1172 1982 ser·

288 2017 368 2045 vos,
395 2004 552 2043 libertos,
579 2002 758 2045 adscriptos
772 2001 812 2036 ad
827 1999 956 2043 glebam
976 2021 988 2040 ‚
1014 2007 1069 2032 aut
1091 1998 1174 2031 alios

287 2055 482 2098 Principum
496 2052 762 2088 conditionarios
779 2075 785 2082 .
812 2048 942 2083 Servilis
966 2046 1174 2081 conditionis

288 2106 413 2140 solutio
427 2106 547 2147 semper
560 2103 621 2137 fuit
634 2100 794 2144 appellata
808 2095 1016 2132 manumiffio
1029 2119 1040 2135 ,
1066 2095 1173 2130 miffio

291 2165 384 2190 extra
396 2154 523 2187 domini
539 2152 730 2195 potestatem
748 2174 754 2180 .
786 2147 886 2191 Apud
909 2148 1054 2180 Francos
1075 2146 1172 2179 fiebat

293 2216 371 2239 cum
383 2214 482 2237 onere
496 2203 587 2236 istius
610 2199 768 2236 Beneficii
794 2196 995 2243 agnoscendi
1017 2207 1054 2231 ac
1077 2197 1172 2239 profi-

294 2254 390 2289 tendi
410 2254 509 2287 etiam
522 2252 591 2296 post
612 2260 750 2285 mortem
766 2274 773 2281 .
800 2250 880 2282 Hoc
892 2256 960 2281 erat
971 2246 1066 2289 jus&
1091 2245 1169 2280 obli-

294 2304 388 2350 gatio
400 2314 514 2336 manus
538 2312 689 2336 mortuae.
720 2298 774 2333 An
788 2300 854 2342 jam
875 2296 960 2330 dista
986 2306 1102 2329 manus
1119 2295 1174 2330 ab·

294 2355 402 2388 sciffio
414 2353 535 2396 ubique
555 2351 716 2395 viguerit,
746 2361 816 2383 non
841 2346 953 2392 poffim
977 2345 1134 2381 affirmate
1166 2370 1173 2378 .

296 2402 469 2451 Qidquid
482 2403 538 2444 fit,
567 2413 632 2436 erat
645 2399 783 2435 crudelis
797 2398 970 2433 barbaries.

349 2455 462 2487 Altera
483 2463 620 2488 mortuae
630 2462 745 2487 manus
761 2449 876 2492 species
889 2448 963 2483 sunt
987 2445 1135 2480 Ecclefiae
1161 2469 1172 2486 ,

297 2504 524 2542 Monasseria‚
551 2500 788 2540 xenodochia,
819 2499 946 2543 aliaque
959 2497 991 2530 id
1002 2506 1106 2540 genus
1119 2496 1172 2539 pia

298 2555 392 2587 loca:
420 2552 453 2584 in
463 2553 577 2586 ordine
595 2553 636 2586 ad
661 2549 872 2594 acquirendas
892 2547 945 2582 vel
969 2545 1174 2591 poffidendas

300 2602 494 2646 temporales
507 2602 711 2645 poffeffiones
722 2626 729 2633 .
757 2599 908 2646 Qidatn
920 2598 1000 2631 dant
1012 2596 1098 2630 hanc
1112 2607 1171 2630 no-

300 2652 519 2688 men-claturae
530 2651 690 2685 rationem
704 2663 711 2682 :
742 2652 819 2682 Sicut
828 2648 920 2691 semel
929 2657 1058 2685 mortuus
1074 2647 1171 2679 denuo-

122 1113 195 1153 Lib.
209 1125 240 1161 ς.

120 1178 136 1199 (
141 1178 187 1214 3²va

300 2715 361 2737 non
372 2706 515 2741 moritur,
542 2707 587 2734 ita
611 2709 719 2742 quoque
742 2707 843 2739 corpus
864 2696 1025 2739 ejusmodi,
1061 2695 1176 2738 etiamst

297 2764 400 2787 omnes
411 2749 567 2794 personae,
593 2749 750 2793 exquibus
771 2746 896 2786 constat,
922 2747 1007 2780 rebus
1031 2745 1172 2779 humanis
1205 2787 1209 2795 „

299 2809 496 2841 eximantur,
523 2803 722 2835 &mutentur
739 2822 750 2839 ‚
776 2803 963 2831 immutatum
980 2805 1137 2838 permanet
1165 2821 1174 2829 .

303 2853 427 2885 Verum
439 2850 484 2885 ob
497 2850 582 2887 hanc
596 2852 756 2884 rationem
774 2847 838 2880 tale
848 2857 964 2888 corpus
981 2846 1108 2879 deberet
1123 2859 1173 2889 po·

303 2902 367 2935 tius
382 2901 533 2944 appellari
547 2912 664 2935 manus
673 2899 745 2932 viva
757 2923 764 2932 .
792 2898 885 2932 Hinc
908 2896 941 2930 in
956 2896 1116 2930 Trastatu
1135 2897 1175 2930 de

303 2952 466 2985 bonorum
477 2952 721 2986 amortisatione
733 2949 846 2982 Petrus
858 2944 1000 2980 Peckius
1014 2945 1068 2978 dat
1079 2944 1174 2978 aliam

302 3001 453 3035 vocabuli
466 3003 616 3039 causam:
643 2999 721 3034 Mihi
736 2997 814 3042 jan&
833 2994 933 3039 visum
951 2993 1139 3038 semperfuc't
1163 3021 1173 3036 ‚

302 3053 365 3084 ideo
380 3062 499 3083 manum
512 3062 659 3085 mortuam
670 3051 729 3083 dici
741 3074 751 3090 ‚
779 3048 858 3090 quod
865 3045 1108 3088 quemadmodum
1119 3058 1174 3076 mo-

300 3107 407 3135 rientis
419 3100 544 3133 bominis
568 3111 673 3133 manus
687 3101 741 3139 id,
767 3099 847 3140 quod
867 3094 1104 3138 comprehendit,
1127 3094 1173 3134 fir·

301 3151 417 3191 mtffimr.³
436 3149 593 3192 conclusum
615 3159 694 3182 tenet
709 3173 719 3190 ,
745 3159 835 3189 neque
845 3147 941 3188 facile
965 3150 1113 3185 remittit,
1134 3144 1174 3186 fic

300 3208 391 3236 etiam
401 3201 551 3243 quidquid
569 3198 697 3240 Ecclesia
712 3223 723 3238 ,
744 3196 795 3241 seu
807 3207 907 3239 corpus
919 3194 1075 3238 istiusmodi
1084 3193 1176 3236 semel

299 3256 448 3294 acquirit,
475 3252 509 3284 ὦ·
533 3255 566 3283 in
591 3259 715 3281 manum
737 3273 749 3289 ‚
776 3247 825 3280 boc
844 3247 880 3286 est
904 3271 914 3286 ‚
939 3250 971 3278 in
1002 3244 1174 3286 potestatem

296 3300 383 3343 suam
394 3306 499 3342 accipit
510 3324 522 3340 ,
547 3298 663 3341 nonnisi
670 3309 779 3342 magna
801 3308 865 3331 cum
877 3295 1046 3337 difficultate
1073 3297 1106 3330 Θ
1121 3294 1173 3338 sb-

301 3352 456 3384 lemnitate
466 3356 498 3383 in
510 3360 658 3384 commune
669 3347 818 3380 bominum
831 3352 1032 3380 commercium
1049 3344 1109 3387 post
1128 3347 1174 3377 de-

302 3401 373 3435 iude
399 3405 544 3441 remittit,
569 3397 631 3443 sed
659 3398 868 3431 accumulando
887 3394 1043 3438 conservat
1074 3419 1080 3426 .
1105 3395 1173 3428 Alii

304 3459 438 3484 manum
452 3460 614 3485 mortuam
626 3449 658 3483 ὃ(
668 3449 775 3483 vivam
788 3447 976 3481 discernunt
991 3457 1034 3480 ex
1054 3445 1176 3479 idonei—

301 3508 367 3536 tate
376 3498 637 3544 apprehendendi
648 3510 686 3536 ac
705 3497 871 3535 retinendi
889 3495 1082 3541 temporales
1104 3496 1173 3542 pos·

124 3005 208 3048 Cap.
224 3013 258 3039 2-

905 161 1539 217 Dissolvi-*Ario

316 260 414 288 tram.
445 254 639 296 ,Quapropter
652 246 815 292 Episcopus
829 247 879 289 iste
893 273 904 289 ‚
929 247 1063 292 annosui
1085 252 1195 288 Ponti·

312 303 423 347 ficetur
446 311 534 339 tertio
546 325 557 341 ,
578 307 696 342 primus
719 304 857 345 omnium*
875 305 955 334 inter
970 301 1193 344 praedeceffores

309 353 379 397 suos
383 355 452 394 juri
460 353 514 395 suo
526 351 577 385 vel
582 349 729 393 servituti
738 373 749 390 ,
779 361 847 391 quae
861 350 968 382 dicitur
994 360 1112 385 mortua
1132 363 1192 385 ma-

139 402 289 451 Ani1123.
313 395 390 442 mn,⁴
416 414 481 445 quae
504 398 600 433 adbuc
618 403 651 431 in
671 398 847 443 quibusdam
866 399 1011 441 partibus
1033 399 1192 434 exhibetur

316 456 445 487 dominis
462 449 706 491 temporalibus&
723 447 786 492 suis
804 448 959 492 subditis,
982 460 1019 484 ex
1038 448 1190 492 super-af-

308 503 432 546 fluentia
445 498 655 542 misericordiae
660 498 715 540 fibi
726 505 842 534 innata
851 522 862 538 ‚
886 505 918 533 in
933 507 996 532 tota
1012 509 1096 533 terra
1108 502 1190 542 Epi-

306 552 448 595 scopatus
462 549 628 591 Leodienfis
641 556 831 586 renuntiavit
841 574 853 590 ,
874 550 908 582 (5
930 549 1008 583 banc
1028 549 1188 590 abufionem

308 602 427 640 abstulit
440 626 447 632 .
475 602 556 644 ,Quae
566 601 686 641 quidem
691 598 825 643 servitus
838 600 998 633 conditioni
1010 598 1149 633 bumanae
1175 622 1186 642 ,

305 661 396 693 quam
407 650 531 683 liberam
543 657 575 683 in
588 651 709 688 exordio
718 652 795 684 Deus
807 649 940 685 condidit
952 671 962 687 ,
983 650 1106 689 penitus
1129 651 1183 683 ad-

306 702 446 745 versatur
459 726 466 732 .
495 704 532 734 In
544 712 579 734 ea
589 702 660 735 verti
672 699 894 741 confistebatjus
905 722 916 738 ,
943 707 976 731 ut
989 700 1186 740 quandocum-

303 762 360 794 que
372 753 484 794 aliquis
492 750 733 792 pater-familias
746 774 756 790 ,
782 754 832 792 qui
844 747 920 784 banc
944 747 1070 782 debebat
1087 747 1185 791 servi-

301 810 395 837 tutem
409 826 420 842 ,
447 810 610 837 moreretur
623 824 634 841 ,
661 798 816 845 insignum
833 795 996 840 servitutis
1015 805 1183 839 praeteritae

302 860 447 894 optimum
454 857 566 896 pignus
581 852 634 886 vel
640 851 735 891 jocale
749 873 760 889 ‚
770 862 774 866 ·
784 847 862 889 quod
871 853 902 878 in
913 846 1001 888 ipfius
1012 848 1095 883 domo
1104 858 1182 891 repe-

1254 251 1416 287 seffiones.
1449 243 1627 293 Ecclesias,
1654 249 1854 287 Monasseria
1876 251 1887 294 j
1923 253 2051 301 aliaque
2088 255 2127 292 'id

1252 313 1356 346 genus
1381 304 1465 335 sacra
1488 313 1646 345 corpora,
1674 301 1806 346 quidam
1826 302 1936 347 Reges
1947 307 1987 340 ad
2002 307 2126 342 distem

1251 351 1540 395 apprehensionem
1553 352 1588 389 ἀ
1598 353 1814 386 retentionem
1835 353 1982 389 fecerunt
1997 356 2127 401 incapa-

1250 402 1299 435 cia
1314 425 1324 442 ,
1363 413 1460 446 atque
1483 402 1527 436 ita
1565 402 1815 445 quodammodo
1850 404 2090 442 mortificarunt
2113 431 2122 442 .

1249 450 1344 487 Hinc
1356 453 1420 487 dici
1432 461 1726 495 coeperuntmanus
1751 463 1880 487 mortua
1892 477 1901 486 .
1927 452 2010 489 Haec
2031 455 2127 500 ethy-

1248 501 1394 547 mologia
1418 511 1548 546 apparet
1569 501 1675 536 verior
1686 527 1694 536 .
1720 503 1894 549 Qidquid
1918 504 1955 537 sit
1965 527 1976 543 ,
2011 516 2126 541 omnes

1247 562 1313 585 rem
1325 552 1543 597 intelligimus
1553 565 1564 587 .-
1592 562 1705 595 parum
1718 553 1762 585 est
1775 552 1816 586 de
1831 554 1967 588 nomine
1979 579 1986 587 .
2013 553 2127 588 Petrus

1248 601 1388 638 Peckius
1413 603 1648 646 consequenter
1676 601 1772 635 nobis
1810 605 1948 646 exponit
1972 614 2125 638 naturam

1247 652 1523 695 amortisationis:
1551 652 1811 695 ‚Quemadmodum
1821 653 1860 685 lis
1872 663 1987 686 mortua
2004 656 2125 695 dicitur,

1245 713 1313 744 quae
1325 708 1357 735 in
1370 701 1579 745 disceptatione
1594 703 1741 743 judiciali
1761 703 1812 744 effe
1826 701 1907 744 defiit
1921 728 1932 744 ,
1959 703 2123 738 Monachus

1244 761 1377 786 mortuus
1391 776 1403 793 ‚
1428 757 1480 796 qui
1489 758 1634 786 communi
1650 751 1799 784 bominum
1811 750 2012 795 consuetudini
2022 766 2123 788 exem-

1239 810 1315 843 ptus
1325 802 1363 842 est
1378 827 1389 844 ‚
1413 808 1682 837 excommunicatus
1695 803 1729 836 Θ·
1754 803 1929 844 deportatus
1953 813 2085 839 mortuus
2110 829 2122 846 ,

1242 858 1315 894 quia
1337 854 1358 886 ἃ
1375 862 1451 887 coetu
1462 852 1676 895 &frequentia
1695 852 1845 884 bominum
1855 854 2021 887 excluditur
2035 878 2045 893 ,
2070 866 2122 888 ex-

1243 901 1417 937 haeredatus
1430 913 1561 936 mortuus
1572 927 1583 943 ‚
1612 909 1664 945 qui
1674 909 1753 935 inter
1771 902 1908 935 baeredes
1921 904 2049 944 amplius
2064 916 2121 937 non

1240 951 1278 991 est
1292 976 1303 991 ,
1330 952 1367 985 ab
1387 951 1516 994 hostibus
1529 961 1636 995 captus
1650 975 1660 991 ,
1688 959 1741 994 qui
1751 957 1827 985 inter
1839 957 1933 986 Cives
1945 955 1995 996 effe
2006 965 2063 986 non
2070 962 2122 994 po·

1240 1001 1291 1041 test
1299 1014 1314 1043 ;
1346 1003 1445 1036 eodem
1458 1015 1570 1045 quoque
1580 1004 1664 1036 modo
1674 1013 1739 1036 eam
1750 1013 1812 1035 rem
1831 1012 1979 1036 mortuam
2003 1015 2059 1035 non
2072 1004 2123 1035 ab·

1234 1049 1328 1093 surde*
1353 1053 1411 1085 dici
1429 1054 1560 1093 existimo
1572 1077 1584 1093 ,
1609 1064 1676 1094 quae
1687 1054 1825 1095 amplius·
1837 1054 1875 1086 de
1892 1065 1954 1087 una
1976 1065 2066 1086 manu
2087 1058 2121 1087 in

1240 1102 1369 1134 alteram
1377 1113 1497 1138 manum
1509 1108 1679 1137 viventium
1687 1114 1744 1135 non
1770 1101 1897 1146 tranfit,
1921 1101 1980 1146 fid
1999 1114 2122 1136 commu·

1239 1157 1322 1184 muni
1336 1150 1490 1186 bominum
1501 1159 1664 1187 commercio
1675 1159 1829 1186 eximitur.
1859 1151 2031 1197 cujusmodi
2047 1152 2121 1196 sunt

1239 1199 1302 1234 baec
1315 1201 1391 1235 bona
1403 1226 1414 1241 ,
1439 1213 1506 1244 quae
1517 1205 1642 1236 diclmus
1654 1202 1829 1245 amortisata
1838 1227 1845 1235 .
1877 1207 1965 1236 Nam
1975 1205 2010 1240 δ’
2023 1209 2065 1238 in
2082 1203 2121 1245 fi·

1239 1251 1302 1283 mili
1317 1250 1460 1292 Accurfius
1473 1254 1508 1284 id
1517 1262 1662 1286 mortuum
1684 1254 1743 1286 dici
1761 1261 1873 1294 putat,
1898 1265 1936 1287 ese
1959 1265 2016 1297 quo
2038 1265 2123 1286 nemo

1238 1300 1272 1341 fit
1281 1301 1447 1343 locupletior
1460 1326 1467 1334 .
1495 1306 1546 1335 Ita
1559 1312 1668 1343 quoque
1678 1313 1714 1337 ea
1737 1302 1812 1334 bona
1838 1302 2002 1335 immobilia
2014 1325 2026 1342 ,
2051 1314 2119 1343 quae

1240 1353 1389 1393 Principis
1412 1350 1594 1385 authoritate
1613 1357 1644 1383 itt
1665 1362 1786 1384 manum
1807 1359 1958 1383 mortuam
1984 1350 2121 1392 transfe-

1242 1411 1351 1436 runtur
1364 1425 1375 1441 ‚
1401 1401 1434 1434 Θ
1443 1409 1498 1443 per
1512 1400 1563 1433 hoc
1574 1400 1723 1433 bominum
1738 1406 1903 1433 commercio
1912 1402 1947 1433 δ’
1969 1402 2119 1434 alienatio·

1244 1457 1291 1484 nis
1317 1452 1480 1484 conditione
1517 1456 1710 1491 eximuntur,
1740 1449 1829 1484 ducta
1854 1451 1874 1482 ἃ
1896 1449 1993 1483 Gallis
2013 1462 2080 1486 voce
2107 1476 2118 1492 ‚

1238 1499 1406 1543 amortisari
1419 1502 1509 1544 vulgo
1528 1502 1654 1533 dicimus
1665 1524 1672 1533 .
2111 1538 2115 1542 ⁴

1288 1550 1436 1598 Qa’ssio
1450 1550 1494 1584 est
1509 1575 1518 1590 ‚
1545 1551 1706 1597 Qaenam
1721 1550 1757 1583 fit
1771 1548 1871 1593 prima
1890 1547 1984 1593 hujus
2007 1550 2122 1584 morti·

1240 1601 1405 1636 ficationis
1417 1600 1512 1644 origo
1526 1600 1542 1632 ἓ
1568 1600 1682 1634 Petrus
1694 1599 1834 1635 Peckius
1846 1600 1879 1634 in
1893 1601 2022 1642 praefato
2036 1601 2118 1634 Tra·

1238 1654 1322 1686 statu
1336 1651 1526 1693 respondet:
1556 1648 1717 1692 Ejusmodi
1730 1651 1895 1693 Legesjam
1906 1649 1985 1684 ind?
2004 1652 2024 1682 ἆ
2049 1651 2122 1683 mul-

1239 1708 1279 1734 tis
1290 1701 1409 1746 saeculis
1421 1707 1453 1733 in
1465 1701 1576 1740 Italia,
1603 1698 1727 1742 locisque
1750 1701 1818 1733 aliis
1836 1703 1969 1733 Romano
1990 1703 2121 1741 Imperio

1236 1750 1368 1795 subditis
1386 1750 1506 1797 viguiffe
1518 1774 1530 1790 ,
1554 1751 1619 1784 cum
1630 1751 1731 1785 Divus
1745 1754 1935 1789 Hieronjmus
1949 1755 1982 1782 in
2004 1749 2121 1791 Episto-

1239 1803 1269 1836 la
1280 1802 1323 1836 ad
1333 1802 1539 1843 Nepotianum
1553 1824 1562 1840 ,
1590 1809 1653 1835 tum
1664 1803 1766 1834 Divus
1778 1799 1940 1842 Ambrosius
1964 1801 2120 1834 evidenter

1238 1852 1404 1892 ostendunt.
1435 1853 1616 1886 Atcertum
1644 1850 1690 1885 est
1713 1850 1878 1885 eruditum
1901 1850 1935 1883 in
1959 1849 2119 1885 Romano

1239 1914 1276 1937 ac
1288 1902 1424 1947 Belgico
1436 1902 1504 1944 jure
1519 1902 1623 1936 virum
1637 1901 1721 1935 labi.
1750 1900 1940 1934 Audiamus
1952 1900 2120 1942 utriusque

1240 1953 1345 1987 Patris
1359 1951 1452 1985 verba
1466 1976 1472 1983 .
1508 1953 1642 1986 Sanetus
1666 1950 1858 1985 Ambrofius
1876 1949 1943 1986 haec
1956 1948 2063 1984 scribit
2077 1949 2119 1983 ad
2135 1950 2137 1952 '

1241 2003 1472 2043 Imperatorem
1490 2000 1765 2035 Valentinianum
1777 2000 1802 2032 1.
1828 1999 1925 2033 Nobis
1942 2005 2035 2033 etiam
2054 2004 2118 2040 pri·
2134 2003 2208 2040 Lib,
2236 2015 2292 2044 12-

1239 2061 1324 2084 vatae
1332 2048 1357 2092 s
1351 2050 1507 2089 ucceffionis
1519 2051 1714 2097 emolumenta
1728 2048 1897 2082 recentibus
1907 2049 2018 2093 legibus
2029 2050 2105 2083 dene
2134 2056 2195 2101 ΕΡ,
2210 2064 2265 2092 12,

1234 2109 1350 2144 gantur
1368 2124 1379 2140 ,
1404 2101 1437 2132 (ν
1454 2111 1536 2132 nemo
1546 2104 1752 2141 conqueritur.
1782 2103 1856 2132 Non
1879 2103 1958 2132 enim
1973 2095 2118 2142 putamus

1239 2152 1383 2191 injuriam
1400 2173 1412 2191 ,
1437 2155 1506 2192 quia
1518 2147 1706 2192 dispendium
1719 2160 1777 2183 non
1799 2149 1930 2182 dolemus
1941 2174 1948 2181 .
1978 2150 2116 2183 Scribun-

1239 2210 1288 2234 tur
1300 2199 1475 2239 testamenta
1499 2202 1672 2240 templorum
1695 2197 1862 2238 ministris,
1889 2200 1988 2231 nullus
2009 2205 2120 2240 excipi-

1239 2258 1286 2284 tur
1293 2249 1441 2292 profanus
1452 2274 1463 2290 ‚
1489 2250 1587 2282 nullus
1600 2249 1716 2281 ultimae
1726 2249 1903 2280 conditionis
1913 2272 1924 2288 ,
1945 2248 2118 2290 nulluspro-

1239 2302 1326 2346 digus
1340 2300 1550 2340 verecundiae3
1573 2297 1628 2340 soli
1640 2308 1678 2331 ex
1690 2297 1824 2331 omnibus
1839 2299 1954 2330 clerico
1968 2309 2117 2331 commune

1235 2353 1288 2392 jus
1300 2351 1450 2382 clauditur
1463 2371 1474 2388 ,
1499 2350 1518 2380 ei
1534 2360 1590 2390 quo
1596 2345 1654 2391 solo
1662 2356 1718 2389 pro
1731 2346 1863 2381 omnibus
1876 2356 1980 2381 votum
1992 2359 2118 2381 commu-

1240 2398 1445 2443 nesuscipitur
1457 2423 1468 2438 ,
1493 2399 1612 2441 officium
1623 2408 1773 2434 commune
1795 2396 1947 2437 defertur:
1976 2399 2058 2431 nulla
2079 2399 2118 2431 le-

1234 2459 1311 2493 gata
1323 2450 1375 2482 vel
1378 2454 1523 2494 gravium
1535 2450 1697 2482 viduarum
1709 2472 1720 2486 ‚
1746 2446 1827 2481 nulla
1838 2448 1959 2482 donatio
1972 2473 1979 2480 .
2006 2451 2050 2480 Et
2065 2449 2115 2480 ubi

1238 2507 1270 2532 in
1280 2499 1409 2532 moribus
1421 2499 1507 2540 culpa
1520 2508 1576 2531 non
1586 2497 1934 2540 deprehenditur‚tamen
1946 2498 2030 2539 officio
2041 2498 2118 2530 mul-

1239 2546 1497 2591 Hapraescribitur
1511 2571 1520 2580 .
1545 2549 1641 2591 ,Quod
1651 2548 1851 2582 Sacerdotibus
1867 2551 1951 2581 Fam·
1965 2549 2115 2591 legaverit

1238 2598 1411 2640 christiana
1421 2599 1517 2631 vidua
1527 2623 1538 2639 ,
1564 2599 1647 2631 valet
1660 2623 1668 2631 .
1696 2599 1793 2641 ,Quod
1803 2609 1853 2640 ego
1864 2609 1922 2630 non
1929 2607 1963 2630 ut
1972 2609 2081 2641 querar
2103 2620 2117 2637 ,

1233 2647 1289 2692 sed
1296 2658 1329 2682 ut
1336 2646 1437 2692 sciant
1450 2650 1532 2690 quod
1543 2660 1599 2681 non
1621 2658 1729 2690 querar
1740 2672 1752 2688 ,
1777 2646 2002 2690 comprehendi.
2030 2648 2116 2680 Mala

1238 2704 1317 2733 enim
1328 2709 1380 2731 nos
1398 2704 1523 2740 pecunia
1543 2704 1670 2732 minores
1695 2698 1772 2741 effe,
1798 2698 1890 2739 quam
1904 2703 2026 2739 gratia.
2057 2696 2118 2729 Sed

1238 2749 1397 2791 referunt,
1425 2759 1480 2788 ea,
1503 2759 1569 2790 quae
1582 2748 1634 2781 vel
1642 2749 1754 2780 donata
1777 2748 1827 2780 vel
1842 2746 1946 2779 relibla
1964 2744 2037 2788 sunt
2056 2749 2114 2777 Ec-

1238 2798 1325 2840 clefiae
1340 2823 1349 2838 ‚
1378 2810 1435 2830 non
1457 2800 1507 2841 effe
1528 2806 1674 2831 temerata
1692 2822 1699 2829 .
1726 2796 1860 2830 Sanstus
1882 2797 2115 2837 Hieronymus

1241 2849 1468 2893 Nepotianum
1481 2847 1646 2882 Clericum
1659 2846 1839 2891 gravisfime
1857 2844 2050 2891 dehortatur
2072 2844 2115 2880 ab

1238 2899 1332 2933 omni
1346 2908 1420 2931 cum
1433 2898 1624 2934 mulieribus
1636 2921 1646 2936 ,
1674 2897 1776 2931 Sacris
1798 2896 1991 2939 praefertim,
2017 2895 2112 2930 fami-

1240 2949 1398 2988 liaritate,
1425 2958 1522 2989 atque
1544 2947 1715 2991 adjungit:
1745 2947 1843 2978 Pudet
1865 2947 1961 2979 dicere
1979 2969 1990 2985 ‚
2017 2946 2114 2978 sacer-
2131 2935 2189 2980 EP-
2203 2938 2239 2974 2·v

1239 3000 1320 3033 dotes
1333 2998 1475 3030 idolorum
1486 3020 1497 3036 ,
1524 3003 1607 3030 mimi
1618 3021 1629 3037 ,
1655 2998 1688 3030 (5
1699 3001 1812 3039 aurigae
1824 3019 1836 3035 ,
1861 2996 1894 3029 (5
1902 2995 2001 3038 scorta
2022 2994 2115 3028 haere-

1239 3049 1350 3081 ditates
1360 3054 1481 3088 capiunt
1491 3070 1501 3086 ‚
1521 3046 1593 3090 [οἴη
1613 3047 1735 3080 Clericis
1749 3047 1783 3079 &⁶
1796 3045 1950 3077 Monacbis
1960 3044 2011 3077 hoc
2035 3047 2114 3088 Lege

1235 3097 1404 3140 prohibetur
1414 3123 1422 3130 .
1450 3101 1496 3129 Et
1504 3097 1676 3138 prohibetur
1689 3107 1744 3128 non
1756 3097 1776 3127 ἂ
1790 3093 2022 3137 persecutoribus
2036 3118 2048 3134 ,
2057 3095 2117 3137 sed

1239 3152 1258 3180 ᾶ
1272 3147 1461 3189 Principibus
1484 3146 1682 3187 christianis.
1712 3149 1781 3178 Nec
1791 3147 1827 3180 de
1848 3147 1909 3189 lege
1921 3155 2074 3186 conqueror
2102 3168 2115 3185 ‚

1233 3197 1290 3242 sed
1300 3199 1381 3231 doleo
1399 3208 1449 3230 cur
1474 3202 1667 3231 meruerimus
1682 3194 1759 3228 banc
1785 3198 1909 3238 Legem.
1937 3199 2114 3229 Cauterium

1239 3249 1343 3280 bonum
1355 3246 1392 3286 est
1404 3271 1414 3286 ‚
1436 3245 1553 3288 sedquo
1565 3246 1638 3278 mibi
1650 3245 1760 3278 winus
1775 3269 1785 3285 ,
1810 3255 1844 3278 ut
1856 3246 2007 3288 indigeam
2015 3254 2113 3278 caute-

1237 3304 1279 3332 rio
1289 3298 1304 3329 ?
1336 3298 1467 3329 Provida
1475 3294 1640 3338 ‚severaque
1653 3299 1739 3337 Legis
1751 3301 1846 3327 cautio
1859 3320 1869 3335 ,
1896 3298 1929 3329 (π
1941 3304 2041 3327 tamen
2061 3303 2113 3327 nec

1233 3347 1271 3388 fic
1282 3346 1466 3388 refraenatur
1478 3350 1614 3379 avaritia
1627 3370 1634 3376 .
1662 3347 1720 3379 Per
1729 3344 1803 3386 fidei
1820 3345 1963 3387 commiffa
1987 3342 2115 3386 Legibus

1238 3398 1408 3430 illudimus:
1435 3397 1469 3429 cb·
1478 3394 1564 3438 quast*
1570 3396 1686 3434 majora
1691 3393 1752 3435 sint
1771 3397 1987 3437 Imperatorum
2009 3394 2087 3425 Scita
2100 3414 2114 3430 ,

1239 3447 1329 3489 quam
1346 3445 1455 3484 christi
1479 3470 1489 3486 ‚
1527 3449 1621 3489 Leges
1640 3449 1778 3478 timemus
1793 3469 1805 3485 ,
1841 3449 1871 3480 E
1874 3443 2013 3489 vangelia
2051 3451 2116 3473 con·

1238 3502 1397 3535 temnimus
1411 3521 1418 3530 .
1446 3496 1489 3531 Sit
1508 3495 1625 3537 baeres,
1647 3495 1705 3538 sed
1722 3504 1817 3529 mater
1832 3495 1962 3537 filiorum
1976 3515 1987 3531 ‚
2014 3491 2050 3521 id
2058 3489 2108 3530 est,

1974 3545 2071 3587 gregis
