2366 3736
714 150 777 190 m
811 136 1211 188 Puteum-M
1246 138 1549 188 HAERnsm.

165 244 257 279 tam,
282 235 315 270 ὃς
335 234 452 269 Rotnae
463 229 591 268 adhuc·
583 240 615 266 in
621 228 697 266 dies
707 229 851 264 damnari
865 231 899 263 &
919 230 1054 263 conclu

1905 141 2011 203 ,Ἦ

1119 240 1190 265 tur.
1219 226 1322 275 Qiod
1345 238 1453 263 autem
1475 227 1606 272 quidam
1622 225 1818 264 salvantur
1815 249 1827 268 ‚
1850 226 2004 262 salvantis

166 285 236 320 dit:
265 290 468 319 Hortamurne
482 279 946 327 quorumarmacombustasunt,
971 283 1054 321 apud
1118 280 1162 314 est
1187 279 1330 312 donum·
1325 304 1333 320 ,
1361 278 1450 335 quod
1474 290 1582 315 autem
1604 279 1740 324 quidam
1762 287 1896 324 pereunt
1918 302 1929 319 ,
1955 287 2007 320 p·-

167 348 224 370 vos
241 347 339 370 eorum
350 342 460 369 cineres
482 331 701 376 resuscitentur.

216 386 393 421 Succeffere
405 385 627 427 Hispanorum
641 380 713 414 lites
726 379 768 414 de
789 379 913 423 duplici
936 379 1056 413 Praede-

167 434 345 470 stinatione
357 459 366 474 ‚
391 436 432 469 de
445 433 563 478 quibus
578 432 662 465 inter
674 430 811 464 Adriani
825 430 920 473 primi
942 430 1058 464 Ponti-

169 485 241 520 ficis
263 486 341 520 Aeta
365 484 466 520 exstat
489 479 673 525 Epigraphe
698 482 877 514 litterarum
903 504 913 520 ,
941 480 1060 522 quibus

170 537 349 578 Egtllamin
370 532 517 575 Hispania
533 530 708 573 Episcopum
731 531 851 564 dicitur
868 531 1002 573 monuisse
1027 531 1063 563 de

172 586 430 625 Praedestmanone
451 581 579 614 hominii
593 604 603 619 ‚
635 580 697 622 five
718 582 761 613 ad
782 579 887 613 bonum
908 603 918 618 ,
938 580 1004 622 five
1025 581 1068 612 ad

172 638 299 671 malum.
312 630 459 668 Eandem
473 630 604 664 modico
617 630 688 675 post
701 640 847 673 tempore
857 630 1065 673 quaestionem

172 683 327 722 acerrime
346 682 451 716 movit
473 682 692 715 Godescalcus
714 704 725 721 ,
762 678 955 714 orbacensis
982 680 1065 723 apud

173 735 353 773 Sveffiones
377 731 531 766 Coenobii
553 727 759 770 Monachus,
785 730 973 764 adseverans
1001 741 1066 762 non

145 791 147 794 ’
174 784 281 821 solum
293 783 334 817 ad
346 784 448 817 vitam
468 791 617 815 aeternam
627 804 638 820 ‚
665 780 720 815 sed
733 779 772 812 ad
785 777 949 824 gehennas
963 781 980 812 a
995 780 1070 813 Deo

176 833 393 879 praedestinari
415 832 588 865 homines:
617 831 669 864 Ad
696 830 787 863 istam
799 830 898 874 gratis
915 854 925 869 ,
951 830 991 862 ad
1017 829 1071 862 has

144 908 157 915 Δ
174 896 219 919 ex
242 884 374 927 praevisis
396 882 541 916 meritis.
569 881 680 914 Etiam
706 879 768 913 alia
782 903 794 919 ,
821 890 892 913 vera
915 879 1048 922 quidem
1063 903 1074 918 ,

176 934 234 969 sed
243 933 385 968 crudiori
400 932 487 974 stylo
499 930 613 965 docuit
626 954 637 969 ,
664 928 710 964 ob
724 939 793 972 quae
805 929 823 962 ὲ
836 929 978 963 Rabano
992 930 1074 962 Mo·-

178 984 323 1030 guntino
334 984 353 1023 ,'
370 983 557 1015 Hincmaro
568 979 720 1013 Remenfi
737 1003 748 1018 ,
774 978 911 1023 aliisque
924 979 1014 1013 istius
1027 980 1074 1012 sae-

179 1034 248 1069 culi
267 1030 448 1067 clatiffimis
461 1028 630 1073 Episcopis
655 1029 851 1070 damnatus,
878 1040 1056 1064 carceratus
1069 1052 1078 1068 ,

181 1082 318 1128 punitus
328 1082 392 1116 fuit
405 1096 417 1121 ,·
442 1090 610 1122 tamquam
628 1079 811 1113 Haereticus
824 1079 1079 1114 Praedestinatia-

182 1143 267 1168 nus.
295 1131 366 1166 Alii
379 1130 473 1165 illum
483 1129 703 1172 operofiffime
726 1140 928 1174 expurgant.
957 1129 1081 1164 Videa-

181 1194 239 1217 tur
250 1182 513 1223 eruditumopus
526 1179 671 1213 Gilberti
687 1180 854 1225 Manguin
869 1204 877 1212 .
906 1179 1080 1227 Qidquid

186 1234 226 1267 fit
237 1258 249 1273 ,
273 1230 474 1266 acerbiffime
486 1231 584 1271 usque
597 1228 636 1263 ad
651 1240 791 1264 mortem
807 1232 955 1264 trastatus
970 1255 980 1270 ,
996 1230 1095 1263 ideo·

188 1293 253 1326 que
265 1281 424 1315 Monachus
436 1278 613 1322 miserabilis
633 1280 697 1314 fuit
721 1279 840 1314 merito
862 1281 983 1314 dictus.
1016 1279 1083 1313 An-

189 1344 237 1367 no
248 1330 517 1377 ostingentefimo
537 1329 808 1375 quinquagesimo
829 1331 927 1364 tertio
941 1330 1086 1375 praefatus

191 1384 394 1416 Hincmarus
414 1380 448 1412 in
475 1379 638 1412 Carifiaco
661 1379 793 1424 Regum
818 1379 934 1418 Galliae
950 1379 1098 1413 Palatio*

191 1434 270 1466 fecit
293 1430 466 1474 synodum
480 1451 491 1467 ,
517 1428 550 1461 ὅ(
572 1429 726 1461 adversus
749 1429 942 1462 Godescalci
968 1429 1099 1475 doctri-3

192 1493 269 1515 nam
280 1481 384 1515 edidit
399 1487 539 1520 quatuor
551 1477 707 1519 Capitula
719 1500 729 1515 ,
743 1477 782 1510 de
801 1477 918 1520 quibus
933 1478 1088 1512 Bertinia·

192 1533 227 1567 ni
239 1532 441 1566 Francorum
462 1526 625 1559 Annales:
655 1528 781 1560 Carolus
808 1528 930 1561 Calvus
952 1529 1100 1562 Franco-·

193 1593 265 1615 rum
287 1584 355 1614 Rex
367 1575 467 1617 Caris
464 1587 548 1609 acum
571 1581 701 1609 veniens
722 1598 734 1617 ,
759 1587 824 1609 cum
833 1577 1009 1620 quibusdam
1019 1580 1093 1619 Epi-

185 1629 258 1679 smp
260 1636 284 1664 is
295 1632 330 1665 er
343 1626 506 1662 abbatibus
517 1626 680 1665 monasticis
704 1646 726 1667 ,
744 1635 869 1668 quattuor
882 1628 1023 1670 Gapitula
1033 1629 1094 1662 edt-

194 1683 244 1716 dit
252 1706 263 1723 ,
290 1682 324 1714 ό·
332 1683 456 1722 propria
462 1674 677 1718 subscriptione
698 1676 869 1711 roboravit.

297 1775 690 1814 CAPITULUM
719 1745 1031 1813 patmum}

299 1879 396 1922 ‚Quod
411 1888 472 1911 una
492 1877 610 1910 tantiam
624 1875 661 1917 fit
676 1876 900 1917 Praedestinatio
913 1882 972 1912 Dei
986 1902 996 1912 .

299 1977 367 2011 Eos
390 1975 601 2019 omnipotens
621 1975 792 2011 hominem
813 1978 881 2012 fine
906 1962 1101 2020 peccatore-⁷
1132 1990 1134 1995 ·

325 2028 412 2060 stum
434 2037 510 2060 cum
532 2026 635 2059 libero
657 2026 794 2061 arbitrio
817 2026 991 2069 condidit,
1016 2027 1092 2062 &in

203 2077 354 2122 paradiso
378 2076 504 2119 posuit,
533 2085 630 2118 quem
654 2076 688 2109 in
712 2077 1019 2120 sanstitatejustitiae
1031 2089 1094 2121 per-

205 2137 337 2163 manere
350 2126 455 2160 voluit
467 2150 475 2157 .
502 2125 620 2158 Homo
632 2125 735 2160 libero
746 2127 883 2161 arbitrio
906 2127 991 2162 male
1001 2139 1095 2161 utens

205 2175 352 2221 peccavit
362 2176 395 2210 &
406 2174 548 2215 cecidit,
572 2175 606 2208 δε
618 2176 718 2209 faetus
727 2178 771 2211 est
785 2178 883 2210 massa
906 2178 1096 2219 perditionis

207 2223 623 2268 totiushumanigeneris.
652 2225 858 2261 Deusautem
871 2225 976 2260 bonus
997 2227 1031 2260 <Sc
1050 2226 1095 2268 ju-

205 2276 274 2310 stus
289 2275 390 2319 elegit
403 2286 450 2308 ⁸est.
469 2273 580 2308 eadem
595 2274 691 2307 maffa
712 2275 903 2318 perditionis
918 2276 1093 2310 secundum

203 2324 440 2370 praescientiam
452 2325 539 2357 suam
550 2347 561 2362 ‚
584 2334 667 2366 quos
680 2336 732 2366 per
741 2327 877 2369 gratiam
892 2318 1100 2369 ptaedestiiia-'

204 2376 257 2410 vit
278 2375 318 2408 ad
343 2374 464 2413 vitam,
491 2374 525 2407 δε
547 2374 647 2407 vitam
661 2374 725 2408 illis
744 2376 981 2418 praedestinavit
1003 2387 1094 2410 aeter-

204 2436 286 2460 nam
309 2436 319 2466 ς
345 2433 475 2457 caereros
495 2433 604 2457 autem
626 2448 637 2464 ‚
663 2436 746 2469 quos
764 2425 894 2467 justitiae
911 2425 1037 2469 judicio
1060 2427 1092 2460 in

206 2475 307 2508 marsa
327 2474 521 2516 perditionis
543 2473 673 2514 reliquit
694 2499 706 2515 ‚
733 2477 889 2518 perituros
921 2476 1094 2519 praescivit,

208 2524 264 2557 sed
277 2534 342 2556 non
355 2532 391 2556 ut
404 2523 545 2565 perirent
557 2523 794 2565 praedestinavit
805 2550 815 2565 ,
843 2536 971 2567 poenam
984 2536 1091 2560 autem

209 2573 297 2613 illis,
323 2572 400 2613 quia
424 2571 523 2614 justus
543 2572 612 2611 est,
638 2574 895 2614 praedestinavit,
926 2584 1093 2609 aeternam.

209 2622 264 2659 Ac
286 2633 340 2665 per
364 2620 428 2654 hoc
440 2632 536 2655 unam
549 2596 612 2655 Dei
634 2622 943 2663 praedestinationem
954 2634 1092 2660 tantum-

209 2672 315 2707 modo
326 2671 488 2710 dicimus,
514 2681 584 2712 quae
596 2672 701 2705 autad
724 2672 848 2708 donum
869 2675 1009 2718 pertinet
1025 2687 1094 2721 gra-

210 2723 281 2762 tiae,
307 2731 363 2756 aut
384 2720 425 2754 ad
442 2721 689 2756 retributionem
705 2721 847 2766 justitia.

213 2872 310 2915 Quod
317 2871 438 2905 liberum
449 2871 576 2905 hominis
589 2872 748 2906 arbitrium
753 2881 810 2915 per
818 2878 955 2919 gratiam
960 2872 1092 2917 sanetur.

263 2922 464 2956 Libertatem
475 2922 598 2955 arbitrii
622 2923 655 2956 in
680 2924 785 2966 primo
808 2924 945 2959 homine
959 2925 1091 2967 perdidi·

214 2982 286 3005 mus
297 2995 308 3011 ,
334 2983 432 3016 quam
444 2984 498 3015 per
510 2970 675 3006 Christum
692 2973 878 3009 Dominum
894 2974 1037 3008 nostrum
1052 2986 1095 3008 re-

214 3022 375 3063 cepimus:
406 3021 449 3055 Et
472 3020 628 3056 habemus
648 3022 783 3058 liberum
805 3024 970 3059 arbitrium
986 3024 1026 3058 ad
1040 3024 1096 3058 bo-

215 3081 313 3108 num,
340 3081 536 3114 praeventum
547 3072 580 3104 ὅ(
592 3071 737 3114 adjutum
744 3076 874 3119 grati23
892 3075 925 3108 ὅ(
938 3073 1096 3110 habemus

216 3120 352 3153 liberum
370 3121 536 3155 arbitrium
561 3122 600 3155 ad
623 3123 768 3163 malum,
794 3125 953 3159 desertum
976 3126 1112 3173 gratia

215 3170 368 3205 Liberum
381 3181 487 3205 autem
501 3171 654 3206 habemus
674 3173 866 3214 arbitrium,
895 3175 970 3217 quia
992 3176 1111 3220 gratia

213 3220 404 3260 liberatum,
429 3222 576 3266 &gratia
587 3222 628 3257 de
649 3234 804 3268 corrupto
829 3226 994 3259 sanatum.

266 3370 360 3413 ,Quod
383 3371 463 3402 Deus
483 3381 580 3404 omnes
603 3373 734 3408 homines
758 3378 834 3409 velit
853 3374 952 3418 salvos
961 3376 1045 3418 fieri.

266 3421 358 3454 Deus
385 3420 595 3462 omnipotens
615 3434 729 3458 omnes
752 3425 903 3460 homines
922 3426 988 3459 fine
1007 3436 1100 3459 exce·

221 3471 332 3515 ptione
353 3470 421 3503 vult
446 3471 553 3504 salvos,
571 3471 661 3512 fieri,
687 3474 762 3508 licet
773 3487 844 3511 non
854 3486 971 3511 omnes
981 3476 1099 3511 salven·

310 3519 426 3559 ..cbrifk
438 3523 517 3562 Lupi
529 3524 626 3562 Opera
637 3525 771 3557 Tole.

1130 2109 1133 2111 s
1157 2078 1267 2112 dimus
1289 2092 1296 2111 :

1120 330 1283 365 reuntium
1297 328 1340 363 est
1361 328 1531 363 meritum.

1149 454 1246 524 ,Quod
1256 477 1391 517 cbristus
1397 486 1453 519 pro
1461 429 1602 511 omnile
1606 478 1772 512 bominibus
1786 489 1916 514 mortuus
1925 476 1980 520 fit.

1179 577 1426 612 CHRISTUS
1446 577 1582 620 JESUS
1595 578 1760 612 Dominus
1781 579 1906 619 noster,
1932 580 2012 612 ficut

1131 629 1238 663 nullus
1249 627 1352 667 homo
1367 627 1411 661 est
1424 651 1433 667 ‚
1445 654 1447 656 .
1461 627 1542 667 fuit,
1570 628 1619 661 vel
1632 629 1690 661 erit
1701 650 1711 665 ,
1738 628 1828 671 cujus
1855 639 1966 662 natura
1979 629 2016 660 in

1132 680 1189 713 illo
1201 679 1368 721 adsumpta
1383 689 1448 711 non
1463 677 1561 711 fuerit
1574 703 1583 717 ,
1604 678 1648 710 ita
1663 678 1770 711 nullus
1780 678 1824 710 est
1838 703 1848 717 ,
1869 678 1929 710 suit
1941 702 1952 717 ,
1968 676 2019 710 vel.

1132 731 1190 763 erit
1205 729 1307 762 homo
1323 752 1334 767 ‚
1361 739 1418 771 pro
1433 739 1498 770 quo
1513 730 1616 771 pasius
1628 739 1697 760 non
1711 728 1806 760 fuerit
1819 751 1830 767 ,
1856 727 1929 760 licet
1950 737 2020 760 non

1134 791 1249 814 omnes
1258 778 1408 820 paffionis
1420 778 1486 819 ejus
1500 790 1551 820 my
1559 778 1654 810 sterio
1674 777 1890 811 redimantur.
1917 773 2021 824 Qod

1136 830 1211 867 vero
1233 839 1347 861 omnes
1365 828 1516 870 passionis
1539 827 1693 871 mysterio
1711 837 1778 859 non
1803 826 2022 866 redimuntur,

1137 890 1203 912 non
1218 878 1342 920 respicit
1354 878 1394 911 ad
1408 879 1671 922 magnitudinem
1695 878 1729 911 δε
1750 877 1844 920 pretii
1855 875 2023 919 copiofita-

1137 940 1202 963 tem
1217 953 1229 971 ‚
1255 927 1307 961 sed
1322 927 1361 961 ad
1373 927 1552 961 infidelium
1568 951 1578 967 ,
1597 928 1630 961 δε
1642 928 1764 960 adnon
1777 926 1977 960 credentium
1988 936 2027 960 ea.

1138 980 1224 1019 fide,
1248 989 1316 1024 quae
1328 988 1382 1020 per
1392 977 1603 1011 diledtionem
1626 986 1774 1020 operatur
1787 1002 1798 1017 ,
1822 977 1947 1019 respicit
1963 985 2029 1017 par-

1138 1041 1205 1064 tem
1218 1051 1229 1068 ‚
1257 1029 1334 1071 quia
1347 1029 1502 1071 poculum
1518 1027 1668 1061 humanae
1691 1028 1822 1066 salutis,
1851 1026 1938 1070 quod
1951 1037 2033 1059 con-

1140 1080 1258 1113 fectum
1277 1078 1322 1112 est
1340 1078 1534 1111 infirmitate
1546 1079 1676 1117 nostra,
1703 1079 1736 1112 δε
1751 1078 1869 1111 virtute
1892 1075 2030 1113 divina,

1143 1130 1238 1163 habet
1252 1127 1407 1172 quidem'
1398 1139 1433 1160 in
1445 1129 1474 1161 se
1488 1140 1522 1160 ut
1534 1129 1691 1162 omnibus
1703 1128 1818 1172 profit,
1845 1127 1898 1164 sed
1918 1126 1939 1162 si
1952 1136 2022 1161 non

1145 1180 1291 1220 bibitur,
1315 1188 1384 1214 aon
1397 1177 1562 1217 medetur,

1235 1278 1611 1314 VALENTINA
1636 1278 1947 1314 SYNODUS.

1240 1378 1376 1420 Apitula
1407 1377 1473 1413 haec
1494 1379 1633 1423 graviter
1656 1379 1891 1422 displicuerunt
1919 1376 2038 1410 Sansto

1266 1430 1425 1474 Remigio
1433 1427 1550 1463 Archi·
1555 1430 1716 1472 Episcopo
1738 1427 1966 1472 Lugdunensi.
1991 1426 2041 1460 Et

1155 1463 1249 1523 ipsius
1271 1480 1305 1512 δε
1325 1479 1393 1522 ejus
1404 1475 1518 1513 Clerus
1539 1480 1615 1512 varii
1629 1479 1694 1522 ipsa
1712 1479 1801 1512 libris
1815 1476 2042 1522 impugnavit,

1154 1542 1191 1563 ac
1213 1529 1346 1563 tandem
1366 1540 1455 1562 anno
1479 1529 1750 1573 ostingentefimo
1773 1527 2041 1571 quinquagesimo

1153 1580 1271 1622 quinto
1287 1578 1367 1612 fecit
1377 1578 1461 1612 hanc
1483 1577 1502 1611 ἐ
1523 1579 1581 1612 suae
1598 1579 1825 1623 Lugdunensis
1838 1603 1847 1618 ‚
1878 1578 2046 1610 Viennen-

1131 1652 1133 1656 ι
1155 1631 1195 1662 fis
1206 1652 1217 1668 ,
1244 1640 1282 1663 ac
1297 1627 1491 1662 Arelatensis
1503 1627 1749 1663 provinciarum
1764 1628 1931 1671 Episcopis
1943 1628 2047 1669 Synoq

1097 1681 1101 1710 “;
1131 1728 1133 1731 ⁴
1155 1680 1254 1719 dum,
1282 1679 1315 1712 δε
1327 1678 1431 1712 edidit
1441 1678 1507 1712 haec
1530 1679 1583 1712 sex
1604 1680 1733 1713 adversa
1748 1679 1900 1722 Capitula
1914 1700 1922 1708 .

1252 1777 1646 1813 CAPITULUM
1675 1776 1954 1813 PRIMUM.

1204 1880 1295 1923 ,Quod
1305 1883 1454 1912 novitates
1468 1888 1569 1911 vocum
1582 1882 1659 1911 omni
1671 1877 1768 1919 studio
1780 1879 1921 1912 vitanda
1933 1875 2009 1918 fini.

1256 1979 1327 2013 Uia
1340 1980 1519 2013 Ductorem
1533 1978 1681 2023 gentium
1693 1981 1727 2013 in
1741 1979 1846 2014 fide&
1864 1979 1999 2014 veritate
2010 1979 2046 2013 fi-

1279 2029 1394 2063 deliter
1423 2040 1689 2063 commonentem
1718 2028 1971 2072 obedienterque
1991 2040 2049 2063 au-

1336 2083 1360 2111 0
1389 2078 1534 2113 Timotbee
1557 2103 1567 2118 ‚
1607 2079 1769 2122 Depositum
1790 2080 1897 2120 custodi
1913 2103 1923 2119 ,
1960 2080 2046 2112 devi-

1158 2136 1229 2160 tans
1239 2129 1388 2170 profanas
1410 2140 1512 2163 vocum
1531 2135 1682 2162 novitates
1694 2153 1704 2168 ,
1729 2131 1761 2163 ώ*
1782 2130 1964 2172 oppofitiones
1972 2126 2050 2169 falfi

1158 2183 1285 2209 nominis
1292 2177 1424 2219 scientiae
1436 2202 1446 2218 ,
1473 2190 1562 2220 quam
1575 2181 1698 2220 quidam
1710 2187 1913 2220 promittenter
1925 2185 2002 2211 circa
2010 2176 2046 2219 fi-

1157 2227 1420 2260 demexcrderunt.
1449 2228 1491 2261 Et
1504 2227 1642 2263 iterum:
1673 2229 1809 2270 Profana
1820 2239 1917 2262 autem
1937 2230 2047 2261 &ina-

1159 2278 1288 2318 niloquia
1311 2278 1418 2310 devita
1430 2302 1440 2317 ,
1463 2279 1588 2311 multum
1599 2283 1679 2311 enim
1687 2279 1843 2320 proficiunt
1855 2279 1896 2310 ad
1910 2284 2047 2319 impieta-

1157 2334 1216 2359 tem
1230 2351 1240 2366 ,
1267 2329 1300 2360 (5
1317 2325 1413 2369 firmo
1424 2337 1563 2360 eorumut
1582 2339 1683 2361 cancer
1699 2328 1808 2372 serpit.
1840 2329 1880 2362 Et
1905 2327 2019 2361 iterum
2032 2341 2044 2360 .-

1158 2378 1271 2408 .stultas
1287 2386 1386 2410 autem
1409 2379 1442 2411 ὀ·
1456 2377 1518 2418 fine
1541 2376 1698 2421 disciplina
1723 2379 1892 2421 quaesliones
1917 2379 2044 2415 devita,

1154 2425 1247 2469 scient
1258 2432 1329 2467 quia
1333 2438 1482 2470 generant
1494 2430 1560 2461 lites
1574 2441 1583 2469 3
1612 2432 1631 2461 5
1633 2441 1736 2461 ervum
1744 2437 1841 2461 aurem
1854 2430 1973 2459 Domini
1985 2437 2043 2459 non

1158 2484 1268 2517 oportet
1279 2477 1414 2520 litigare.
1445 2476 1634 2519 Etiterum3
1655 2478 1749 2510 Nihil
1755 2487 1807 2519 per
1819 2485 2043 2515 contentionem,

1159 2537 1248 2568 neque
1265 2534 1321 2568 per
1341 2533 1461 2559 inanem
1475 2528 1621 2570 gloriam.
1650 2528 1724 2561 Paci
1740 2553 1749 2567 ,
1777 2538 1937 2569 quantum
1951 2528 2043 2560 Deus

1158 2575 1282 2610 dederit
1293 2600 1304 2615 ‚
1331 2577 1365 2610 ἀ
1376 2576 1523 2610 charitati
1536 2578 1659 2610 studere
1672 2579 1858 2620 cupientes,
1875 2578 2041 2611 attenden-

1159 2636 1205 2659 tes
1219 2627 1308 2668 pium
1321 2626 1462 2668 ejusdem
1478 2627 1627 2669 Apostoli
1644 2628 1815 2661 consilium
1829 2652 1839 2667 ,
1857 2629 1974 2660 Solliciti
1982 2627 2043 2669 ser-

1159 2687 1233 2709 vare
1253 2680 1397 2709 unitatem
1415 2675 1542 2718 spiritus
1564 2682 1596 2709 in
1610 2679 1726 2711 vinculo
1744 2684 1827 2719 pacis
1842 2704 1851 2717 ‚
1882 2679 2042 2711 novitates

1160 2736 1299 2764 vocum,
1325 2725 1358 2758 <Sc
1382 2729 1618 2769 praesumptivus
1640 2729 1864 2772 garrulitates,
1892 2727 2041 2768 undepo-

1158 2775 1222 2808 tius
1246 2774 1329 2808 inter
1351 2777 1462 2810 fratres
1483 2780 1738 2812 contentionum
1760 2777 2029 2811 &scandalorum

1158 2826 1262 2858 fomes
1272 2826 1405 2859 excitari
1419 2827 1520 2869 potest
1534 2851 1544 2866 ,
1571 2828 1665 2870 quim
1680 2828 1852 2861 aedificatio
1867 2827 1930 2860 ulla
1945 2828 2038 2860 timo·

1158 2875 1199 2908 ris
1212 2875 1274 2907 Dei
1288 2875 1476 2910 succrescere
1490 2900 1500 2916 ,
1527 2889 1600 2910 cum
1616 2878 1723 2911 studio
1734 2878 1827 2910 omni
1841 2877 2037 2910 devitamus.

1157 2924 1383 2960 Indubitanter
1405 2937 1513 2961 autem
1542 2927 1739 2960 Doctoribus
1763 2927 1813 2969 pie
1835 2928 1867 2960 ὅ(
1889 2929 2039 2962 ῐεᾶἐετει·

1157 2975 1319 3009 stantibus
1342 2976 1475 3010 verbum
1498 2977 1657 3016 veritatis,
1685 2977 1822 3021 ipsisque
1845 2979 1936 3011 sacrae
1958 2978 2039 3011 Scri-

1158 3035 1255 3068 pturae
1276 3025 1477 3060 lucidiffimis
1498 3026 1755 3068 expositoribus,
1782 3026 1815 3060 id
1837 3027 1881 3060 est
1904 3028 2039 3071 Cypria-

1159 3086 1223 3116 no,
1252 3075 1408 3115 Hilario,
1438 3075 1636 3116 Ambrofio,
1663 3077 1896 3119 Hieronymo,
1925 3080 2039 3121 Augu-

1158 3125 1243 3160 stino
1259 3149 1270 3165 ,
1294 3127 1477 3169 caeterisque
1496 3128 1527 3158 in
1539 3125 1699 3160 catholica
1716 3128 1833 3170 pietate
1843 3129 2039 3171 quiescenti-

1159 3174 1235 3215 bus,
1261 3187 1439 3209 reverenter
1459 3176 1607 3209 auditum
1626 3201 1637 3216 ,
1665 3178 1696 3210 &
1717 3178 1975 3221 obtemperanter
1993 3181 2039 3210 in-

1159 3225 1320 3260 tellectum
1338 3226 1558 3260 submittimus
1573 3251 1583 3266 ,
1609 3228 1642 3261 &
1655 3238 1712 3270 pro
1727 3228 1846 3261 viribus
1866 3241 1932 3271 quae
1946 3228 1986 3260 ad
1999 3227 2039 3258 sa-

1160 3274 1259 3309 lutem
1291 3276 1430 3309 nostram
1457 3275 1647 3319 scripserunt
1672 3279 1893 3318 amplestimur
1914 3303 1921 3309 .
1951 3276 2041 3310 Nam

1159 3323 1200 3359 de
1213 3325 1407 3368 praescientia
1422 3325 1507 3364 Dei,
1536 3327 1570 3359 &t
1580 3326 1619 3360 de
1632 3327 1908 3369 praedestinatione
1920 3351 1931 3366 ,
1958 3327 1991 3360 ὃς
2002 3324 2043 3359 de

1161 3375 1388 3418 quaesiionibus
1399 3376 1492 3413 aliis,
1519 3376 1552 3408 in
1566 3377 1680 3419 quibus
1694 3379 1839 3411 Fratrum
1861 3376 1959 3410 animi
1977 3386 2045 3410 non

1164 3435 1272 3468 parum
1288 3423 1493 3459 scandalizati
1519 3428 1698 3468 probantur
1710 3451 1720 3467 ,
1750 3426 1829 3459 illud
1850 3428 1975 3460 tantum
1987 3429 2045 3462 fir⁴

1162 3474 1300 3512 miffime
1311 3475 1488 3511 tenendum
1510 3478 1571 3511 effe
1593 3477 1774 3516 credimus,
1799 3477 1886 3520 quod
1905 3489 1945 3509 ex
1968 3489 2039 3513 ma-,

1661 3526 1692 3559 R
1745 3537 1763 3572 3
1916 3527 2013 3561 ternis
