2366 3736
729 109 791 163 *r'N
824 116 1215 163 PBLAGIANAM
1249 108 1551 159 HAERE'MM.

1138 195 1299 232 tradicens
1321 195 1484 238 Apostolo
1506 195 1626 232 dicenti
1646 208 1654 231 ε
1685 199 1746 233 Per
1769 209 1858 233 unum
1877 199 2022 236 hominem

213 208 270 243 sua
287 205 409 252 ,legavit
429 203 470 238 de
482 204 544 238 suae
556 198 736 238 Provineim
757 199 926 246 Episcopis
936 199 969 232 &
981 198 1082 234 Cleri-

1906 131 1998 176 193

211 259 259 294 cis
276 259 360 292 viros
379 255 647 298 praestantiffimos
668 276 679 292 ,
705 259 845 295 quorum
866 260 904 284 os
923 259 991 283 erat
1016 247 1081 293 Cy·
1137 256 1287 290 peccatum
1297 250 1430 279 intravit
1442 253 1473 279 in
1486 250 1624 281 mundum
1638 274 1647 289 ‚
1661 250 1694 282 Θ·
1701 258 1757 292 per
1766 258 1916 292 peccatum
1927 263 2018 291 mors,

211 309 342 353 prianus
362 304 566 340 Tolonenfis
589 304 788 347 Episcopus,
813 299 856 334 de
878 309 943 344 quo
961 299 1083 333 laudati
1142 300 1176 332 (tr
1198 303 1244 329 ita
1269 301 1302 328 in
1321 307 1417 329 omnes
1444 297 1574 334 homines
1604 311 1681 334 mors
1704 299 1902 343 pertranfilt,
1927 306 2027 344 inquo

211 356 360 392 Annales
384 355 576 390 Lerinenses
598 365 607 386 ε
634 351 821 385 Errantium
850 349 1084 393 Episcoporum
1143 359 1244 382 omnes
1258 354 1475 389 peccaverunt.
1938 355 1940 358 ’

212 405 425 441 intentionibus
447 410 500 438 Vir
512 409 569 437 Dei
580 405 746 445 cyprianus
768 402 852 434 dedit
865 411 968 433 veram
977 402 1010 433 (5
1024 407 1085 433 evi-

212 458 329 489 dentem
349 467 387 489 ex
409 456 568 488 traditione
590 451 745 495 Apostolrca
757 458 918 484 rationem.
943 454 1027 482 Nam
1040 450 1084 483 bo·

213 517 262 540 rrae
280 512 426 539 memoriae
437 503 612 544 Bonffacius
626 527 636 543 ,
663 505 805 535 Romame
819 499 951 541 Ecclefiae
965 503 1052 542 Papa
1078 523 1087 539 ‚

212 558 318 591 eadem
338 555 533 589 colludatione
554 558 690 596 cognita,
716 553 830 584 calcata
853 555 1016 584 intentione
1021 553 1087 591 jur-

207 612 349 651 gantiam
359 628 370 644 ,
392 600 622 645 prosecutionem
646 605 675 635 5.
690 600 815 644 Caesarn
827 600 984 642 Apostolica
995 601 1088 633 aut-¹70-

213 661 304 694 ritate
311 653 454 696 firmavit
467 676 474 684 .
487 656 537 685 Ita
546 654 677 686 donante
689 652 804 692 Christo
814 672 824 689 ,
831 651 982 692 paulatim
993 650 1091 684 Eccle-

205 705 319 747 flarum
332 701 487 740 Antistites
510 712 678 744 receperunt
687 726 698 742 ,
723 702 803 744 quod
812 708 972 743 optaverat
986 700 1093 734 Diabo-

208 755 259 793 lus
282 755 443 795 repemina
463 752 646 795 animofitate
656 753 769 796 cessare,

262 852 578 888 ACTORUM
613 846 1049 887 sY'NoDALttJM

474 898 831 937 PRAEFATIO.

303 1003 377 1038 Um
392 995 432 1037 ad
446 1001 688 1036 dedicationem
713 1002 853 1036 Bafilicae
864 1027 874 1042 ,
900 1013 1000 1046 quam
1013 999 1099 1036 Illu-

327 1052 492 1086 striffimus
512 1052 678 1087 Praefeetus
700 1054 734 1086 ὃς
759 1053 919 1087 Patricius
944 1052 1031 1084 filius
1044 1061 1099 1083 no¹

215 1105 279 1138 ster
299 1102 448 1136 Liberius
468 1102 503 1136 in
519 1103 671 1137 Araufica
683 1103 830 1137 Civitate
852 1102 1033 1137 fideliffima
1047 1101 1099 1134 de-

214 1153 566 1191 votioneconstruxit,
593 1153 668 1187 Deo
681 1154 899 1197 propitiante,
925 1150 1095 1195 &ipsein-

215 1203 341 1237 vitante
361 1203 645 1244 convenissemus,
671 1204 705 1237 δε
726 1204 766 1237 de
788 1203 883 1238 rebus
896 1213 965 1246 quae
986 1202 1027 1235 ad
1042 1200 1097 1234 Ec-

217 1252 425 1287 clefiasticam
446 1254 590 1297 regulam
610 1254 795 1297 pertinent,
823 1254 907 1287 inter
932 1262 992 1285 nos
1012 1250 1099 1294 spiri-

218 1303 294 1337 talis
316 1303 423 1337 fuisset
441 1303 558 1337 oborta
576 1303 745 1346 conlatio;
772 1303 918 1346 pervenit
929 1301 967 1336 ad
984 1311 1044 1335 nos
1056 1300 1100 1334 es·

218 1353 253 1386 se
277 1353 427 1396 aliquos,
454 1353 511 1395 qui
534 1353 574 1386 de
585 1354 699 1387 Gratia
712 1354 745 1387 ἀ
759 1353 881 1388 Libero
899 1351 1035 1387 arbitrio
1046 1359 1100 1393 per

218 1401 456 1445 fimplicitatem
478 1402 587 1436 minsis
614 1402 708 1436 caute
724 1427 735 1443 ,
771 1404 804 1436 ὰ
826 1414 896 1436 non
921 1401 1099 1437 secundnm

218 1451 314 1486 Fidei
339 1451 520 1486 Catholicae
539 1453 685 1495 regulam
707 1453 824 1485 sentire
836 1452 939 1485 velint
952 1476 960 1483 .
995 1449 1101 1485 Unde

219 1501 256 1535 id
278 1501 375 1535 nobis
386 1526 395 1540 ,
425 1500 600 1534 secundum
612 1501 875 1536 admonitionem
890 1502 922 1535 δε
934 1501 1099 1535 τωὲὶοῐὶῑα·

218 1561 286 1585 tem
322 1552 411 1585 Sedis
435 1550 632 1593 Apostolicae
649 1575 659 1591 ,
689 1550 809 1594 justum
842 1563 878 1585 ac
906 1549 1101 1585 rationabile

216 1601 325 1641 visum
346 1600 391 1633 est
404 1625 414 1641 ,
441 1611 477 1633 ut
500 1612 599 1643 pauca
613 1600 766 1643 Capitula
788 1601 828 1634 ab
842 1600 1034 1644 Apostolica
1048 1611 1102 1634 no-

218 1648 270 1684 bis
295 1649 376 1684 Sede
396 1651 574 1685 transmissa
593 1675 604 1691 ,
633 1661 702 1692 quae
722 1650 765 1684 ab
786 1649 929 1695 antiquis
953 1648 1104 1685 Patribus

220 1701 261 1735 de
281 1701 469 1734 Sanctarum
490 1701 725 1742 scripturarum
751 1700 978 1734 voluminibus
993 1702 1026 1735 in
1042 1700 1102 1735 hac

221 1750 378 1793 praeoipue
395 1751 487 1783 causa
510 1750 644 1784 collecta
667 1751 762 1790 sunt,
788 1750 830 1784 ad
855 1750 1025 1786 docendos
1048 1763 1103 1785 eos

218 1802 278 1842 qui
302 1801 396 1834 aliter
415 1801 513 1843 quam
533 1811 662 1843 oportet
686 1802 855 1840 sentiunt,
883 1800 923 1834 ab
946 1802 1104 1835 omnibus

220 1850 421 1884 observanda
449 1851 609 1893 proferre,
634 1851 666 1883 ὃς
679 1851 829 1884 manibus
842 1851 958 1884 nostris
972 1851 1101 1885 subscri-

221 1899 297 1936 bere
313 1899 527 1934 deberemus.
555 1899 683 1948 Qibus
707 1901 794 1934 led‘cis
821 1925 832 1940 ‚
860 1901 917 1944 qui
941 1900 1105 1943 bucusque

222 1960 292 1983 non
315 1950 395 1983 ficut
417 1949 589 1997 oportebat
611 1950 650 1983 de
660 1950 819 1983 Gratia&
833 1950 951 1983 Libero
969 1950 1104 1984 arbitrio

221 1999 382 2040 credidit,
408 2000 448 2032 ad
470 2011 506 2033 ea
520 2010 589 2044 quae
600 1998 673 2032 fidei
686 1998 866 2033 Catholicae
878 2002 1102 2042 conveniunt,

222 2049 371 2087 animum
386 2050 478 2089 suum
491 2048 649 2085 inclinare
660 2060 725 2083 non
738 2047 865 2084 differat
876 2074 883 2082 .

317 2149 703 2186 CAPITULUM
731 2150 1015 2185 PRIMUM.

270 2252 424 2296 ,Quodper
431 2249 583 2291 peccatum
594 2249 667 2281 Adae
680 2260 735 2281 non
742 2247 834 2291 solt'cm
846 2259 951 2293 corpus
965 2275 976 2291 ,
997 2250 1054 2296 sed

446 2304 548 2334 anima
567 2305 660 2333 etiam
680 2298 880 2342 laesafuerat.

283 2401 379 2445 lquis
391 2411 445 2444 per
456 2400 612 2434 offensam
627 2399 899 2442 praevaricationis
914 2399 993 2434 Arias
1005 2425 1016 2442 ,
1031 2413 1097 2436 non

307 2463 432 2492 toturn,
450 2450 481 2484 id
497 2451 561 2489 est,
577 2449 753 2483 secundum
765 2461 880 2493 corpus
894 2452 927 2484 ὃ(
940 2453 1097 2491 animam,

221 2502 255 2535 in
268 2502 405 2536 deterius
417 2501 498 2535 dicit
509 2498 677 2533 hominem
690 2511 929 2534 commutatum
940 2526 949 2541 ,
963 2503 1012 2535 sed
1028 2504 1095 2536 ani-

221 2563 279 2584 mae
299 2549 558 2584 libertateillaesa
581 2548 740 2588 durante,
768 2560 1099 2592 corpustantummo-

220 2601 265 2635 do
286 2599 488 2644 corruptioni
500 2598 601 2631 credit
614 2598 797 2631 obnoxium
811 2622 821 2637 ,
851 2599 975 2643 Pelagii
987 2612 1095 2636 errore

219 2651 374 2694 deceptus
386 2674 396 2690 ‚
421 2649 602 2683 adversatur
612 2648 779 2690 Scripturae
802 2647 924 2682 dicenti
947 2663 957 2682 .·
987 2655 1096 2685 Anima

218 2712 287 2743 quae
301 2705 467 2742 peccaverit
490 2696 555 2740 ipsa
567 2704 703 2730 morietur
714 2722 722 2731 .
751 2698 794 2731 Et
807 2722 818 2737 ,
844 2698 979 2741 Nescitis
988 2724 999 2739 ‚
1028 2714 1095 2743 quo-

218 2756 302 2783 mam
320 2755 364 2783 cui
375 2748 522 2783 exbibens
532 2759 585 2781 vos
592 2746 696 2790 servos
709 2748 754 2781 ad
763 2748 954 2781 obediendum
974 2774 985 2789 ‚
1006 2749 1093 2792 servi

216 2799 285 2840 estis
306 2802 367 2841 ejus
391 2805 438 2831 eui
456 2798 582 2831 obeditis
596 2799 613 2829 ἔ
641 2798 683 2833 Et
694 2821 706 2842 ‚
734 2803 758 2829 A
772 2809 826 2841 quo
837 2804 902 2843 quis
909 2799 1069 2843 superatur
1082 2825 1093 2842 ‚

215 2851 280 2893 dus
292 2851 326 2884 θ
334 2848 444 2898 seram
454 2849 606 2883 addicitur
619 2872 628 2881 .

619 2949 686 2984 11.

262 3051 517 3095 Quodpeccatum
530 3052 602 3084 Adae
615 3062 672 3082 non
684 3048 836 3093 ipſssolt‘cm
849 3054 964 3092 nocuit,
985 3050 1045 3095 sed

410 3103 455 3135 ad
475 3101 602 3144 posteros
626 3112 736 3143 quoque
748 3100 865 3142 tranfite
875 3127 883 3135 .

263 3198 298 3234 si
322 3199 393 3240 quis
404 3202 464 3235 soli
482 3200 562 3236 Adae
574 3202 869 3246 praevaricationem
885 3203 972 3235 suam
985 3225 996 3242 ,
1023 3213 1090 3236 non

214 3250 247 3284 &
270 3249 338 3291 ejus
361 3252 530 3295 propagini
553 3277 564 3293 ,
590 3252 694 3286 asserit
719 3253 866 3297 nocuisse
890 3275 900 3290 ‚
926 3262 981 3285 aut
1008 3253 1093 3287 certe

216 3310 355 3335 mortem
370 3300 493 3333 tantum
507 3303 650 3344 corporis
661 3327 671 3343 ,
698 3313 767 3345 quae
779 3313 873 3346 poena
889 3304 1010 3344 peccati
1024 3304 1067 3336 est
1083 3328 1092 3343 ,

218 3361 287 3384 non
306 3359 414 3382 autern
436 3350 469 3382 δε
484 3361 650 3393 peecatum
663 3377 672 3392 ,
702 3354 790 3396 quod
802 3363 888 3385 mors
900 3352 944 3385 est
957 3354 1092 3390 animae,

218 3411 272 3447 per
293 3409 394 3432 unum
422 3397 588 3434 hominem
610 3401 641 3433 in
663 3413 763 3435 omne
785 3413 887 3446 genus
910 3402 1091 3437 humanum

220 3450 358 3484 tranfiffe
383 3449 535 3490 testatur,
560 3450 757 3492 injustitiam
779 3452 855 3487 Deo
877 3452 992 3494 dabit,
1017 3464 1093 3487 con-

319 3499 426 3539 Christ.
442 3502 523 3542 Lupi
537 3503 635 3540 Opera
644 3502 784 3534 Tom.XI.

1112 1198 1124 1856 -.-——————-————-——-

1544 447 1652 483 111.

1199 548 1293 591 ,2qu
1307 550 1418 580 Gratiet
1442 550 1498 579 Dei
1520 558 1578 580 non
1589 550 1634 581 ad
1642 553 1853 585 invocationem
1864 554 1953 586 detur
1963 576 1979 593 ‚

1292 614 1294 616 ·
1345 597 1404 641 sed
1420 595 1486 641 ipsa
1499 596 1603 642 faciat
1616 608 1648 632 ut
1659 604 1825 634 invocetur.
2026 599 2032 631 l

1180 694 1212 733 Si
1225 698 1298 742 quis
1308 696 1347 738 ad
1361 697 1605 732 invocationem
1615 695 1791 734 humanam
1806 700 1954 734 Gratiam
1968 701 2034 735 Dei

1157 747 1239 782 dicit
1265 751 1351 791 posse
1372 748 1533 788 conferri,
1563 760 1629 783 non
1655 761 1763 784 autem
1786 751 1884 792 ipsam
1897 752 2034 795 gratiam

1158 799 1262 832 facere
1275 822 1286 837 ,
1312 809 1348 832 ut
1361 798 1555 832 invocentur
1567 799 1584 833 a
1600 798 1714 841 nobis,
1740 800 1934 834 contradicit
1947 800 2036 834 lsaiae

1160 848 1351 891 Prophetae,
1380 849 1432 882 vel
1452 848 1616 891 Apostolo
1638 848 1724 884 idem
1749 850 1896 884 dicenti.-
1928 854 2038 882 Inven-

1160 908 1209 931 tus
1232 897 1317 942 sum,
1346 899 1366 929 ἃ
1383 909 1440 930 non
1462 899 1661 940 qua-rentibus
1682 913 1755 943 me;
1779 901 1887 943 paldm
1908 903 2038 941 apparui

1159 948 1208 981 bis
1223 973 1234 990 ,
1260 953 1312 990 qu}
1336 958 1382 981 me
1402 959 1460 982 non
1474 950 1702 994 interrogabant
1717 975 1726 984 .

1558 1049 1645 1085 IV.

1162 1149 1257 1192 ‚Quod
1275 1153 1375 1188 Deus,
1402 1158 1435 1182 ut
1461 1151 1481 1181 ἃ
1498 1158 1618 1192 peccato
1640 1159 1822 1195 purgemur,
1855 1154 2046 1187 voluntatem

1287 1198 1411 1240 nostram
1430 1211 1488 1233 non
1499 1201 1629 1244 expectet
1642 1226 1653 1242 ,
1670 1201 1895 1245 sedpraeparet
1907 1228 1916 1235 .

1211 1299 1246 1334 Si
1271 1299 1344 1342 quis
1366 1307 1402 1332 ut
1419 1298 1438 1332 ὲ
1457 1310 1589 1343 peccato
1616 1312 1811 1347 purgemur,
1839 1301 2047 1336 voluntatem

1164 1348 1307 1383 nostram
1328 1349 1439 1382 Deum
1450 1352 1615 1392 expectare
1627 1351 1813 1390 contendit,
1843 1361 1911 1383 non
1938 1360 2049 1385 autern

1164 1407 1199 1431 ut
1219 1398 1321 1432 etiam
1345 1399 1476 1443 purgari
1490 1398 1647 1439 velimus,
1674 1411 1728 1443 per
1741 1400 2052 1443 sanstiSpiritusin·

1166 1448 1328 1482 fusionem
1347 1450 1380 1482 &
1402 1449 1625 1491 operationem
1648 1449 1682 1483 in
1697 1461 1756 1483 nos
1769 1451 2047 1489 fiedconfiremr,

1166 1498 1277 1532 resistit
1295 1498 1366 1541 ipfis
1384 1499 1517 1541 Spiritui
1530 1500 1639 1532 sancto
1650 1510 1704 1542 per
1716 1500 1927 1534 Salomonem
1940 1501 2054 1532 dieen-

1166 1550 1213 1582 ti:
1244 1550 1438 1590 Praeparatur
1460 1549 1601 1582 voluntas
1614 1551 1634 1580 ἃ
1648 1554 1791 1582 Domino.
1821 1550 1864 1583 Et
1883 1549 2048 1593 Apostolo

1169 1598 1332 1631 salubriter
1354 1597 1558 1640 praedicanti:
1587 1601 1669 1632 Deus
1691 1600 1728 1639 est
1741 1604 1792 1641 qui
1806 1608 1945 1641 operatur
1959 1605 1991 1631 in
2003 1610 2055 1635 vo·

1168 1649 1213 1682 bis
1223 1649 1256 1681 (5
1266 1648 1341 1684 velle
1350 1648 1383 1682 Θ
1392 1647 1528 1691 perficere
1543 1657 1595 1688 pro
1606 1649 1682 1682 bona
1692 1651 1845 1684 voluntate
1856 1648 1915 1693 sua
1931 1673 1939 1683 .
1993 1689 2005 1693 ..
2018 1667 2054 1698 45

2020 1725 2058 1746 ’,υ

1591 1748 1637 1784 V,

1168 1850 1261 1893 ‚Quod
1270 1848 1390 1884 initium
1397 1850 1471 1892 fider·
1483 1861 1541 1884 non
1553 1860 1591 1884 ex
1603 1849 1686 1884 nobis
1698 1875 1708 1892 ,
1715 1850 1773 1894 sed
1782 1863 1820 1886 ex
1825 1857 1929 1896 gratia
1943 1857 1998 1886 Dei
2004 1853 2053 1896 fit.

1217 1949 1250 1983 Si
1272 1951 1345 1994 quis
1364 1951 1444 1985 ficut
1466 1961 1705 1995 augmentum,
1731 1952 1775 1986 ita
1797 1951 1896 1987 etiam
1920 1955 2054 1988 initium

1167 1996 1240 2032 fidei
1263 2024 1274 2039 ‚
1302 2001 1470 2044 ipsumque
1492 2003 1693 2035 credulitatis
1718 2003 1866 2037 affectum
1892 2029 1901 2044 ‚
1926 2015 1993 2046 quo
2017 2005 2053 2037 in

1167 2059 1240 2082 eum
1261 2051 1445 2091 credimus,
1472 2053 1527 2094 qui
1553 2051 1704 2093 justificat
1726 2053 1886 2095 impium,
1912 2054 1997 2088 &ad
2009 2064 2053 2087 re-

1166 2103 1413 2142 generationem
1435 2101 1512 2135 sacri
1525 2100 1733 2144 Baptismatis
1742 2105 1945 2145 pervenimus
1958 2128 1968 2142 ,
1982 2115 2050 2137 non

1168 2159 1221 2189 per
1241 2150 1351 2192 gratiae
1372 2150 1497 2184 donum
1519 2174 1531 2190 ,
1570 2152 1602 2184 id
1625 2151 1669 2185 est
1691 2176 1702 2191 ‚
1730 2164 1783 2194 per
1803 2152 2051 2195 inspirationem

1165 2197 1301 2240 Spiritus
1320 2199 1417 2231 sancti
1438 2202 1652 2242 corrigentem
1676 2203 1881 2235 voluntatem
1905 2202 2050 2236 nostram

1164 2245 1204 2279 ab
1228 2247 1419 2281 infidelitate
1439 2249 1480 2282 ad
1504 2251 1602 2283 fidem
1618 2274 1628 2288 ,
1653 2250 1695 2283 ab
1720 2246 1888 2294 impietate
1902 2252 1940 2286 ad
1954 2252 2052 2294 pieta-

1162 2306 1252 2339 tem,
1279 2297 1332 2331 sed
1354 2299 1542 2333 naturaiiter
1564 2299 1768 2334 nobisineffe
1779 2301 1882 2342 dicit,
1909 2301 2050 2344 Aposto-

1162 2347 1235 2380 licis
1256 2347 1467 2391 dogmatibus
1488 2349 1684 2384 adversarius
1707 2351 1925 2393 approbatur,
1952 2351 2048 2385 beato

1161 2397 1266 2431 Paulo
1286 2399 1437 2432 dicente.-
1464 2399 1672 2441 Confidrmus,
1700 2407 1772 2442 qula
1794 2405 1985 2442 quite-pitin
1996 2412 2048 2434 vo·

1160 2447 1204 2479 bir
1217 2449 1319 2480 bonum
1330 2456 1400 2489 opus
1415 2474 1424 2488 ,
1445 2450 1576 2491 perficiet
1599 2448 1686 2492 usque
1696 2457 1728 2481 ln
1741 2452 1818 2483 diem
1832 2454 1948 2482 Domini
1961 2450 2047 2489 nostrl

1152 2496 1234 2544 Jesu
1245 2498 1354 2537 christi
1367 2523 1374 2529 .
1403 2499 1444 2531 Et
1467 2499 1547 2532 illud
1563 2513 1573 2532 .-
1599 2500 1687 2531 Vobis
1699 2500 1847 2540 datumest
1862 2509 1918 2542 pro
1930 2499 2045 2540 cbristo

1158 2559 1214 2579 non
1234 2546 1327 2589 saltim
1353 2558 1385 2579 ut
1408 2554 1440 2578 in
1462 2559 1525 2579 eum
1534 2550 1684 2587 credatis,
1709 2548 1866 2591 sedetiam
1877 2558 1973 2591 utpro
1995 2551 2046 2583 illo

1154 2603 1316 2637 patiamini
1326 2622 1333 2628 .
1364 2598 1405 2629 Et
1420 2619 1429 2635 ‚
1441 2600 1551 2629 Gratia
1560 2597 1729 2639 salvifaffl
1741 2599 1806 2638 estis
1815 2608 1872 2641 per
1880 2599 1970 2641 fidem
1984 2625 1994 2640 ‚
2009 2602 2044 2635 (9²

1156 2647 1207 2680 boc
1220 2659 1277 2680 non
1288 2659 1325 2680 ex
1337 2647 1423 2680 vobis
1437 2658 1443 2677 :
1459 2650 1515 2680 Dei
1528 2653 1604 2680 em'm
1616 2650 1724 2680 donum
1734 2649 1785 2688 est.
1819 2651 1887 2697 Qi
1899 2652 1988 2684 enim
2002 2649 2044 2683 fi-

1155 2696 1251 2736 dem,
1278 2708 1342 2740 qua
1362 2697 1394 2729 in
1411 2696 1518 2730 Deum
1533 2699 1715 2739 credimus,
1741 2700 1856 2733 dicunt
1876 2701 1937 2733 esse
1952 2710 2043 2733 natu-

1156 2746 1253 2780 ralem
1267 2770 1279 2787 ‚
1304 2756 1417 2779 omnes
1438 2758 1495 2780 eos
1517 2748 1571 2790 qui
1593 2748 1633 2782 ab
1647 2748 1784 2782 Ecclesia
1798 2749 1918 2782 Christi
1941 2749 2042 2783 alieni

1156 2798 1229 2833 sunt
1240 2820 1251 2837 ,
1277 2795 1525 2840 quodammodo
1536 2799 1648 2833 fideles
1661 2800 1722 2833 effe
1734 2799 1895 2834 definiunt
1906 2823 1914 2831 .

1555 2899 1640 2933 Vl.

1156 2999 1248 3043 ,Qudd
1261 2997 1320 3038 fine
1336 3003 1441 3044 gratia
1454 3003 1508 3031 Del
1518 3024 1527 3038 ,
1555 3000 1738 3034 credentibus
1752 3000 1787 3033 Θ
1797 3000 1972 3041 petentibus
1986 3004 2040 3034 mi-

1215 3048 1373 3092 sericordia
1386 3062 1442 3082 non
1452 3048 1617 3090 conferatur
1630 3073 1640 3088 ,
1666 3051 1733 3082 ct'sm
1739 3056 1843 3093 grana
1856 3049 1980 3094 ipsasc-

1348 3107 1406 3134 ciat
1417 3124 1427 3140 ‚
1442 3109 1474 3131 ut
1481 3100 1637 3133 credamus
1650 3101 1831 3143 &petamus
1843 3126 1852 3135 .

1202 3200 1236 3235 Si
1262 3199 1333 3243 quis
1353 3201 1418 3234 fine
1442 3200 1545 3244 gratia
1559 3199 1623 3232 Dei
1648 3199 1875 3243 credentibus,
1902 3202 2041 3236 volenti-

1154 3249 1211 3284 bus
1225 3274 1235 3290 ,
1262 3250 1511 3284 desiderantibus
1523 3274 1534 3289 ,
1557 3251 1775 3292 conantibus,
1801 3251 2038 3291 laborantibus,

1155 3300 1393 3345 vigilantibus,
1420 3299 1649 3341 studentibus,
1668 3302 1874 3344 petentibus,
1901 3311 2038 3342 quaeren-

1154 3351 1239 3384 tibus
1253 3374 1264 3390 ‚
1290 3350 1490 3394 pulsantibus
1501 3347 1596 3383 nobis
1608 3350 1859 3386 misericordiam
1870 3351 1949 3383 dicit
1960 3361 2038 3384 cou-

1154 3401 1226 3434 ferri
1238 3400 1397 3434 divinitus
1409 3422 1418 3438 ‚
1443 3411 1510 3434 non
1523 3410 1629 3434 autem
1643 3410 1678 3435 ut
1688 3402 1853 3435 credamus
1863 3423 1874 3439 ,
1888 3400 2039 3441 velimus,

1159 3451 1213 3485 vel
1232 3449 1297 3486 haec
1309 3451 1421 3486 omnia
1432 3475 1444 3493 ‚
1467 3450 1549 3486 sicut
1565 3461 1695 3496 oportet
1707 3475 1718 3490 ‚
1743 3460 1837 3496 agere
1850 3449 2009 3485 valeamus
2021 3475 2035 3492 ,

1704 3501 1737 3535 R
1937 3510 1991 3543 per
