2366 3736
666 114 748 160 DE
785 115 1100 160 OPINIONE
1137 104 1491 158 PnoiiAn'in.

208 196 261 247 usu
273 227 284 243 ,
304 200 363 245 sed
371 195 629 241 adperfeliionem
641 197 752 231 homini
757 194 886 237 sufficere
902 192 996 236 solam
1015 193 1083 227 hae-

1927 114 2005 176 ‘37

1142 191 1338 236 misericordia
1349 199 1441 227 etiam
1458 193 1574 242 supplet
1585 194 1620 227 id
1638 194 1718 237 quod
1737 191 1931 234 desideratur.
1959 197 2023 230 Ha?

208 250 438 292 retieamfidem.
466 249 518 282 De
531 249 597 292 ejus
618 245 828 281 Senatoribus
852 244 960 279 scribit
982 244 1082 277 etiarn
1142 243 1193 279 bes
1208 246 1279 284 jam
1295 252 1357 278 tres
1379 246 1511 277 Divinas
1524 246 1642 278 Domini
1658 243 1840 287 sententias.
1879 247 2019 288 ,Quarum

63 284 187 319 Hael'es·
207 303 331 337 sanstus
345 298 567 343 Epiphanius,-
591 297 688 330 Nulla
704 298 788 337 apud
799 295 863 328 illos
884 305 955 327 cura
973 292 1084 336 sandli-
1139 299 1241 335 prima
1259 293 1343 335 justa
1362 293 1420 337 eft,
1446 294 1542 327 altera
1566 295 1801 339 benigna'atque
1821 293 2020 327 humanitatis

0 349 5 357 “
32 334 89 382 76·
114 345 184 379 cap·
207 357 283 386 ram
304 350 361 390 est,
388 357 441 382 aut
455 351 654 391 jejuniorum,
681 355 735 378 aut
755 346 965 380 mandatorum
990 347 1048 376 Dei
1074 367 1083 382 ,
1121 367 1123 370 -
1142 345 1255 385 plena,
1282 350 1373 378 tertia
1395 345 1555 376 honitatem
1581 344 1694 378 omnem
1713 346 1849 378 excedit.
1885 346 2021 387 Sequitur

35 393 66 431 4
206 402 420 436 ceterorumve*
442 408 540 433 rerum
549 421 562 438 ,
588 407 656 438 quae
681 395 854 434 haminibus
873 394 946 438 sunt
971 396 1085 426 Divino

205 453 351 486 mandato
359 448 544 492 praescriptae
558 471 564 478 .
592 447 669 478 cum
681 456 830 479 occurrens
842 449 884 478 eis
897 445 1005 489 aliquis
1031 446 1084 475 Di-

205 508 344 535 vinorum
367 503 584 539 praceptorum
605 501 782 530 mentionem
802 496 945 536 injiciunt
957 516 967 532 ,
989 492 1085 537 subji-

204 557 288 585 ciunt
298 549 402 584 nihilh
413 547 496 580 nobis
505 547 590 580 aliud
595 545 734 589 flagitare
750 547 845 579 Deum
857 569 867 585 ,
887 556 908 586 q
917 546 987 577 usim
1001 553 1033 576 ut
1044 553 1086 575 co-

198 599 372 645 gnoscamus
381 597 499 640 ipsum,
528 598 774 639 quemadmodum
792 595 927 634 cbristus
954 594 1086 627 declara-

206 656 256 684 vit
266 648 315 682 bis
336 648 459 681 verbis:
489 647 569 682 Haec
590 646 635 681 est
661 647 744 686 vita,
772 656 809 679 ut
829 645 1030 689 cognoscant
1054 652 1086 676 te

204 700 309 733 solum
322 698 434 731 Deum
447 708 556 730 verum
569 721 580 737 ‚
606 698 638 731 ὅ(
650 708 746 740 quem
759 694 867 729 mifisti
889 696 904 738 J
921 695 946 727 E
957 695 977 727 S
991 692 1030 727 U
1043 691 1082 725 M

0 769 3 771 ·
204 748 372 783 Christum
384 772 390 780 .
420 752 508 780 Nam
516 749 550 781 (9⁴
563 747 715 779 nonnullos
726 745 887 787 referentes
898 740 1088 781 audivimus,

0 810 15 843 p
204 800 286 841 quod
295 800 332 831 de
340 800 430 830 AEtio
437 799 542 839 palam
549 795 582 840 se
591 797 736 839 audiviffe
745 794 968 836 testificarentur
976 816 985 825 .
1011 793 1088 826 cum

203 850 328 891 quidam
338 848 371 881 ob
384 849 501 882 illatum
506 846 645 888 foeminae
646 846 781 888 stuprum
801 843 1005 888 accusarentur
1017 868 1027 884 ‚
1055 844 1088 875 o·

206 899 247 931 ab
259 900 331 932 aliis
354 900 595 937 damnarentur,
623 896 703 929 nibil
720 897 804 929 illum
818 904 988 928 commotum
1002 918 1011 933 ,
1033 890 1091 934 sed

205 947 327 991 fadlum
346 949 425 982 mad
441 945 503 989 risu
523 958 558 980 ac
573 946 704 979 ludibrio
716 944 932 989 prosequentem
954 943 1054 985 dixiffe
1081 966 1091 982 ,

206 999 318 1032 nullius
330 998 381 1031 boc
393 1003 533 1030 momenti
544 997 595 1038 effe
606 1021 613 1028 .
641 991 782 1038 Corporis
795 996 871 1029 banc
884 997 934 1037 effe
946 993 1070 1032 neceffltae
1083 1010 1092 1015 -

189 1056 266 1082 vrem
276 1058 311 1081 ac
324 1047 527 1090 funfflionem.
556 1047 814 1090 ,Quemadmodum
835 1054 935 1079 autem
960 1053 1083 1075 nonnun-

204 1109 299 1142 quam
307 1096 466 1141 scalpimus
478 1121 489 1137 ‚
511 1094 706 1140 sed‘pennula
731 1098 782 1130 vel
790 1095 905 1137 festuca
910 1093 1089 1139 scalpimus,

205 1151 299 1191 atque
317 1148 369 1182 boc
379 1149 464 1181 modo
471 1152 607 1189 pruritus
618 1147 743 1196 desinit5
765 1146 804 1188 fic
818 1149 851 1181 ῶ*
861 1147 898 1178 id
914 1144 1094 1178 naturaliter

147 1207 149 1209 ·
204 1198 292 1232 nobis
303 1203 420 1232 evenit.
450 1203 560 1241 Neque
572 1196 730 1241 quisquam
738 1209 774 1231 ea
783 1196 815 1230 're
819 1196 966 1239 facienda
975 1202 1076 1237 peccat
1085 1218 1092 1225 .

206 1249 254 1283 Et
276 1247 505 1283 Eunomiu's&
523 1247 640 1282 AEtius
655 1273 666 1289 ,
693 1246 888 1282 eodem‘fere
902 1246 993 1279 sensu
1019 1253 1095 1277 cum

206 1298 379 1332 Gnosticis
391 1323 402 1339 ,
428 1299 624 1332 censuerunt
638 1296 852 1341 peccata·'non
865 1298 928 1331 effe
942 1303 1071 1338 peccata
1093 1316 1099 1324 .

209 1347 285 1382 Nec
297 1348 466 1391 displicere
490 1348 585 1388 Deo,
613 1348 645 1381 δε
667 1346 836 1387 hominem
861 1357 916 1388 per
934 1345 1001 1386 ipsa
1022 1344 1098 1394 ‘non

209 1398 366 1432 maculari
382 1406 389 1428 ;
419 1397 459 1429 Et
473 1396 553 1430 hinc
566 1398 663 1430 fausti
677 1395 831 1445 Gregorii
845 1392 984 1436 Nyffeni
999 1391 1099 1426 trans-

210 1446 296 1479 lator
307 1443 447 1479 aedano
460 1445 650 1479 testimonio
663 1443 732 1479 non
745 1443 830 1478 male
842 1443 932 1477 dedit
941 1440 1005 1476 hoc
1018 1453 1088 1474 mar

208 1495 324 1541 ginale
334 1493 512 1530 Scholion:
542 1494 721 1529 Eunomiu‘s‘
733 1493 773 1534 est
794 1493 988 1529 Lutberanus
1001 1517 1008 1524 .
1038 1493 1098 1525 Lu-

208 1546 324 1580 :herus
335 1546 433 1579 etiam
446 1556 522 1579 cum
536 1545 636 1579 AEtio
647 1546 788 1580 effutivit
802 1557 869 1584 non
883 1542 992 1578 minns
1015 1539 1104 1580 renes

217 1596 282 1630 effe
296 1596 481 1640 purgandos
495 1621 504 1635 ‚
531 1595 629 1639 quam
643 1596 754 1630 alvum
769 1622 776 1631 .
880 1601 882 1603 ’
941 1601 943 1603 ’
1047 1590 1059 1598 “

264 1646 312 1680 At
325 1645 397 1679 vero
409 1647 530 1679 sanstus
555 1645 807 1690 Hieronymus,
833 1646 867 1681 δε
887 1644 945 1678 alii
972 1643 1105 1688 praefatae

212 1697 384 1740 opinionis
395 1696 576 1734 defensores
586 1695 773 1733 orthoioxe
786 1696 990 1730 crediderunt
1002 1694 1035 1728 &
1049 1691 1105 1727 do-

213 1753 353 1781 cuerunt
374 1756 503 1788 peccata
523 1748 585 1780 effe
598 1747 669 1780 vere
693 1757 821 1790 peccata
837 1772 847 1787 ,
876 1757 984 1779 veram
1012 1743 1102 1782 Divi·

210 1808 264 1830 nae
275 1795 456 1840 Majestatis
467 1797 622 1831 offensam
634 1822 644 1838 ,
673 1807 762 1832 veras
791 1797 934 1831 maculas
957 1796 1106 1829 humanae

212 1857 337 1881 maturae
357 1871 364 1877 .
391 1847 433 1881 Et
469 1848 593 1881 cunstis
609 1848 715 1882 deberi
755 1847 924 1893 gehennas
945 1872 952 1878 .
981 1844 1101 1880 Omnis

213 1895 350 1941 quaestio
362 1898 424 1931 fuit
436 1897 477 1932 de
489 1897 623 1932 istorum
641 1909 695 1941 per
708 1897 764 1931 has
775 1897 1014 1943 expurgatione
1027 1920 1034 1927 .
1065 1895 1108 1927 Et

212 1947 389 1991 praesertim
403 1947 442 1981 de
453 1949 688 1993 expurgatione
700 1948 882 1983 carnalium
906 1946 1082 1981 libidinum
1100 1969 1105 1974 .

215 1996 386 2029 Sententia
398 1996 456 2030 ista
468 1996 583 2031 docuit
597 1998 653 2031 has
668 1999 835 2039 compens.
843 1998 871 2030 ri
884 2008 920 2030 ae
938 1993 1107 2029 emundari

215 2044 348 2079 duobus
370 2045 478 2079 modis
493 2070 500 2077 .
528 2044 590 2079 Per
610 2046 834 2087 eleemosynas
856 2054 911 2077 aut
933 2046 996 2079 alia
1022 2044 1107 2076 bona

215 2104 315 2138 opera
327 2095 360 2128 in
374 2093 435 2129 hac
450 2096 514 2130 vita
525 2119 535 2135 ‚
564 2095 616 2128 vel
629 2095 662 2128 in
677 2095 782 2128 futura
796 2106 849 2137 per
867 2093 962 2138 longi
986 2104 1108 2135 tempo-

216 2143 261 2177 ris
281 2144 480 2189 gehennales
492 2145 656 2178 flammas.
685 2144 740 2177 Est
755 2145 901 2177 doctrina
925 2144 1024 2178 etiam
1049 2143 1108 2176 La-

214 2194 329 2227 stanti?
343 2193 501 2227 Firmiani
514 2216 525 2233 ‚
551 2194 651 2237 quiin
666 2194 805 2236 septimo
826 2193 1027 2227 Divinarum
1056 2192 1106 2225 ln-

215 2242 428 2277 stitutionurn
447 2243 533 2277 libro
546 2243 643 2278 docet
654 2243 774 2287 impios
798 2255 913 2278 omnes
926 2268 935 2284 ,
967 2242 1057 2285 quod
1071 2243 1105 2275 in

217 2292 405 2339 Unigeniti
430 2302 551 2328 nomen
566 2305 635 2328 non
658 2293 877 2335 crediderint,
904 2294 966 2328 esse
976 2293 1040 2336 jam
1061 2292 1106 2335 ju·

217 2343 346 2378 dicatos
356 2369 366 2385 ,
396 2343 536 2388 ideoque
547 2343 581 2377 in
604 2354 753 2378 extremo
773 2344 827 2378 die
843 2345 929 2378 solos
954 2342 1106 2377 Catholi-

48 2416 135 2461 cap·
146 2423 204 2452 20.
217 2404 274 2427 cos
285 2395 354 2428 fore
364 2393 557 2435 judicandos
567 2419 578 2435 ,
606 2404 704 2438 atque
714 2394 884 2439 adjungit:
906 2392 1107 2439 judicabun-

217 2496 255 2528 id
263 2493 299 2534 est
312 2518 323 2534 ‚
350 2496 433 2526 mala
445 2503 535 2536 opera
547 2506 613 2528 cum
625 2495 708 2527 bonis
718 2495 825 2528 collata
834 2495 1083 2536 ponderabuntur
1097 2518 1107 2534 ,

217 2553 253 2578 ut
260 2543 290 2584 si
294 2544 387 2585 plura
397 2546 432 2578 ὦ·
441 2551 589 2587 graviora
592 2544 713 2586 fuerint
725 2544 758 2577 bo
766 2556 804 2576 na
811 2544 947 2586 ji'istaque
960 2570 970 2585 ,
998 2546 1107 2578 dentur

220 2595 267 2627 ad
289 2599 388 2626 vitam
409 2594 528 2628 beatam
534 2608 549 2636 ;
572 2593 618 2635 fin
640 2604 739 2629 autem
759 2597 841 2628 mala
856 2594 1070 2638 superaverint
1098 2619 1109 2636 ,

219 2645 455 2679 condemnentur
466 2646 511 2677 ad
515 2653 636 2687 poenam
651 2669 658 2677 .

273 2694 422 2728 Eandem
434 2697 704 2737 ponderationem
717 2694 825 2728 laudat
838 2696 871 2728 in
886 2695 1036 2729 oratione
1050 2707 1108 2738 pro

220 2745 384 2780 defunctis
397 2746 523 2779 sanstus
534 2746 676 2789 Ioannes
688 2746 929 2779 Damascenus:
962 2749 1107 2778 Dominus

222 2799 304 2828 Deus
317 2796 354 2827 td
362 2818 373 2834 ,
401 2797 481 2836 quod
493 2796 633 2829 manibus
640 2793 704 2838 suis
713 2796 826 2837 effinx⁴t
835 2821 845 2836 ,
874 2802 905 2827 in
914 2802 1011 2828 vitam
1024 2806 1107 2829 ‹eter-

220 2856 293 2880 nam
303 2843 489 2887 conservabit
503 2870 513 2885 ‚
541 2845 598 2886 nifi
614 2851 681 2887 quis
699 2845 854 2888 perspicu?
872 2847 1032 2887 deplorata:
1053 2853 1105 2879 im-

218 2894 381 2938 probitatis
400 2894 501 2936 fueris
527 2920 538 2936 ,
564 2892 734 2938 rectamque
752 2896 844 2938 fidem
866 2895 1072 2939 contempserit
1098 2922 1108 2938 ,

222 2951 256 2978 in
266 2955 351 2986 eoque
361 2944 448 2987 causa
453 2944 491 2986 fit
503 2969 514 2985 ,
542 2954 574 2978 ut
578 2945 696 2988 finistra
707 2946 791 2988 ipsius
803 2947 877 2979 lanx
889 2947 1027 2980 deorsum
1038 2955 1106 2989 prae

219 3001 376 3038 gravitate
392 2998 533 3036 majorem
545 3002 578 3029 in
589 2998 707 3028 modum
726 2997 911 3038 propendeat
926 3022 933 3029 .
963 3001 1107 3031 Narrant

224 3050 303 3079 enim
323 3050 385 3078 viri
408 3047 532 3088 quidam
555 3071 564 3087 ,
593 3048 745 3079 divinitus
765 3046 901 3085 illustrati
921 3072 930 3086 ‚
957 3046 1108 3080 bominum

225 3095 353 3128 afflones
366 3100 397 3127 in
409 3105 539 3129 extremo
551 3101 625 3130 vitae
633 3094 744 3139 spiritu
758 3121 767 3136 ,
794 3107 850 3128 non
868 3096 950 3138 secus
970 3106 1060 3140 atque
1076 3104 1108 3130 in

226 3151 342 3178 trutina
353 3168 364 3183 ‚
386 3147 534 3188 perpendi
549 3172 554 3178 .
583 3149 622 3178 Ac
626 3146 655 3187 si
661 3148 781 3188 quidem
792 3149 902 3179 dextra
930 3149 1003 3180 lanx
1013 3146 1107 3189 supra

227 3194 354 3226 alteram
375 3195 514 3236 efferatur
528 3221 538 3237 ‚
565 3209 623 3229 non
648 3197 698 3240 effe
719 3197 921 3230 dubitandum
948 3222 958 3237 ,
998 3204 1070 3239 quin
1096 3221 1106 3236 ‚

227 3241 362 3285 quisquis
376 3247 422 3278 ille
433 3246 471 3285 est
484 3271 494 3287 ,
518 3252 596 3280 inter
608 3247 744 3280 dexteros
758 3249 881 3292 Angelos
903 3254 1037 3280 animam
1057 3260 1106 3281 ex-

227 3293 325 3326 halet.
356 3294 385 3324 52
402 3305 499 3329 autem
511 3303 603 3339 paria
616 3295 767 3340 utriusque
774 3299 872 3330 lancis
886 3307 1032 3332 momenta
1035 3298 1108 3339 sint,

229 3346 288 3375 Dei
314 3344 495 3377 clementiam
519 3347 621 3388 procul
654 3348 742 3380 dubio
760 3348 920 3380 vitiorium
942 3348 1072 3382 obtinere
1101 3374 1106 3380 .

231 3395 339 3439 Quin,
366 3402 398 3425 ut
411 3392 619 3436 cisanc‘lifflmis
638 3403 716 3431 viris
734 3399 886 3439 proditum
909 3399 946 3435 est
958 3424 969 3438 ,
998 3398 1113 3438 etiamsi

230 3449 346 3477 trutina
356 3443 493 3476 nonnihil
500 3448 542 3476 ad
550 3447 661 3479 laevam
682 3458 812 3490 vergat,
838 3458 901 3483 turn
925 3457 1026 3485 tamen
1052 3451 1107 3486 Dei

330 3492 437 3533 Christ.
454 3498 530 3539 Lupi
543 3498 639 3539 Opera
652 3500 795 3532 Tom.X1.

218 2447 367 2488 turi-rgo,
394 2449 443 2486 qui
453 2446 546 2478 Deum
553 2444 732 2488 sciverunt,
759 2446 790 2478 cb·
808 2444 951 2487 facinora
967 2455 1067 2477 eorum
1094 2468 1105 2484 ,
1140 2440 1143 2443 ’

1145 404 1254 436 quarta
1266 419 1277 434 ‚
1304 406 1371 436 quae
1381 394 1499 436 quidem
1513 402 1575 426 tum
1586 395 1708 436 denique
1718 389 1807 428 locum
1818 393 1908 428 babet
1920 419 1930 434 ,
1957 396 2022 428 cum

1145 444 1289 485 improbat
1304 446 1337 477 (5
1344 441 1500 491 flagitiosa*
1509 443 1636 476 ac‘liones
1649 446 1771 479 nimium
1777 447 2022 487 praeponderant.

1147 493 1235 527 Eheu
1248 518 1259 533 ,
1286 498 1412 527 Fratres
1427 519 1433 525 .
1456 497 1549 527 'Nam
1561 499 1652 526 etiam
1663 493 1725 526 baec
1736 496 1866 537 profec‘lo
1877 494 1914 535 est
1924 492 2026 537 justis·
2062 533 2065 535 ,

1140 542 1215 586 fima
1226 568 1236 582 ,
1262 552 1295 575 ut
1307 555 1374 585 quae
1387 545 1543 575 damnatis
1556 554 1614 575 non
1625 542 1763 583 nisijusta
1771 552 1944 586 pronuntiet
1956 570 1963 577 .
2104 540 2113 560 Ρ

1198 593 1347 627 Eandem
1370 593 1618 627 trutinationem
1633 593 1743 626 laudat
1765 595 1798 627 in
1814 596 1867 627 sua
1886 595 2030 638 Dioptra.

1149 644 1303 686 antiquus
1316 656 1353 678 ac
1365 642 1509 677 eruditus
1520 643 1604 685 apud
1620 644 1750 676 Graecos
1762 644 1906 685 Scriptor
1916 669 1927 683 ,
1954 645 2032 677 Phi-

1150 694 1257 736 lippus
1279 693 1466 728 Solitarius:
1496 695 1577 739 ,Quis
1589 694 1640 726 vel
1655 695 1752 735 sermo
1773 699 1942 734 exprimet,
1984 694 2036 726 vel

1149 743 1314 777 intellec‘lus
1326 745 1447 777 tandem
1455 750 1552 785 capiet
1564 768 1574 783 ‚
1600 754 1689 785 quam
1699 744 1902 789 calamitatem
1913 744 2034 787 necessa-

1150 796 1193 825 rio
1198 792 1334 836 subitura
1343 793 1380 833 est
1391 800 1494 827 anima
1508 817 1518 833 ,
1545 794 1665 835 quando
1675 793 1797 833 instabit
1821 794 1841 824 ὰ
1859 802 1972 834 corpore
1989 792 2037 835 se-

1148 844 1299 886 paratio?
1327 846 1483 877 Daemones
1496 843 1686 884 maleferiati
1708 854 1774 875 cum
1794 845 1921 876 tumultu
1942 844 2037 876 adve-

1154 888 1258 934 nient,
1285 892 1482 940 chyrographo
1494 895 1527 926 (¹5
1534 901 1720 935 peccatorum
1736 905 1855 934 acervos
1877 902 2039 935 apportan-

1152 952 1197 978 tes
1210 956 1220 986 ;
1250 945 1352 988 angeli
1363 940 1533 977 humaniter
1542 956 1577 980 ea
1584 941 1644 985 per‘
1654 949 1800 976 trutinam
1811 943 2039 980 examinabunt,

1154 993 1260 1037 qulbus
1279 989 1433 1027 Daemones
1440 1001 1588 1036 graviora
1599 1004 1653 1030 tua
1664 1000 1790 1027 crimina
1811 996 1958 1035 adjicient
1974 1018 1980 1025 .
2008 994 2040 1025 51

1149 1043 1278 1086 jurasti,
1302 1043 1330 1085 fi
1345 1045 1527 1079 calumniam
1540 1044 1695 1084 struxisti,
1719 1043 1748 1085 fi
1756 1044 1976 1087 fornicationes
2002 1044 2037 1077 (9⁹

1157 1096 1307 1128 adulteria
1313 1094 1510 1136 perpetrasti,
1533 1094 1561 1135 fi
1566 1093 1691 1137 aversus
1702 1096 1868 1136 impudicus
1878 1094 1966 1136 fuisti
1983 1118 1992 1133 ‚
2013 1091 2043 1135 fi

1159 1155 1187 1177 te
1192 1143 1287 1187 supra
1293 1144 1411 1184 fratres
1419 1146 1514 1177 extuli
1539 1151 1569 1185 i,
1587 1144 1616 1186 si
1621 1154 1722 1178 contra
1735 1150 1842 1189 amicos
1849 1151 1992 1178 mentitus
2003 1154 2045 1176 es:

1158 1203 1250 1228 totum
1261 1195 1387 1236 denique
1400 1198 1434 1227 Θ
1438 1194 1611 1236 simpliciter
1618 1204 1803 1236 peccatorum
1829 1204 1944 1227 tuorum
1965 1203 2046 1227 cata-

1159 1246 1254 1288 logum
1265 1268 1275 1283 ,
1308 1243 1360 1286 seu
1374 1242 1494 1286 sciens',
1520 1242 1574 1286 seu
1596 1244 1726 1292 nesciens
1736 1270 1745 1286 ,
1769 1244 1820 1288 seu
1838 1243 1973 1287 sentiens
1992 1242 2062 1286 seu,

1162 1305 1218 1326 non
1227 1291 1362 1335 sentiens
1375 1294 1428 1325 illa
1439 1293 1617 1334 commiseris
1628 1317 1638 1332 ,
1659 1301 1691 1326 in
1704 1295 1834 1326 bumerts
1852 1294 2010 1336 gestabunt
2038 1316 2050 1332 ,

1162 1346 1197 1377 (τ
1215 1343 1420 1384 apportabunt
1442 1348 1542 1375 omnia
1566 1341 1709 1383 maleficia
1722 1367 1732 1382 ,
1752 1342 1997 1384 festinabuntque
2018 1349 2051 1374 ut

1164 1394 1312 1425 bominum
1324 1398 1416 1425 exitio
1428 1394 1568 1426 laetantes
1583 1416 1593 1432 ‚
1621 1394 1655 1426 <5
1676 1404 1748 1426 num
1763 1402 1951 1434 peccatorum
1974 1393 2051 1425 lanx

1159 1443 1298 1476 >deorsum
1309 1451 1416 1486 vergat
1427 1467 1438 1483 ‚
1465 1440 1667 1485 observabunt
1679 1468 1686 1475 .
1719 1445 1798 1474 Boni
1811 1446 1883 1476 vero
1898 1444 1999 1487 Angelt
2020 1448 2053 1474 in

1132 1514 1135 1527 ι
1166 1495 1293 1527 alteram
1313 1495 1428 1526 lancem
1450 1495 1563 1525 decenti
1579 1492 1676 1536 specie
1696 1494 1790 1527 bonas
1814 1493 1943 1526 adliones
1962 1495 2056 1534 >impo-

1159 1554 1238 1578 -nent
1250 1570 1256 1577 .
1284 1540 1405 1586 Ne'mpe‘
1409 1541 1439 1585 fi
1447 1541 1606 1585 misericors
1614 1543 1702 1584 fuisti
1709 1566 1728 1583 ,v
1729 1543 1758 1584 st
1759 1543 1915 1584 fratribus
1924 1548 2059 1585 peperci-

1161 1596 1200 1636 sli
1212 1621 1221 1635 ,
1243 1593 1271 1635 fi
1280 1595 1342 1628 cibo
1352 1593 1523 1638 esurientem
1536 1591 1656 1634 refecisti
1668 1618 1678 1633 ,
1701 1592 1843 1636 fifitienti
1862 1602 1968 1636 potum
1976 1603 2058 1636 prae-

1168 1647 1254 1689 buifli
1281 1669 1292 1685 ‚
1323 1643 1355 1687 fi
1368 1645 1480 1678 nudum
1501 1650 1676 1687 tegumentis
1713 1644 1871 1691 operuisti,
1904 1644 1933 1686 fi
1946 1648 2058 1677 carceri

1169 1696 1327 1728 mandatos
1338 1696 1371 1727 (θ’
1383 1703 1507 1738 aegrotos
1524 1694 1646 1738 invifisti
1658 1720 1668 1735 ,
1688 1694 1717 1735 fi
1721 1700 1894 1739 peregrinos
1911 1697 1945 1728 (¹1
1961 1692 2059 1737 bospi-

1170 1753 1211 1780 tio
1222 1754 1357 1779 carentes
1370 1751 1402 1777 in
1413 1746 1492 1779 aedes
1507 1754 1575 1777 tuas
1599 1746 1762 1786 induxisti,
1782 1744 1814 1787 fi
1825 1745 2011 1787 pauperibus
2027 1745 2061 1777 ὃ*

1169 1797 1325 1842 egentibus
1336 1805 1417 1838 opem
1426 1795 1549 1835 attulisti
1563 1819 1572 1835 ‚
1591 1795 1621 1838 fi
1627 1797 1713 1829 aliud
1724 1795 1928 1829 humanitatis
1940 1795 2062 1836 officium

1171 1848 1343 1887 humaniter
1355 1853 1484 1890 cuipiam
1496 1846 1655 1887 praeflitilii
1672 1871 1678 1878 .
1709 1851 1777 1879 Haec
1790 1856 1817 1879 te
1829 1853 1861 1878 in
1870 1846 1942 1877 hora
1963 1851 2063 1877 extre·

1171 1911 1221 1930 ma
1242 1897 1421 1930 tuebuntur.
1451 1897 1586 1941 ,Quando
1607 1902 1697 1940 igitur
1709 1896 1837 1929 afflones
1859 1905 1927 1928 tuas
1951 1900 1982 1927 in
2007 1906 2064 1929 me·

1172 1950 1255 1980 dium
1262 1949 1463 1990 protulerint,
1485 1946 1635 1989 profanas
1660 1948 1776 1989 quidem
1801 1950 1979 1984 Dasmnes,
2007 1949 2065 1977 An-

1169 1999 1226 2040 geli
1240 2007 1338 2030 autem
1349 1997 1463 2037 bonas,
1490 1999 1580 2029 lucidi
1589 1998 1728 2037 lucidas,
1766 1995 1913 2038 tenebrofi
1931 1994 2065 2028 tenebro-

1168 2046 1222 2089 sas
1236 2071 1246 2086 ‚
1272 2048 1358 2084 &jis
1370 2047 1468 2078 lances
1492 2051 1706 2085 oneraverint,
1732 2056 1866 2090 utrorum
1886 2054 1963 2088 pars
1985 2046 2065 2086 prae-

1169 2097 1406 2139 ponderaverit,
1434 2096 1496 2128 illos
1523 2097 1665 2140 voluptas
1691 2097 1724 2129 (5
1739 2097 1888 2140 gaudIum
1911 2094 2025 2137 inceffffe
2050 2119 2062 2135 ,

1173 2154 1319 2187 tanquam
1344 2144 1471 2177 viliores
1489 2144 1624 2187 stilicet,
1652 2148 1686 2178 Θ·
1708 2146 1783 2178 vitii
1813 2144 2064 2186 contristabuntur

1175 2195 1421 2234 vehementissimi?
1437 2219 1447 2234 ‚
1473 2204 1505 2227 ut
1526 2194 1672 2234 testantur
1695 2198 1857 2238 Gregorius
1882 2206 2010 2237 magnus
2032 2200 2065 2227 in

1176 2247 1312 2289 Dialogts
1328 2268 1338 2284 ,
1366 2243 1568 2288 magnusque,
1595 2246 1628 2278 (5
1654 2247 1830 2277 omnimodis
1853 2256 2002 2289 magnus,
2031 2246 2065 2278 (δ’

1174 2298 1306 2329 Divinus
1331 2299 1475 2328 Antonius
1489 2319 1500 2335 ,
1528 2294 1732 2340 Magistrorum
1754 2295 2010 2336 reverendifflmus
2031 2298 2065 2331 <9⁴

1173 2346 1348 2380 sannorum
1359 2347 1447 2379 decus
1462 2371 1469 2378 .

1223 2397 1354 2440 Insigne
1368 2396 1464 2439 hujus
1478 2396 1709 2431 trutinationis
1720 2397 1909 2440 exemplum
1923 2397 2017 2433 refert
2028 2395 2065 2429 in

1173 2447 1233 2480 suae
1260 2445 1409 2480 Ecclefiae‘
1432 2445 1619 2481 Annalibus
1656 2444 1841 2490 Eutychius
1873 2444 2065 2481 patriarcha

1174 2497 1420 2531 Alexandrinus
1442 2521 1450 2529 .
1479 2496 1658 2540 cujusdam
1680 2497 1738 2531 sub
1750 2497 1901 2531 Mauritii
1920 2497 2064 2540 Imperio

1173 2546 1370 2581 famofiffimi
1385 2547 1521 2581 latronis
1532 2548 1697 2586 facinora,
1716 2547 2040 2591 comprehensionem
2052 2571 2063 2587 ,

1172 2598 1432 2637 correctionem,
1462 2608 1499 2630 ac
1527 2597 1562 2629 in
1590 2597 1706 2630 mortis
1726 2598 1808 2631 leno
1831 2599 2062 2640 poenitentiam

1171 2649 1331 2690 exponit,
1357 2657 1458 2689 atque
1470 2647 1696 2690 prosequitur:
1726 2650 1800 2680 Fuit
1820 2647 2064 2690 Constantinopo-

1171 2700 1193 2731 li
1207 2704 1258 2731 vir
1268 2697 1412 2739 quideme*
1426 2698 1620 2738 Principibus
1645 2698 1824 2731 Medicorum
1837 2723 1846 2737 ‚
1875 2704 2003 2731 eximius
2017 2706 2059 2730 at·
2078 2687 2151 2722 Lib·
2175 2700 2207 2726 2·

1170 2758 1224 2789 que
1235 2752 1367 2790 egregius
1379 2770 1390 2787 ,
1417 2753 1469 2789 qui
1479 2748 1610 2790 quotidie*
1626 2756 1749 2791 aegrotos
1766 2747 1882 2791 solebat
1903 2748 2023 2789 vifitare
2052 2773 2060 2781 .
2079 2740 2138 2774 f01·
2155 2739 2231 2787 196-

1174 2802 1227 2830 Hic
1239 2800 1318 2830 inter
1325 2798 1534 2830 dormiendum
1547 2799 1626 2830 domi
1633 2797 1697 2840 suae
1710 2805 1743 2831 in
1758 2797 1901 2841 insomnio
1915 2823 1925 2838 ‚
1953 2795 2068 2832 eadem'

1171 2847 1244 2880 bora
1266 2859 1326 2890 qua
1344 2857 1477 2880 mortuus
1502 2849 1540 2887 est
1560 2850 1653 2888 latro,
1683 2848 1767 2888 'vidit
1787 2853 1985 2893 Nigratorum
1997 2859 2061 2881 tur-

1172 2898 1262 2938 bam,
1291 2902 1341 2939 qui
1351 2899 1395 2941 ad
1401 2899 1528 2931 latronis
1538 2899 1643 2931 lelium
1667 2899 1837 2931 accedentes
1855 2898 1998 2932 haberent
2015 2897 2058 2941 se-

1170 2959 1234 2981 cum
1245 2946 1389 2988 chartas,
1416 2948 1521 2990 quibus
1533 2947 1679 2991 inscripta
1705 2958 1793 2981 erant
1814 2951 1879 2989 ejus
1897 2958 2021 2991 peccata
2047 2974 2055 2983 .

1172 3000 1285 3031 Deinde
1298 3000 1331 3032 Θ
1340 2999 1412 3031 duos
1423 2999 1505 3040 piros
1514 3023 1524 3038 ‚
1551 3011 1673 3040 quorum
1685 3000 1788 3031 vultus
1796 2998 2056 3041 splendeftebant,

1171 3050 1298 3082 candore
1311 3054 1379 3082 nivi
1392 3073 1402 3088 ,
1425 3042 1655 3090 pulchritudine
1658 3047 1714 3091 soli
1729 3048 1860 3090 fimdes,
1887 3050 1996 3083 libram
2006 3060 2055 3083 te-

1171 3109 1289 3132 nentes.
1317 3103 1362 3131 Et
1373 3100 1544 3131 accedentes
1557 3103 1696 3143 Nigrttae
1716 3098 1838 3133 chartas
1861 3099 1932 3140 isias
1954 3111 2055 3133 omnes

1171 3154 1201 3182 in
1214 3150 1327 3182 libram
1337 3152 1477 3189 conjicere
1490 3174 1501 3189 ‚
1527 3151 1600 3182 adeo
1621 3159 1653 3182 ut
1664 3145 1793 3190 lancium
1814 3152 1932 3189 altera,
1959 3152 2054 3182 altera

1173 3199 1318 3241 depressa,
1339 3199 1545 3243 adscenderet.
1574 3200 1687 3243 Dixisse
1700 3202 1901 3244 ergoalterum
1922 3206 2089 3243 virorums

1173 3250 1369 3282 candidorum
1376 3247 1427 3291 suo
1434 3247 1526 3291 soc1'o:
1556 3261 1612 3283 non
1633 3250 1671 3290 est
1685 3249 1766 3283 nobis
1776 3250 1823 3283 bic
1835 3252 1969 3292 aliquid.
1998 3253 2054 3282 Re-

1168 3298 1333 3342 spondente
1343 3309 1442 3332 autem
1452 3301 1565 3339 altero,
1593 3302 1671 3343 quid
1691 3300 1776 3334 nobis
1802 3300 1850 3334 bic
1871 3302 1937 3342 esset
1951 3324 1960 3338 ‚
1988 3300 2053 3331 clim

1173 3350 1303 3383 nondum
1326 3350 1419 3382 decem
1439 3350 1503 3382 dies
1520 3349 1583 3390 sint
1607 3374 1618 3389 ,
1644 3362 1681 3383 ex
1703 3361 1757 3392 quo
1774 3349 1931 3392 conversus
1955 3347 1990 3388 est
2012 3347 2054 3381 ab

1173 3401 1334 3434 exercendo
1344 3401 1495 3432 latrocinio
1507 3401 1523 3432 ,ἓ
1549 3402 1626 3433 Cum
1637 3400 1741 3433 ledlum
1750 3399 1934 3443 perscrutari
1955 3397 2054 3441 corpis·

1168 3450 1262 3494 sent,
1288 3450 1330 3484 ibi
1345 3448 1503 3493 sudarium
1526 3475 1538 3492 ,
1563 3462 1619 3493 quo
1641 3451 1736 3485 oculos
1755 3450 1822 3493 suos
1841 3446 2015 3491 absterserat
2040 3474 2053 3490 ‚

1706 3501 1739 3533 D
1939 3505 2025 3532 inve-
