2366 3736
418 180 485 216 92·
820 211 822 213 a
974 168 1605 217 DlssenTArlo

384 254 575 290 Ludovicus
597 251 761 289 Vervinus
783 250 904 288 Archi·
926 254 1104 298 Episcopus
1129 254 1254 289 Narbo·

381 310 505 342 nenfis:
534 305 629 341 Palla
642 306 676 337 (rt
695 303 875 342 conditiones
882 302 1022 346 fhrdidas
1037 329 1047 344 ,
1074 317 1140 346 quae
1161 309 1252 340 simo-

381 364 463 391 niam
487 355 624 398 sapiunt,
648 361 705 395 pro
725 353 878 394 Missarum
889 355 1079 389 celebratione
1096 357 1246 392 vitabunt.

382 408 511 450 Utique
525 402 727 445 Presbyteri.
755 402 798 438 Et
819 402 960 438 iterum:
988 406 1082 447 ,Quod
1099 417 1136 439 ex
1162 409 1250 441 devo,
1271 448 1275 454 ἱ

376 464 453 489 tione
470 463 528 496 pro
539 453 692 496 Miffarum
713 452 899 487 celebratione
916 463 972 496 per
985 453 1083 494 fideles
1107 458 1248 490 sacerdo·

374 512 400 539 tt
428 513 459 538 r‘n
481 501 685 545 eleemosynam
705 512 840 546 erogatur
853 528 863 544 ,
890 504 951 547 ipse
970 511 1116 546 recipiat,
1143 509 1163 538 ἃ
1180 511 1244 548 plu.

371 556 454 588 ribus
479 556 558 587 idem
578 565 636 585 non
642 558 790 594 petiturus
811 552 868 595 sub
882 563 975 595 poena
997 557 1239 592 Excommunica.

367 611 458 641 tionis
482 630 488 637 .
528 603 630 656 Quod
655 603 834 647 Episcopus
866 605 1105 647 eleemosynam
1126 615 1236 641 taxare

363 657 480 700 poffit,
507 654 705 689 demonstrat
727 653 884 688 hodierna
918 654 1132 690 Ecclefiarutn
1170 668 1236 700 pra-

363 708 416 742 xis
430 731 439 746 ,
467 706 657 740 confirmata
680 715 735 747 per
755 703 857 739 varias
868 704 1102 740 declarationes
1122 706 1237 741 Domi-

365 767 485 790 norum
505 754 750 791 cardinalium.
777 753 937 798 Notanda
972 754 1017 788 est
1055 753 1122 790 haec
1149 757 1235 800 apud

363 806 590 851 Augustinum
614 804 753 838 Barbosa
773 817 783 836 .·
811 804 961 846 Missurum
977 803 1156 845 stipendium
1181 814 1235 841 mi-

360 868 415 889 nus
434 867 590 900 congruum
611 859 784 895 accipientes
801 877 812 892 ,
849 856 939 895 quam
960 855 1039 888 illud
1058 857 1138 898 quod
1153 866 1232 898 proe-

353 905 507 949 firipsertt
528 906 706 939 Ordinartus
720 905 818 942 juxta
840 904 1017 945 qualitatem
1039 906 1092 941 loci
1103 931 1113 946 ,
1136 907 1231 950 perso-

359 968 467 990 narum
487 981 498 997 ‚
535 966 570 988 ac
587 963 747 995 temporum
773 977 785 993 ,
822 953 1008 988 nibilominus
1029 962 1164 989 tenentur
1182 968 1230 991 eas

355 1008 460 1049 Missas
492 1007 551 1038 illis
580 1005 618 1037 ab
652 1002 801 1044 offerente
828 1002 1023 1046 praescriptas
1051 1006 1196 1047 celebrare
1222 1033 1228 1040 .

353 1059 480 1092 Omnes
501 1055 687 1088 studeamus
705 1056 738 1086 in
758 1052 819 1087 hac
839 1054 963 1091 summa
986 1065 1019 1088 re
1031 1055 1094 1089 effe
1117 1058 1226 1091 imma-

350 1106 451 1140 culati
479 1130 486 1138 .
515 1105 738 1139 Recordemur
759 1103 903 1139 filiorum
925 1104 1007 1139 Heli
1035 1128 1046 1144 ‚
1085 1107 1140 1148 qui
1162 1107 1226 1140 Dei

348 1156 507 1198 populum
529 1152 733 1188 retrahebant
757 1153 776 1185 ὲ
802 1153 970 1188 Sacrificio
992 1154 1133 1188 Domini
1154 1179 1166 1195 ‚
1193 1157 1226 1191 &

345 1206 444 1247 ipfius
474 1205 713 1239 sacrosanctam
746 1202 866 1238 Arcam
899 1213 952 1245 per
981 1203 1036 1238 sua
1067 1202 1222 1242 demerita

342 1254 580 1298 praecipitarunt
599 1254 635 1287 in
657 1251 825 1287 Gentilem
848 1251 1071 1294 captivitatem
1084 1279 1091 1286 .

393 1305 517 1339 Eadem
553 1302 598 1336 est
625 1302 706 1336 ratio
738 1300 944 1336 exactionum
982 1303 1177 1339 funeralium
1209 1331 1214 1338 .

340 1355 453 1402 Qare
474 1351 644 1397 Spalardus
666 1376 676 1392 ,
713 1351 941 1386 Sueffionenfis
961 1352 1107 1395 Capituli
1140 1355 1219 1389 Pro-

337 1416 486 1444 curator,
514 1404 547 1437 in
578 1401 753 1436 Rhemenfi
777 1401 914 1444 Synodo
935 1400 1047 1437 dicens
1068 1415 1125 1448 pro
1165 1406 1216 1441 Sa-

334 1453 510 1489 cramentis
544 1451 675 1497 quidem
697 1449 780 1487 nihil
799 1452 862 1486 else
881 1452 1110 1495 accipiendum
1123 1479 1135 1495 ‚
1163 1457 1214 1490 sed

334 1517 394 1549 pro
415 1504 586 1548 sepulturis
606 1512 814 1538 mortuorum
839 1502 873 1536 &
911 1499 1096 1545 hujusmodi
1124 1507 1210 1548 poste

333 1557 425 1600 exigi
447 1556 479 1589 ὅ(
502 1553 605 1596 accipi
631 1575 641 1592 ‚
678 1551 771 1586 nullo
794 1551 895 1589 modo
915 1551 960 1587 est
985 1553 1173 1596 probandus
1202 1581 1209 1591 ,

331 1604 466 1639 Rectius
494 1603 619 1638 censuit
642 1601 836 1636 Rhemenfis
863 1602 1017 1645 Synodus
1046 1603 1210 1639 Ludovici

331 1654 350 1689 ὲ
378 1656 487 1690 Guifia
518 1668 529 1687 .·
555 1656 672 1687 Paroeci
695 1676 706 1693 ,
742 1657 792 1694 qui
810 1660 864 1694 pro
882 1655 1138 1688 sacramentorum
1159 1657 1212 1688 ad-

332 1705 567 1745 ministratione,
605 1707 657 1737 vel
670 1702 784 1745 funere
808 1726 819 1742 ,
845 1702 896 1741 vel
911 1701 1072 1744 sepulturis
1094 1706 1211 1747 aliquid

330 1761 455 1798 exigunt
473 1762 584 1796 praeter
607 1765 661 1791 ea,
688 1764 755 1794 quae
775 1754 812 1786 de
826 1754 897 1793 Jure
914 1778 925 1793 ,
950 1755 1011 1796 lege
1035 1778 1046 1794 ,
1073 1757 1128 1788 vel
1147 1766 1208 1788 con·

323 1803 482 1848 suetudine
500 1802 646 1838 laudabili
662 1802 855 1844 conferuntur
875 1827 887 1843 ‚
932 1801 1099 1837 habeantur
1120 1807 1209 1838 simo-

327 1858 428 1895 niaci,
455 1867 511 1887 non
523 1862 626 1887 autem
631 1852 660 1894 st*
675 1853 782 1895 sponte
807 1852 907 1886 oblata
918 1861 1064 1895 recipiant
1079 1878 1086 1887 .
1114 1853 1206 1890 Idem

325 1905 361 1938 in
386 1904 507 1938 laudati
530 1904 644 1940 Caroli
665 1902 803 1945 Synodo
825 1904 1017 1937 censuerunt
1044 1903 1202 1941 Reveren-

325 1955 387 1988 dus
411 1955 523 1989 Abbas
536 1954 686 1988 Victoria:
702 1978 713 1993 ,
739 1964 776 1986 ac
790 1952 1000 1988 Reverendus
1022 1953 1116 1988 Prior
1126 1956 1201 1989 San·

325 2005 367 2038 eti
392 2005 559 2049 Remigii.-
579 2007 730 2038 :Curiones
756 2012 812 2035 non
830 2002 1014 2043 frustremur
1035 2005 1085 2044 jis
1100 2028 1112 2044 ‚
1138 2017 1204 2047 qua

326 2055 395 2086 dari
416 2053 626 2097 consueverunt
646 2061 703 2094 pro
718 2050 935 2095 septimun-(ff
960 2052 1180 2095 anniversariis
1196 2079 1203 2087 .

326 2107 489 2137 Serventur
507 2103 671 2138 laudabiles
694 2100 912 2144 consuetudines
934 2126 941 2133 .
971 2104 1111 2136 Domini
1138 2103 1202 2138 Lu.

326 2153 434 2188 dovici
457 2156 609 2195 Synodus
634 2154 779 2194 repetite,
800 2162 835 2187 ut
857 2152 916 2183 fint
939 2158 1066 2184 contenti
1087 2152 1190 2194 consue

326 2213 360 2236 ta
379 2205 412 2237 (Ὗ
430 2202 545 2242 honesta
562 2203 692 2234 mercede
713 2225 724 2242 ,
761 2211 858 2242 atque
877 2199 1026 2244 adjungit
1038 2213 1050 2232 .·
1087 2204 1198 2242 Paupe-

327 2265 375 2285 res
388 2278 398 2293 ,
425 2254 532 2295 quibus
553 2254 624 2284 adeo
647 2260 746 2284 tenues
763 2251 854 2292 fuere
862 2249 1031 2290 facultates
1045 2272 1055 2288 ‚
1082 2260 1116 2283 ut
1137 2259 1198 2291 pro·

322 2309 402 2344 priis
425 2300 556 2344 impensis
581 2302 700 2334 humari
720 2309 887 2341 nequeant,
909 2306 1011 2342 gratis
1026 2324 1036 2340 ,
1063 2301 1098 2333 (θ’
1117 2299 1196 2334 bone

320 2352 364 2392 ste*
388 2363 511 2393 tamen,
529 2350 679 2394 sepeliant
702 2374 713 2390 ,
739 2351 871 2391 alioquin
888 2357 993 2390 poeaas
1014 2350 1196 2384 arbitrarius

325 2401 484 2444 exsoluturt'
504 2427 511 2434 .
551 2402 723 2435 Consonat
754 2399 999 2434 Melodunenfis
1034 2400 1198 2434 Gallicani

325 2452 414 2486 Cleri
439 2452 655 2486 Conventus:
684 2449 868 2491 Pauperibus
881 2473 890 2488 ,
918 2449 1028 2491 quibus
1046 2448 1194 2491 bacpera-

325 2503 374 2534 eia
395 2507 461 2534 vita
481 2511 534 2534 aut
554 2510 666 2543 parum
686 2510 739 2532 aut
760 2499 838 2532 nihil
858 2499 895 2538 est
916 2501 995 2532 unde
1011 2498 1194 2543 sepelirtpos

320 2551 401 2593 fine,
428 2551 559 2592 Ecclefiae
576 2549 764 2593 sumptibus,
786 2557 842 2591 pro
861 2549 940 2582 illius
957 2549 1159 2590 facultatibus
1186 2576 1196 2592 ,

324 2601 548 2644 misericorditer
565 2600 718 2643 sepultura
742 2601 888 2644 largiatur
910 2623 919 2631 .
956 2599 1034 2634 Hoc
1055 2599 1194 2634 Domini

322 2651 508 2685 Cardinalis
531 2650 571 2684 de
590 2650 697 2693 jojosa
711 2674 721 2689 ,
747 2647 1037 2693 Archi-Episcopi
1059 2648 1187 2684 Tholo-

322 2702 393 2735 sani
408 2726 419 2741 ,
445 2702 622 2735 Decretum
644 2701 688 2736 est
712 2699 812 2743 longe
830 2699 1058 2734 sanstiffimum
1081 2713 1092 2734 :
1127 2703 1194 2733 Fu-

323 2763 380 2785 nus
403 2751 442 2784 ab
465 2750 633 2785 heredibus
660 2774 671 2790 ,
709 2750 760 2782 vel
781 2751 801 2781 ἃ
825 2748 924 2782 liberis
960 2773 970 2789 ,
1008 2749 1191 2793 cognatisque

321 2807 431 2834 mortui
452 2802 578 2835 ducatur
595 2825 602 2833 .
651 2801 716 2842 ,Qui
742 2797 771 2841 fi
787 2805 818 2830 in
850 2808 885 2830 ea
906 2803 950 2831 rel
965 2799 1131 2840 famillart's
1154 2809 1192 2834 te-

323 2859 438 2885 nuitate
461 2852 625 2894 decesserit,
650 2861 717 2892 quae
740 2852 873 2890 exequiis
893 2846 971 2890 satis
992 2850 1042 2891 effe
1055 2861 1112 2882 non
1128 2848 1194 2892 pos-

319 2900 356 2943 fit
369 2926 379 2941 ,
405 2908 431 2934 el
452 2903 502 2934 vel
524 2907 680 2935 amicorum
701 2899 899 2938 liberalitate,
925 2900 976 2931 vel
1000 2900 1124 2940 denique
1136 2904 1192 2932 Ec-

322 2949 409 2990 clefiae
428 2949 596 2993 sumptibus
613 2949 697 2990 justa
713 2948 857 2990 funerum
875 2947 1105 2990 persolvantur.
1140 2953 1191 2983 Pe-

322 3005 469 3032 cuniarias
492 2999 580 3042 super
601 2999 708 3040 funere
727 2996 910 3040 exequiisque
931 2997 1132 3038 defune‘lorum
1140 3008 1191 3040 pa-

322 3049 430 3083 aiones
450 3049 515 3090 fieri
543 3055 817 3090 non-permittant.
846 3046 926 3089 Etsi
940 3059 1007 3090 quae
1023 3046 1191 3090 falla-fue-

322 3103 406 3139 rim,
432 3104 536 3131 irritas
555 3101 702 3134 declarent
723 3097 878 3141 Episcopi:
906 3099 940 3133 (τ
952 3096 983 3138 fi
997 3106 1066 3138 opus
1071 3098 1182 3139 fuerit,

322 3150 525 3190 mandatoque
542 3149 637 3181 minus
656 3157 797 3190 parentes
812 3148 998 3186 Presbyteros
1021 3148 1103 3180 naar
1119 3148 1189 3188 fue-

321 3203 385 3233 rint
398 3222 409 3238 ,
434 3209 480 3231 eos
499 3209 560 3239 qua
582 3200 660 3231 decet
677 3197 842 3240 severitate
850 3204 979 3239 puniant
991 3222 999 3229 .
1025 3198 1126 3245 Q0d
1140 3200 1183 3242 ip-

321 3248 390 3283 sum
406 3248 439 3282 in
463 3249 516 3282 sun
529 3248 677 3289 Synodo
691 3249 795 3282 sanxit
816 3247 1002 3283 Ludovicus
1025 3246 1187 3283 Vervinus

320 3297 619 3341 Archi-Episcopus
630 3297 846 3333 Narbonenfis
855 3323 862 3332 .
979 3325 983 3329 .

369 3347 426 3383 Est
447 3348 580 3392 antiqua
606 3348 757 3380 omnium
786 3348 999 3384 Ecclefiarum
1021 3348 1181 3392 Discipli-

319 3407 375 3432 na.
407 3398 540 3434 Etenim
563 3397 779 3440 Episcopalis,
805 3410 901 3441 quam
925 3400 959 3432 in
982 3400 1111 3434 suorum
1124 3399 1184 3433 Ca-

318 3458 446 3485 nonum
462 3448 571 3493 capito
588 3447 695 3495 posuit,
716 3446 827 3484 Abbas
849 3447 982 3495 Regino
997 3474 1009 3494 ,
1033 3449 1184 3486 visitatio-

1281 1503 1334 1536 fim
1360 1505 1495 1548 purgare
1522 1530 1529 1537 .

1275 1751 1400 1795 aliaque
1425 1766 1490 1788 non
1513 1755 1615 1790 bona.

1271 1901 1304 1934 ἀ
1324 1903 1470 1948 regimen
1498 1929 1506 1936 .

1268 2049 1309 2083 da
1336 2051 1421 2085 certe
1441 2052 1616 2087 liberalitas
1643 2078 1650 2087 .

1265 2359 1334 2381 rum
1356 2349 1559 2384 conscientia
1592 2350 1673 2393 ipsas
1700 2351 1846 2390 reddiditv
1867 2374 1876 2383 .

1262 2497 1417 2532 nasteria.
1450 2499 1506 2532 Eis
1527 2499 1664 2534 donavit
1687 2500 1814 2534 Altaria
1842 2524 1850 2532 .

1258 2796 1288 2830 se
1310 2796 1485 2840 projectum
1507 2799 1547 2833 ad
1571 2799 1713 2833 Inferos.
1742 2799 1829 2834 Diffi
1841 2798 2023 2842 Presbyteri
2037 2799 2131 2835 suum

1257 2846 1290 2879 in
1315 2847 1468 2882 Decimus
1493 2849 1543 2891 jus
1565 2861 1625 2883 nec
1650 2858 1827 2892 potuerunt
1863 2874 1874 2890 ,
1909 2860 1968 2883 nec
1998 2850 2130 2891 poffunt

1257 2895 1384 2938 perdere
1409 2922 1418 2931 .
1457 2898 1612 2942 Episcopi
1640 2923 1650 2938 ,
1687 2899 1862 2943 Capitula,
1887 2898 2088 2932 monasteria
2115 2922 2128 2939 ,

1255 2956 1417 2989 quotquot
1438 2947 1592 2983 Decimas
1613 2949 1773 2991 possident
1792 2974 1802 2988 ‚
1837 2949 1914 2983 istos
1935 2948 2127 2993 obligantur

1253 2994 1337 3029 alere
1358 3021 1365 3028 .
1406 2997 1456 3031 Ex
1484 2999 1577 3033 nullo
1610 2999 1712 3032 titulo
1735 2999 1851 3042 poffint
1868 3008 2018 3033 excutere
2042 2997 2127 3032 istud

1254 3045 1421 3081 vinculum
1435 3072 1442 3080 .
1472 3048 1526 3083 Ut
1540 3049 1686 3083 Decimae
1698 3058 1894 3091 reponantur
1905 3049 1940 3082 in
1954 3047 2126 3091 antiquam

1251 3095 1410 3136 formam,
1435 3098 1502 3134 scio
1522 3100 1578 3135 vix
1601 3098 1689 3143 poffe
1710 3099 1777 3132 fieri
1799 3121 1808 3129 .
1846 3098 1980 3133 Interim
2004 3097 2127 3141 justitia.

1251 3146 1437 3190 rigidiffimc
1454 3149 1588 3186 mandat
1615 3173 1626 3188 ‚
1661 3159 1695 3181 ut
1719 3148 1753 3181 in
1786 3148 1857 3191 ipsis
1880 3159 1947 3182 non
1982 3157 2126 3191 patretur

1249 3195 1393 3237 crimen,
1422 3199 1463 3232 de
1484 3210 1551 3242 quo
1573 3197 1751 3241 Apostolus
1774 3211 1782 3231 :
1820 3199 1902 3231 Alius
1924 3200 2042 3240 quidem
2062 3196 2125 3240 esuf

1249 3250 1310 3285 rit,
1337 3247 1414 3280 alius
1435 3258 1533 3281 autem
1554 3248 1651 3281 ebrius
1669 3247 1706 3286 est
1729 3272 1737 3280 .
1775 3247 1973 3291 presbyteris
2001 3247 2121 3292 praesta-

1249 3296 1275 3330 ri
1293 3294 1387 3330 debet
1412 3294 1505 3340 plena
1527 3298 1707 3336 alimonia,
1735 3308 1796 3340 qua
1817 3299 1887 3332 suas
1921 3296 2029 3341 plebes
2051 3308 2120 3341 gra·

1249 3356 1320 3379 vare
1342 3357 1410 3380 non
1434 3357 1603 3381 teneantur
1625 3371 1637 3387 ‚
1674 3358 1733 3382 nec
1755 3349 1830 3392 cogi
1853 3347 1893 3383 ad
1916 3358 2023 3391 pravas
2036 3357 2119 3382 exa-

1247 3395 1388 3436 stiones,
1418 3397 1590 3441 sordesque
1611 3397 1689 3431 alias
1711 3422 1718 3430 .
1759 3397 1807 3433 Ex
1828 3398 1943 3441 jisdem
1968 3395 2116 3435 Decimis

1243 3444 1414 3491 provideri
1448 3446 1543 3484 debet
1563 3448 1682 3492 proprii
1706 3448 1781 3503 pagi
1817 3445 2027 3495 pauperibusz-
2053 3443 2114 3479 nili

1954 3494 2064 3541 forsan

1313 256 1363 288 nis
1388 252 1564 292 methodus
1600 253 1697 291 habet
1735 252 1825 289 hunc
1863 256 1946 294 circa
1983 257 2190 299 parochiales

1311 305 1521 347 Presbyteros
1558 304 1786 348 inquirendum
1812 307 1985 343 articulum
2024 324 2030 344 :
2071 319 2116 345 An
2130 322 2187 355 pro

1311 355 1510 395 baptizandis
1539 355 1707 396 Infantibus
1725 380 1736 395 ,
1772 365 1825 388 aut
1849 356 1979 397 infirmis
2001 366 2184 398 reconcilian-

1308 407 1380 444 dis,
1406 415 1459 438 aue
1480 410 1603 437 mortuis
1621 404 1798 447 sepeliendis
1818 412 1978 448 praemium
2001 413 2052 446 vel
2075 425 2183 447 munus

1306 461 1428 498 exigat.
1455 456 1534 489 Non
1557 455 1709 490 discernit
1732 457 1818 490 inter
1840 459 2041 499 Sepulturam
2072 463 2106 496 δε
2129 466 2183 498 Sa-

1306 516 1469 540 eramenta
1495 530 1501 537 .
1531 505 1640 538 Etiam
1664 505 1733 539 duo
1749 529 1760 546 ,
1785 517 1839 549 per
1860 507 2061 550 Stephanum
2086 512 2184 547 Balu-

1304 555 1391 589 zium
1416 556 1455 589 ad
1478 555 1664 600 Reginonis
1688 558 1901 598 appendicem
1924 559 2053 602 vulgata
2073 582 2083 598 ,
2103 562 2182 605 Epi-

1295 604 1473 648 scoporum
1498 607 1538 639 ad
1571 605 1777 648 presbyteros
1809 609 1943 650 antiqua
1978 610 2180 651 Capitularia

1304 652 1446 692 habent:
1475 657 1587 689 Nullus
1607 656 1735 696 vestrum
1753 665 1810 697 pro
1832 657 2028 699 baptizandis
2053 660 2182 701 infanti·

1300 705 1352 738 bus
1367 729 1386 745 ,⁴
1404 714 1457 738 aut
1487 705 1615 748 infirmis
1639 707 1862 739 reconciliandis
1888 731 1900 748 ,
1925 719 1977 743 aut
1998 717 2122 743 mortuis
2131 710 2182 753 se·

1297 757 1443 795 peliendis
1461 762 1624 798 praemium
1647 758 1699 791 vel
1720 767 1823 789 munus
1840 762 1941 800 exigat
1958 782 1966 790 .
1992 760 2081 793 ldem
2104 762 2175 796 Ste-

1299 805 1424 848 phanus
1448 807 1592 851 vulgavit
1614 806 1785 851 :infignem
1811 805 1972 841 Paschalis
1993 808 2033 841 11.
2061 809 2178 845 Ponti·

1298 855 1366 891 ficis
1389 856 1557 898 epistolam
1574 857 1616 891 ad
1641 857 1874 901 Norigandum
1897 857 2176 902 Augustoduneu-

1299 905 1363 939 sem
1388 905 1605 950 Episcopum,
1632 917 1702 948 quae
1722 908 1819 941 habet
1838 907 1922 941 inter
1940 916 2049 941 caetera
2068 921 2078 942 t
2110 911 2175 943 Sta-

1294 961 1405 989 tuimus
1426 966 1459 989 ut
1476 965 1532 999 pro
1551 956 1713 1000 sepultura
1736 959 1854 1000 quidem
1873 958 1931 990 loco
1950 983 1962 998 ,
2006 959 2056 991 vel
2074 957 2173 1002 spatio

1294 1006 1404 1038 nullum
1423 1009 1546 1048 penitus
1580 1007 1620 1040 ab
1638 1009 1735 1049 aliquo
1750 1015 1882 1050 pretium
1906 1014 2041 1051 engatur
2062 1034 2069 1041 .
2107 1013 2169 1044 Pro

1292 1055 1491 1096 redemptione
1512 1060 1582 1091 vero
1603 1066 1786 1099 peecatorum
1800 1082 1811 1098 ,
1838 1064 1996 1092 morientes
2020 1063 2052 1090 in
2075 1061 2172 1095 Eccle-

1285 1102 1350 1144 fia,
1375 1109 1408 1137 in
1424 1117 1482 1148 qua
1497 1106 1571 1148 fidet
1600 1110 1795 1141 sacramenta
1818 1117 1993 1150 acceperunt
2010 1133 2020 1149 ,
2046 1109 2166 1144 eleemo-

1283 1151 1393 1194 synam
1412 1157 1485 1190 dare
1496 1159 1593 1198 juxta
1626 1158 1783 1199 apostolica
1813 1162 1934 1192 Decreta
1958 1182 1969 1198 ‚
2003 1158 2166 1196 statuimus

1288 1206 1404 1237 omnino
1427 1208 1460 1240 eb·
1481 1206 1703 1248 confirmamus.
1732 1204 1830 1242 Certi:
1849 1209 2066 1252 quorumdam
2099 1221 2168 1244 mo-

1287 1264 1354 1294 res,
1383 1257 1438 1297 qui
1461 1255 1495 1289 in
1519 1257 1636 1292 Choro
1659 1258 1830 1299 Ecclefiae,
1853 1258 1953 1298 navi,
1978 1268 2034 1292 aut
2055 1260 2169 1295 coemi·

1286 1306 1367 1337 terio
1382 1305 1577 1348 sepulturam
1596 1308 1721 1340 diverso
1733 1309 1836 1350 pretio
1857 1318 1971 1344 taxant
1985 1331 1996 1348 ,
2023 1309 2080 1350 qui
2105 1320 2166 1352 pro

1291 1354 1412 1388 Altaris
1435 1366 1472 1388 ac
1497 1355 1725 1390 Ministrorum
1744 1358 1776 1390 in
1802 1357 1969 1390 Sacrificio
1991 1368 2166 1396 ornamen-

1285 1403 1345 1443 tis,
1373 1414 1431 1446 pro
1453 1414 1605 1449 argentea
1631 1407 1680 1441 vel
1704 1417 1781 1441 aerea
1803 1418 1919 1446 cruce,
1948 1417 2004 1449 pro
2023 1407 2167 1450 feretro,

1282 1465 1317 1486 ac
1342 1454 1610 1490 istiusmodialiis
1634 1456 1718 1489 varie
1737 1458 1877 1500 exigunt
1896 1480 1907 1496 ,
1934 1467 1998 1500 ego
2011 1459 2163 1502 nonpos-

1569 1505 1650 1541 Non
1674 1506 1775 1549 alligo
1799 1517 1836 1539 os
1863 1505 1939 1539 bovi
1958 1506 2124 1542 trituranti
2151 1533 2159 1542 .

1280 1551 1376 1586 Nihil
1402 1566 1453 1588 me
1478 1555 1582 1599 magis
1600 1555 1741 1599 affligit,
1768 1556 1866 1598 quam
1886 1554 1989 1589 nimia
2008 1567 2162 1600 quorum-

1277 1602 1352 1636 dam
1376 1606 1563 1648 pagensium
1590 1605 1855 1648 presbyterorum
1879 1606 2015 1647 inopia,
2040 1618 2082 1640 ex
2093 1618 2159 1650 qua

1276 1653 1375 1687 etiam
1399 1655 1497 1688 inviti
1521 1666 1683 1699 coguntur
1706 1655 1746 1688 ad
1772 1655 1896 1688 sordes.
1924 1654 1967 1687 Et
1985 1666 2025 1688 ex
2050 1655 2101 1690 his
2112 1659 2158 1701 ip-

1277 1703 1382 1737 sorum
1410 1705 1503 1747 inops
1516 1717 1647 1749 quoque
1665 1704 1753 1750 plebs
1770 1706 1901 1749 cogitur
1921 1703 1961 1739 ad
1978 1715 2157 1748 murmura,

1324 1803 1472 1846 Antiqua
1486 1805 1633 1841 Ecciefiae
1659 1806 1840 1850 Disciplina
1863 1817 1931 1840 non
1955 1806 2018 1841 fuit
2033 1803 2155 1841 hisob-

1272 1854 1371 1886 noxia
1385 1878 1392 1885 .
1420 1853 1552 1889 Etenim
1570 1857 1712 1891 Decimae
1737 1856 1902 1891 habebant
1924 1858 2044 1891 testum
2059 1857 2153 1890 usum

1546 1904 1690 1949 Majores
1708 1905 1812 1940 ‚nostri
1850 1905 1932 1940 adeo
1965 1906 2154 1940 dilexerunt

1273 1952 1468 1994 Ecclefiam,
1501 1955 1636 1989 Clerum
1651 1957 1684 1992 &
1710 1967 1886 2000 pauperes,
1913 1966 1949 1990 ut
1971 1955 2035 1990 illis
2056 1956 2154 1990 dede-

1270 2001 1335 2035 rint
1354 2002 1518 2037 decimam
1544 2015 1664 2046 partem
1678 2007 1779 2039 totius
1798 2006 1921 2039 Mundi
1938 2029 1946 2039 .
1974 2005 2154 2039 Admiran-

1691 2053 1911 2089 Dividebatur
1943 2055 1977 2088 in
2010 2063 2152 2098 quatuor

1270 2100 1455 2142 portiones:
1485 2102 1678 2146 Episcopis,
1709 2105 1831 2144 Clero,
1859 2104 2005 2145 fabricae,
2031 2115 2152 2148 paupe·

1269 2148 1375 2183 ribus.
1405 2152 1571 2185 Omnibus
1595 2164 1735 2196 quatuor
1759 2154 1850 2187 nulla
1869 2154 1995 2188 exactio
2015 2165 2083 2188 erat
2094 2165 2151 2188 ne-

1267 2199 1394 2232 cessaria
1423 2223 1431 2232 .
1471 2201 1514 2234 Et
1542 2202 1587 2234 ita
1608 2202 1670 2236 fuit
1694 2203 1794 2243 usque
1815 2203 1855 2235 ad
1875 2204 2033 2238 Carolum
2059 2203 2152 2238 Mar·

1267 2247 1403 2289 tellum,
1430 2251 1484 2292 qui
1510 2250 1653 2284 decimas
1674 2252 1824 2284 invadere
1845 2252 1938 2294 caepit
1952 2276 1963 2292 ,
1986 2263 2023 2285 ac
2041 2252 2150 2287 distri*

1267 2296 1361 2331 buere
1381 2299 1413 2332 in
1440 2301 1513 2335 suos
1534 2299 1672 2334 milites.
1701 2300 1872 2335 Divinitus
1894 2302 1976 2335 rasta
1996 2300 2146 2336 Postero·

1915 2350 2043 2386 Verum
2073 2363 2144 2387 nou

1263 2396 1480 2441 originalibus
1502 2400 1745 2442 possessoribus,
1772 2400 1823 2434 sed
1849 2400 2012 2434 transtulit
2033 2402 2066 2435 in
2099 2412 2144 2436 re·

1263 2448 1388 2490 gularia
1414 2448 1617 2483 Clericorum
1640 2450 1814 2494 Collegia,
1850 2461 1888 2485 ac
1910 2451 1988 2484 item
2007 2451 2039 2484 in
2066 2450 2143 2485 Mo-

1896 2500 1989 2534 Hinc
2016 2500 2142 2539 Altatis

1263 2546 1380 2582 Custos
1402 2548 1435 2582 ἀ
1455 2548 1575 2583 Κεᾶὲοτ
1601 2550 1707 2584 amifit
1729 2551 1814 2583 avita
1836 2550 2015 2590 alimenta,
2039 2551 2072 2585 δε
2095 2562 2141 2586 ex

1261 2596 1331 2639 ipfis
1352 2596 1438 2631 nihil
1460 2599 1603 2633 nancisci
1630 2599 1761 2642 potuit,
1788 2600 1846 2632 nifi
1873 2599 2040 2634 modicum
2063 2611 2139 2644 peu-

1260 2645 1381 2688 fionis,
1407 2657 1462 2681 aut
1485 2648 1666 2684 Canonicae
1689 2650 1851 2693 portionis
1875 2674 1882 2682 .
1910 2651 1953 2684 Et
1971 2649 2059 2693 quast
2081 2661 2137 2694 pet
2184 2654 2186 2658 '

1258 2698 1395 2744 gratiam
1408 2722 1415 2729 .
1442 2699 1529 2745 Qae
1548 2699 1605 2742 qui
1632 2699 1811 2734 confidet-at
1831 2724 1844 2740 ‚
1878 2699 1965 2734 certe
1987 2712 2055 2734 noo
2075 2700 2137 2734 mi-

1259 2756 1344 2780 ratur
1365 2747 1461 2780 istum
1483 2748 1640 2783 Carolum
1666 2761 1741 2784 curn
1759 2760 1893 2792 corpote
1913 2750 1946 2782 ἀ
1968 2750 2076 2782 anima
2089 2751 2134 2783 es·

2333 3325 2366 3415 ‘cys-²
2344 3007 2366 3313 -τωῑῧεκωώιὲυ-«ω.
2359 2980 2361 2985 -
2363 2894 2366 2915 ,.
2363 2833 2366 2837 .
2357 2791 2366 2814 „2
2360 2759 2363 2761 »
