2366 3736
725 145 792 184 JN
826 130 1225 178 patriminam
1260 125 1567 175 Hffiitestrtiss

232 213 580 257 uiatoretneobfflaa
601 212 636 248 in
659 213 812 247 Sentium
833 212 983 248 Brixiam
1006 211 1117 247 Turo-

232 268 365 303 nensem
390 265 590 310 Episcopum
617 260 784 298 mendacia
805 262 824 297 ὲ
842 262 985 296 Proculo
1005 262 1114 298 Masti-

235 316 326 353 liensi
341 316 506 361 Episcopo
516 313 725 359 degradatum
738 312 772 346 in
784 310 850 357 Syn
856 313 922 349 odo
931 313 1115 350 Taurinen-

233 368 276 403 fi.
304 365 415 402 Etiam
426 361 844 405 ThimafiumatJacobum
870 361 1016 399 traduxit
1036 373 1116 396 tam-

1934 146 1950 177 1
1963 145 1992 192 7
2003 143 2023 190 5

1178 210 1298 250 laudati
1319 210 1493 246 Pontificis
1516 212 1556 247 ad
1568 213 1665 257 ipsam
1677 211 1865 257 Rescripto:
1896 216 1987 257 Miffae
2002 224 2058 258 per

1177 262 1384 297 Marcellinum
1394 261 1608 296 subdiaconum
1619 263 1745 304 vestrum
1758 262 1897 305 Epistolae
1910 276 1993 298 omne
2006 277 2057 299 vo-

1174 315 1273 348 lumen
1284 313 1433 346 volvimus
1446 336 1456 350 ,
1482 324 1537 353 quo
1555 314 1708 356 aliquanto
1722 315 1870 356 perledlo,
1897 318 1944 345 ita
1963 321 2056 348 totum

1171 364 1345 399 ,litterarum
1363 361 1622 402 comprehendistis
1645 372 1760 398 textum
1774 389 1783 404 ,
1811 363 1893 407 quast
1902 375 1955 397 nos
1975 365 2058 397 Cele-

233 427 331 460 quam
342 416 614 453 adolescentesex
636 403 816 447 Monachis
833 413 1020 452 disiolutoS.
1048 412 1115 449 Ad·
1171 414 1227 453 stio
1248 414 1529 447 commodaverimus
1550 418 1582 443 in
1602 415 1736 447 omnibus
1757 414 1848 455 fidem
1866 438 1876 454 ‚
1903 412 2055 456 verbisque

233 467 320 503 didit
333 468 366 503 ὅ(
379 467 499 503 litteras
511 488 530 504 ,Ι
546 461 665 506 quibus
688 462 723 500 ἀ
735 463 776 496 de
787 463 959 507 originalis
970 464 1091 506 peccati
1102 487 1112 504 ‚

233 518 267 553 ,ἀ
286 516 330 554 de
352 516 483 551 Divinae
491 514 601 558 gratiae
621 513 1071 558 impugnationeexpurgavit
1083 515 1115 553 ¹se

233 565 428 604 dolosiffime
440 566 473 597 in
487 559 574 597 hunc
587 563 746 602 modum;
774 564 865 605 Apud
885 559 1115 599 Beatitudinem

234 619 330 655 Tuam
339 613 470 656 Epistola
478 613 535 652 ista
547 624 592 647 me
599 622 708 659 purget
716 637 728 653 ,
755 618 787 645 tn
798 624 858 655 qua
865 615 943 657 pure
956 617 989 649 (5
1003 614 1114 656 fimpli·

232 672 305 703 citer
312 666 360 702 ad
364 665 545 706 peccandum
555 665 589 702 <⁶5
605 675 661 696 non
668 664 851 705 peccandum
864 687 875 704 ‚
886 670 1032 710 integrum
1046 663 1115 696 libe·

231 726 298 753 rum
308 714 467 751 arbitrium
476 713 584 754 habere
596 720 652 746 non
665 715 792 746 dicimus
803 737 815 753 ‚
841 716 920 755 quod
928 720 960 747 in
975 714 1114 752 omnibus

232 765 317 805 bonis
326 765 460 806 operibus
474 767 587 798 Divino
594 762 715 807 semper
727 764 896 811 adjuvatur
906 765 1035 797 auxilio.
1059 764 1115 796 Pe·

234 815 290 855 riit
312 814 456 858 Epistola
468 839 477 854 ,
506 815 574 858 ejus
584 814 729 858 quaedam
743 814 926 857 fragmenta
940 814 1066 848 exstant
1081 815 1113 847 in

234 865 343 904 Sanfli
356 864 533 912 Augustini
558 864 659 898 Libro
672 863 713 897 de
726 863 840 902 Gratia
855 863 977 900 Christi
994 890 1000 896 .
1029 865 1116 898 lnsu·

234 925 290 960 per
309 914 458 959 adjunxit
469 914 545 948 fidei
562 914 622 949 sua:
637 913 865 955 profeffionem
879 939 890 955 ‚
916 914 1000 953 adeo
1024 915 1117 950 dolo-

235 967 326 1004 sam,
348 960 389 998 ¹ut
411 965 512 1007 ipsam
534 961 690 1005 viridoeti
713 963 796 997 olim
809 964 1117 1008 adscripserintSan·

234 1017 286 1055 ἑὶο
308 1014 521 1056 Hieronymo
542 1038 553 1054 ,
579 1013 683 1047 immo
708 1013 741 1047 &
763 1013 825 1047 San
834 1017 883 1049 sto
908 1015 1098 1060 Augustino
1109 1038 1117 1046 .

235 1063 380 1099 Acceffit
389 1065 422 1098 ὃ(
434 1063 581 1108 Praylii',
596 1059 601 1063 ’
607 1062 750 1107 proximi
764 1064 835 1106 post
858 1066 1017 1109 Joannem
1030 1065 1116 1099 Hie·-

235 1114 464 1157 rosolymitani
498 1113 651 1157 Episcopi
674 1139 685 1155 ‚
710 1116 958 1154 commendatio
983 1140 993 1155 ,
1019 1115 1117 1148 adfir-

237 1164 445 1207 mansipsum
458 1164 610 1211 germane
631 1163 857 1203 orthodoxum
871 1191 882 1208 ,
908 1177 944 1199 ac
966 1166 1117 1211 Diospoli

238 1213 384 1259 legitime
391 1214 576 1256 absolutum
589 1238 597 1246 .

289 1264 371 1297 Haec
382 1264 496 1303 omnia
507 1265 626 1303 directa
637 1265 772 1299 fueread
785 1265 1024 1305 Innocentium
1035 1265 1122 1299 Pon,-

240 1313 363 1349 tificem
374 1338 385 1354 ,
411 1325 445 1348 at
468 1315 573 1358 ipsum
599 1325 783 1358 repererunt
806 1328 974 1356 mortuum
997 1341 1008 1357 ‚
1034 1316 1119 1349 ideo·

241 1375 306 1407 que
329 1365 481 1407 Zozymo
506 1366 671 1398 successori
695 1366 770 1404 sunt
780 1368 896 1406 tradita
907 1393 914 1400 .
943 1368 990 1400 Ea
1003 1365 1044 1399 ab
1053 1376 1121 1398 om-

240 1414 278 1448 ni
297 1415 375 1449 fuco
397 1416 429 1448 &
451 1415 853 1457 pravaejnterpretationis
875 1416 995 1450 insidiis
1017 1415 1122 1448 aliena

240 1463 296 1503 hic
307 1465 445 1505 credidit
455 1488 467 1506 ‚
496 1463 562 1507 legi
572 1462 657 1504 juffit
667 1461 706 1501 ad
719 1465 904 1505 praesentem
928 1464 1100 1507 Synodum
1113 1487 1124 1503 ,

240 1516 428 1559 scripsitque
438 1513 477 1548 ad
492 1513 671 1556 Episcopos
687 1512 862 1548 Africanos
873 1529 885 1549 .-
913 1516 1035 1548 Utinam
1045 1515 1122 1547 ullus

239 1563 369 1604 vestrum
387 1567 552 1602 recitationi
575 1563 708 1604 interesse
712 1565 849 1609 potuiffet
859 1589 867 1597 .
898 1567 994 1608 ,Quod
1009 1563 1122 1607 [aneio

228 1625 306 1652 ,rum
326 1620 482 1653 virorum,
509 1618 561 1655 qui
581 1613 712 1645 aderant
735 1636 746 1653 ,
766 1617 917 1657 gandium
930 1614 997 1656 fuit
1019 1638 1029 1654 ‚
1056 1626 1124 1656 quae

239 1666 403 1703 admiratio
407 1663 587 1707 fingulorum
599 1662 616 1694 ?
641 1665 701 1700 Vix
707 1662 782 1702 fletu
793 1666 917 1705 quidam
929 1667 963 1698 (tt
987 1666 1123 1703 lacrymis

239 1711 465 1756 temperabant.
493 1714 580 1745 Tales
602 1716 694 1746 etiam
713 1712 853 1755 absoluta
886 1715 961 1757 fidei
978 1714 1126 1756 infamari

236 1765 379 1807 potuisse?
409 1764 452 1805 Et
461 1762 595 1801 Celesiii
613 1763 645 1796 ec
658 1762 785 1807 Pelagii
814 1767 931 1803 restam
952 1765 1053 1798 fidem
1066 1765 1123 1796 mi-

239 1826 274 1848 re
293 1814 422 1847 extollit
432 1836 444 1854 ‚
468 1812 633 1852 admirans
646 1813 679 1851 ὃς
705 1813 884 1858 indignans
906 1825 1018 1849 tantos
1041 1814 1127 1852 viros.

240 1863 281 1905 ad
304 1863 415 1904 nescio
437 1873 577 1905 quorum
599 1862 843 1898 adolescentum
858 1889 869 1905 ,
895 1865 928 1899 δε
950 1863 1127 1903 Herotis&

241 1914 355 1949 Lazari
376 1937 388 1953 ,
423 1910 680 1955 “tabescendorum
713 1918 862 1951 nominum
882 1938 893 1953 ,
929 1914 1127 1948 delationem

241 1964 335 1998 fuisse
359 1963 549 2002 damnatos.
578 1962 768 2004 ,Oportuifl'e
789 1964 855 2002 ait,
883 1973 920 1997 ut
940 1963 1128 1997 Herotes&

242 2015 383 2048 Lazarus
395 2011 451 2055 qui
463 2010 674 2053 recuperandi
694 2011 908 2057 Episcopatus
920 2012 1059 2046 libidine
1082 2022 1128 2046 to-

242 2075 312 2096 tum
336 2069 583 2106 pervagarentur
593 2059 706 2094 orbem
719 2085 729 2101 ,
757 2073 824 2095 non
838 2063 871 2097 in
891 2061 1061 2096 Palaestina
1074 2072 1130 2101 aut

243 2114 356 2152 Africa
370 2122 422 2154 per
434 2112 554 2148 litteras
570 2134 580 2149 ,
606 2110 658 2147 sed
686 2111 801 2144 Romae
813 2114 983 2154 praesentes
1005 2111 1129 2148 accusa·

243 2173 314 2197 rent
326 2187 333 2194 .
350 2161 457 2201 Etiam
470 2160 577 2205 arguit
587 2159 629 2193 de
641 2158 824 2197 absentibus
834 2173 872 2194 ac
887 2162 1043 2194 inauditis
1056 2161 1130 2199 fuis-

243 2214 275 2247 se
287 2212 466 2255 judicatum
479 2233 491 2255 ,
513 2208 749 2245 &concludit:
777 2208 910 2250 Misimus
923 2212 969 2243 ad
993 2210 1131 2243 Dileelio·

246 2273 314 2296 nem
329 2259 456 2299 vestram
476 2257 661 2298 exemplaria
669 2256 890 2300 scripturarum
903 2284 914 2300 ,
940 2272 1015 2303 quas
1042 2262 1130 2293 Pela·

238 2317 306 2361 gius
319 2308 392 2351 mifit
405 2334 415 2350 ,
442 2320 568 2350 quarum
579 2308 699 2341 ieelim
710 2320 768 2345 non
775 2309 954 2353 ambigimus
962 2319 1070 2352 parem
1082 2322 1131 2343 vo-

242 2361 288 2396 bis
300 2361 336 2393 ele
350 2359 483 2402 absoluta
494 2361 558 2399 ejus
566 2357 627 2399 fide
633 2357 702 2399 fore
714 2364 745 2390 in
762 2362 888 2393 Domino
898 2360 1042 2394 laetitiaem
1053 2385 1061 2393 .
1079 2361 1131 2394 Ex

244 2421 415 2458 pravorum
439 2407 615 2447 hominum
640 2407 829 2443 testimonio
852 2408 1029 2445 damnatos
1041 2411 1132 2455 vult,

243 2472 283 2498 ex
296 2463 355 2496 suo
366 2471 404 2495 ac
418 2459 479 2494 suae
488 2454 615 2507 synodi
629 2458 822 2497 testimonio
835 2459 979 2499 absolvi„

528 2557 567 2596 Τ
592 2558 621 2591 E
649 2557 681 2591 R
708 2557 745 2592 T
770 2559 785 2593 1
811 2557 844 2597 Α

240 2655 807 2697 ΟΛΚΤΗΛΟΙΝΕΝδΙδ
831 2658 1128 2700 SYNODUS,

349 2758 481 2800 oranda
504 2757 550 2794 est
575 2757 682 2791 Sansti
708 2756 888 2803 Augustini
911 2760 1067 2804 posterior
1087 2761 1126 2798 ad

375 2808 595 2845 Valentinum
614 2808 824 2843 Adrumetiui
849 2810 1046 2844 Monasserii
1062 2811 1127 2845 Ab·

239 2861 351 2899 ‚batem
372 2858 537 2904 Epistola.
563 2857 794 2895 Milevitanam
806 2870 844 2897 ac
857 2860 1028 2894 secundam
1050 2862 1125 2895 Car-

244 2910 478 2955 thaginensem.
495 2908 665 2951 synodum
688 2909 798 2944 laudat
814 2934 825 2950 ,
850 2910 997 2956 &pergit
1013 2926 1023 2945 .·
1051 2915 1127 2944 Item

247 2964 344 3004 Papae
357 2963 483 3000 Zozymo
494 2961 532 2992 de
547 2958 685 3000 Africano
697 2961 825 2995 Concilio
828 2959 974 3004 scriptum
987 2962 1025 3004 est
1034 2985 1044 3000 ,
1056 2960 1124 3004 ejus·

242 3022 301 3052 que
323 3009 500 3053 rescriptum
519 3010 562 3041 ad
580 3008 733 3052 universos
753 3015 844 3043 totius
866 3011 943 3045 orbis
967 3011 1125 3054 Episcopos

246 3062 356 3102 inissem
378 3085 389 3101 ,
415 3062 449 3094 Θ
470 3061 547 3102 quod
563 3058 712 3100 posteriori
736 3062 863 3094 Concilio
876 3063 1014 3102 plenario
1034 3068 1125 3095 totius

247 3109 357 3150 Africae
380 3119 483 3146 contra
507 3109 604 3153 ipsum
626 3121 752 3145 errorem
763 3109 897 3146 breviter
909 3112 1108 3152 constituimus
1119 3135 1126 3144 .

249 3159 402 3196 Unicum
422 3160 481 3194 sub
503 3159 667 3195 Pontifice
690 3161 841 3204 Zozymo
863 3161 1059 3197 Africanum
1072 3163 1126 3196 ad-

244 3208 354 3243 versim
371 3209 564 3254 Pelagianos
576 3210 767 3245 Concilium
780 3211 916 3245 laudant
929 3212 1039 3254 paffim
1060 3224 1124 3246 rno-

243 3258 334 3292 derni
348 3259 540 3301 Scriptores:
570 3261 681 3295 verum
692 3261 760 3297 duo
772 3287 782 3302 ‚
813 3262 994 3304 plenarium
1011 3263 1099 3296 aliud
1116 3287 1126 3302 ,

244 3310 332 3343 aliud
348 3319 416 3344 non
430 3308 607 3353 plenarium
620 3312 714 3345 fuisse
725 3337 735 3352 ‚
767 3311 975 3358 Augustinus
987 3311 1040 3347 hic
1050 3313 1127 3347 luci*

243 3358 286 3395 de
294 3359 444 3394 adfirmat
455 3383 462 3391 .

1178 466 1241 503 ejus
1262 473 1322 495 non
1340 459 1468 504 ‚discuffls
1488 462 1536 497 ad
1553 474 1665 495 omnem
1683 462 1828 508 fillabam
1842 463 2058 507 praebuert'mus

1177 511 1354 554 adsensum.
1384 511 1426 545 Et
1447 523 1490 545 ex
1514 512 1655 545 secundo
1678 514 1908 557 Augustiniad
1920 513 2058 548 Pontifi-

1177 562 1249 597 cem
1274 561 1484 597 Bonifacium
1508 561 1606 594 libro.
1634 563 1786 605 Apostoli
1804 564 1936 605 locum,
1960 567 2058 608 ,Quot-

1176 622 1244 656 quot
1253 610 1378 653 perfec‘li
1393 636 1403 651 ‚
1431 611 1482 644 hoc
1490 610 1647 654 sapiamus
1659 638 1669 653 ‚
1682 612 1748 653 &fi
1754 615 1831 655 quid
1838 615 1923 646 aliter
1929 616 2055 658 sapitis,

1178 666 1212 696 id
1222 673 1336 705 quoque
1349 665 1430 695 Deus
1445 662 1530 698 vobis
1545 663 1707 700 revelabit,
1725 662 1849 696 rursum
1860 663 1969 696 laudat
1981 664 2019 696 Sa
2026 677 2059 697 n-

1178 716 1244 748 &us
1258 712 1482 756 Augustinus,
1510 713 1543 746 &
1560 713 1730 746 concludit
1743 726 1761 745 .·,
1783 718 1842 748 Hoc
1851 714 2010 755 utplem'us
2023 714 2058 746 <5

1178 762 1361 805 manifestius
1373 768 1406 794 in
1418 762 1628 804 Celestiofieret
1642 787 1653 802 ‚
1678 761 1903 804 exspec‘labatur
1915 768 2056 795 venturis

1178 827 1215 846 ex
1232 813 1450 854 afric-alitteris
1465 835 1475 850 ,
1499 819 1531 845 in
1544 825 1604 855 qua
1629 816 1790 846 Provincia
1814 816 1880 853 ejus
1907 814 2059 854 aliquante

1178 864 1507 899 calliditasevidemius
1516 870 1692 899 innotuerat
1706 887 1713 895 .
1741 865 1823 906 ,ραι
1835 865 1961 895 Romam
1981 864 2059 895 litte·

1179 925 1222 948 rae
1231 913 1421 955 poaeaquAm
1435 924 1582 946 venerunt
1594 937 1604 952 ,
1629 915 1665 946 id
1674 920 1856 950 continentes
1867 935 1877 951 ,
1905 923 1962 945 non
1980 911 2065 955 suffi-

1179 975 1240 998 cere
1263 962 1428 996 bominibus
1449 965 1633 997 tardioribus
1646 965 1680 998 6*
1697 963 1920 1006 solicitioribus,
1947 964 2025 1004 quod
2029 960 2061 1004 se

1175 1013 1356 1058 generaliter
1366 1017 1528 1051 lnnocentii
1540 1014 1680 1058 Episcopi
1688 1015 1800 1047 litteris
1809 1011 1971 1057 consentire
1976 1011 2063 1053 fate·

1180 1065 1269 1097 batur
1281 1088 1292 1103 ,
1315 1062 1372 1106 sed
1387 1065 1489 1104 aperte
1511 1076 1577 1097 eum
1603 1065 1709 1099 debere
1717 1063 1977 1097 anathematizare
1995 1073 2062 1104 quae

1181 1113 1273 1157 insuo
1299 1114 1500 1155 libelloprava
1508 1114 1646 1157 posuerat
1669 1139 1679 1155 ‚
1706 1126 1743 1148 ne
1756 1113 1787 1156 fi
1801 1116 1838 1147 id
1858 1126 1914 1147 non
1925 1113 2057 1155 fecisset,

1181 1165 1270 1197 multi
1289 1164 1398 1205 pariam
1418 1166 1638 1208 intelligentes,
1662 1172 1762 1213 magis
1778 1169 1812 1200 ‚in
1820 1164 1916 1197 libello
1927 1165 1993 1205 ejus
2006 1163 2062 1196 illa

1178 1215 1251 1256 fidei
1278 1225 1396 1251 venena
1417 1215 1437 1246 a*
1458 1217 1531 1252 sede
1544 1215 1702 1257 apostolica
1711 1215 1862 1249 crederent
1873 1213 2062 1256 approbata,

1177 1265 1337 1306 propterea?
1358 1267 1437 1306 quod
1456 1265 1496 1297 ab
1527 1267 1586 1298 illa
1607 1265 1717 1298 didam
1737 1274 1804 1299 erat
1826 1266 1890 1305 ejus
1911 1264 2063 1302 libellum,

1181 1315 1232 1356 esse
1254 1312 1426 1346 catholicum
1440 1337 1451 1352 ‚
1477 1326 1568 1356 quam
1578 1317 1737 1348 emendata
1755 1322 1878 1355 propter
1897 1315 1974 1345 illud
1985 1312 2066 1354 quod

1177 1362 1211 1406 se
1233 1366 1328 1410 Papa
1354 1366 1514 1400 Innocenti}
1530 1365 1640 1401 litteris
1662 1363 1823 1407 consentire
1833 1361 1895 1405 ipse
1911 1360 2066 1405 responde·

1183 1423 1245 1446 rat.

1234 1462 1316 1496 Haec
1337 1486 1348 1502 ,
1375 1460 1509 1506 inquam
1532 1487 1543 1509 ,
1570 1463 1725 1507 Synodus
1752 1462 1880 1509 Pelagii
1908 1464 1942 1497 δε
1971 1461 2071 1496 Cele-

1186 1513 1236 1546 stii
1265 1513 1389 1555 Scripta
1419 1516 1531 1546 omnia
1549 1538 1560 1553 ,
1589 1516 1642 1548 sua
1670 1515 1704 1547 in
1734 1514 1834 1556 prima
1862 1515 1896 1547 δε
1925 1512 2068 1546 secunda

1186 1562 1436 1606 Carthaginensi
1457 1588 1467 1603 ‚
1505 1574 1603 1606 atque
1638 1565 1672 1597 in
1705 1564 1905 1598 Milevitana
1931 1563 2074 1606 Synodo

1186 1613 1357 1651 adversum
1392 1614 1475 1655 ipsos
1507 1615 1628 1648 sancita
1651 1638 1662 1653 ,
1689 1614 1816 1657 aliaque
1843 1614 1982 1656 ipsorum
2017 1610 2075 1645 hae-

1188 1664 1267 1696 rest-s
1295 1664 1325 1695 &
1353 1663 1449 1696 dolos
1471 1664 1706 1697 concernentia
1728 1665 1930 1698 documenta
1964 1662 2070 1697 colle-

1187 1715 1257 1758 git,
1287 1713 1371 1746 misit
1397 1713 1538 1750 Romam
1563 1725 1618 1761 per
1639 1714 1875 1751 Marcellinum
1896 1713 2073 1756 Carthagi-

1189 1764 1289 1799 nensis
1312 1762 1454 1799 Ecclefiae
1487 1762 1732 1797 subdiaconum
1747 1789 1757 1804 ‚
1786 1763 1915 1796 duobus
1936 1773 2077 1807 gyrova-

1188 1814 1238 1857 gis
1268 1812 1446 1846 Erronibus
1469 1820 1594 1846 tantam
1623 1814 1773 1851 adversus
1793 1825 1898 1847 tantas
1922 1812 2077 1856 Synodos

1190 1863 1287 1896 fidem
1322 1861 1466 1895 adhiberi
1495 1863 1605 1904 questa
1623 1864 1669 1896 est
1695 1875 1702 1894 :
1742 1864 1866 1910 Qesta
1890 1864 1935 1896 est
1962 1862 1996 1895 in
2019 1862 2079 1895 do-

1191 1913 1260 1946 losis
1282 1910 1423 1955 ipsorum
1438 1912 1687 1953 professionibus
1710 1925 1748 1947 ac
1774 1911 1894 1948 libellis
1917 1923 1983 1946 non
2010 1913 2080 1946 sen-

1191 1964 1282 1999 sum,
1306 1962 1359 1999 ‚sed
1373 1962 1510 2003 syllabas
1524 1963 1694 1996 dumtaxat
1719 1964 1811 1998 fuisse
1822 1973 1983 1997 attentas.
2014 1962 2079 1996 Ce-

1192 2012 1275 2045 lestii
1310 2011 1458 2047 libellum
1494 2013 1587 2045 fuisse
1615 2012 1798 2054 judicatum
1836 2012 2072 2052 catholicum,

1191 2062 1225 2099 &
1239 2060 1530 2099 PauliniDiaconi
1552 2061 1676 2105 objecta
1697 2074 1766 2097 non
1788 2063 1943 2098 damnata
1958 2087 1968 2102 ‚
1994 2062 2075 2095 tulit

1191 2110 1410 2153 iniquissime,
1436 2111 1813 2158 damnarihaecinstitit,
1838 2114 1871 2147 &
1894 2111 2082 2156 suumjudi-

1191 2161 1414 2194 ciumfirmari
1429 2184 1437 2196 ,

1241 2208 1336 2254 Qot
1349 2208 1504 2252 Episcopi
1529 2211 1758 2252 interfuerint,
1785 2213 1904 2256 ignoro
1919 2235 1927 2243 .
1958 2211 2000 2245 Et
2013 2210 2081 2245 Mi-

1192 2259 1538 2296 levitanae&secundae
1563 2260 1827 2307 Carthaginensis
1849 2260 1976 2304 Synodi
2003 2261 2081 2304 Epi-

1192 2312 1308 2351 scopos
1331 2310 1499 2353 plerosque
1525 2322 1595 2345 non
1619 2311 1768 2350 dubitem
1789 2312 1925 2346 adfuisse
1944 2336 1951 2343 .
1980 2311 2082 2354 Papa-

1191 2359 1221 2393 le
1246 2359 1450 2402 Rescriptum
1476 2360 1589 2396 datum
1615 2362 1661 2396 est
1695 2362 1897 2397 duodecimo
1930 2361 2081 2395 Honorii

1192 2408 1377 2444 Consulatu
1389 2434 1400 2450 ,
1427 2421 1516 2448 anno
1537 2411 1678 2448 Domini
1691 2411 2013 2456 quadringentesimo
2028 2411 2082 2445 de·

1190 2461 1279 2499 cimo
1310 2461 1427 2494 ostavo
1452 2485 1464 2501 ‚
1503 2461 1704 2495 duodecimo
1741 2461 1905 2495 Calendas
1928 2460 2076 2504 Apriles,

1191 2510 1355 2544 redditum
1377 2518 1485 2544 autem
1509 2512 1609 2544 tertio
1633 2511 1798 2549 Calendas
1823 2510 1955 2553 Majas,
1981 2520 2079 2553 atque

1192 2561 1235 2594 ita
1256 2558 1410 2602 Synodus
1422 2560 1569 2603 praeteriti
1593 2562 1673 2596 anni
1700 2562 1880 2596 Autumno
1893 2560 2020 2595 videtur
2031 2572 2080 2596 cen

1191 2611 1330 2646 lebratat

1190 2707 1525 2747 ROMANAE
1576 2711 1717 2746 SUB
1766 2711 2076 2747 ZOZYMO

1397 2758 1864 2799 PONTIFICE

1470 2859 1779 2897 SYNODI

1307 2959 1562 2997 ACTIO
1614 2959 1947 2997 TERTIA.

1170 3050 1175 3087 ¹
1271 3059 1402 3095 Audata
1436 3059 1594 3095 Afrorum
1632 3062 1874 3105 Episcoporum
1905 3061 2073 3106 Rescripta

1261 3145 1265 3148 ,
1296 3113 1358 3156 legi
1385 3110 1460 3146 huic
1484 3112 1620 3146 Adiioni
1642 3112 1726 3154 jufflt
1743 3112 1903 3148 Pontifex
1937 3137 1947 3152 ‚
1987 3114 2018 3146 δε
2039 3114 2073 3145 in

1187 3161 1327 3195 secundo
1351 3162 1390 3194 ad
1415 3161 1612 3195 Pontificem
1641 3162 1852 3197 Bonifacium
1873 3162 1956 3196 libro
1970 3163 2074 3206 pergit

1187 3212 1320 3246 Sanstus
1343 3210 1570 3254 Augustinus:
1598 3216 1676 3248 Tune
1699 3225 1764 3257 ergo
1784 3215 1848 3249 cum
1871 3212 2073 3253 Celestiiprae-

1183 3259 1281 3303 sentia
1300 3261 1486 3304 posceretur,
1513 3271 1546 3294 ut
1568 3270 1657 3295 certis
1680 3275 1715 3296 ac
1737 3265 1881 3299 dilucidis
1894 3261 2076 3304 responsioni·

1188 3311 1241 3344 bus
1266 3314 1319 3346 vel
1337 3311 1450 3351 astutia
1474 3310 1605 3348 hominis
1627 3315 1679 3347 vel
1705 3314 1843 3347 cornelio
1871 3309 2075 3353 dilucesceret,

1188 3363 1222 3396 Θ
1244 3364 1317 3396 nulli
1340 3362 1479 3404 ambigua
1500 3372 1664 3397 remaneret
1682 3386 1692 3403 ,
1716 3363 1748 3407 se
1764 3362 1962 3407 subtraxit&
1989 3374 2077 3405 nega·

237 3425 243 3429 ·
293 3409 432 3446 Praesens
451 3407 605 3452 Synodus
617 3411 679 3445 fuit
695 3422 763 3445 non
779 3412 943 3457 plenaria.
975 3411 1055 3447 Asta
1076 3424 1128 3456 pe·
1189 3417 1240 3446 vit
1261 3417 1414 3446 examini.
1441 3415 1507 3445 Nee
1537 3414 1737 3455 differendum
1758 3416 1828 3454 jam
1844 3411 1953 3453 fuerat
1976 3435 1986 3449 ‚
2006 3411 2081 3453 ficut

239 3458 388 3502 derunt,
413 3468 651 3496 cerumtamen
665 3462 900 3505 compendium
915 3462 1071 3499 habemus
1083 3474 1125 3498 ex
1182 3462 1303 3505 fae‘lum
1328 3460 1365 3503 est
1376 3485 1388 3503 ,
1413 3464 1492 3505 quod
1511 3464 1581 3498 aliis
1595 3463 1743 3508 prodeffet
1756 3487 1768 3505 ,
1788 3462 1819 3505 fi
1835 3467 1949 3496 nimiru
1965 3475 1993 3493 rr.
2035 3476 2083 3497 :ie-

1935 3509 2032 3555 verso-
