2366 3736
371 85 454 131 De
490 85 768 140 AurtQiA
794 79 1175 127 ‘Dtsctp'LlNA
1206 82 1451 127 CHRlsr.
1487 80 1782 128 Mutun-

207 168 397 204 eorumdem
412 191 418 198 .
446 166 554 200 Etiam
567 178 660 201 autea
674 164 802 200 Saturni
817 165 1016 199 saeculasunt
1029 165 1087 210 fig-

211 214 322 255 menta
343 217 476 262 gentilis
494 218 671 251 coecitatis.
701 215 833 248 Etenim
857 214 875 246 a
900 215 1011 257 primis
1033 227 1087 250 na-

211 268 366 303 scentium
390 267 554 310 vagitibus
578 269 679 310 usque
698 262 737 296 ad
760 273 922 299 extremos
945 266 1085 299 morien-

209 319 293 352 tium
308 317 449 360 gemitus
461 317 568 351 statim
591 317 609 350 a
633 314 738 358 primo
751 324 885 357 peccato
907 314 970 349 fuit
990 326 1088 360 grave

209 367 321 402 multae
342 366 539 401 calamitatis
551 366 664 410 jugum
680 365 771 406 super
793 364 878 398 filios
901 364 1000 398 Adae.
1029 364 1087 399 At-

202 414 318 450 'tamen
333 418 478 459 primaeva
490 415 559 459 post
571 414 731 448 diluvium
744 414 857 449 saecula
888 413 1017 448 fuerunt
1031 426 1086 458 po-

207 463 395 501 'sserioribus
408 467 536 501 mitiora
548 489 555 496 .
584 463 651 499 Uti
667 475 768 498 unum
785 474 865 498 tunc
876 463 1030 498 omnibus
1044 465 1084 498 la—

209 515 323 556 bium,
349 518 395 552 ita
409 525 490 549 unus
512 512 574 548 fuit
602 525 779 557 utcumque
800 515 930 547 animus
944 539 955 554 ‚
985 513 1086 557 major

209 567 424 604 communio,
451 562 609 604 charitas,
634 563 775 606 justitia.
802 563 995 597 Nullatunc
1021 566 1087 598 fue-

208 628 242 650 re
255 616 369 660 Regna
381 637 391 655 ,
419 615 471 647 sed
484 615 552 648 sola
565 623 695 656 paterna
708 613 852 648 Potestas
875 614 909 646 in
939 614 1026 648 filios
1050 626 1086 648 ac

208 674 362 706 nepotes.
389 663 592 709 Linguarum
614 664 729 698 divisio
743 674 873 707 putatur
892 663 974 697 faita
998 675 1086 698 anno

207 714 278 758 post
319 713 567 757 Cataclysmum
604 713 824 749 ducentesimo
854 714 1087 758 septuagesimo

1924 99 1995 146 97

1147 166 1270 201 artubus
1289 169 1323 201 <⁴2¹
1345 166 1441 199 labore
1453 168 1555 206 affiduo
1566 170 1662 201 multa
1674 174 1895 207 contempturus
1907 169 1940 201 (9¹
1953 167 2022 208 for-

1147 219 1294 250 midanda
1306 241 1313 248 .
1341 221 1407 249 Nec
1427 228 1522 249 eorum
1543 220 1703 260 aliquando
1724 216 1878 264 quisquam
1892 242 1902 257 ,
1939 226 1970 249 ut
1985 224 2019 250 m

1146 269 1236 300 italia
1249 291 1260 307 ,
1284 278 1390 300 munus
1403 269 1548 299 Martium
1556 266 1763 312 pertimescens
1783 293 1793 308 ,
1815 268 1948 309 pollicem
1962 265 2022 306 fibt

1146 314 1315 360 p'raectdtt,⁴
1335 328 1404 359 quos
1412 317 1553 357 Jocaliter
1564 322 1678 351 Murcos
1702 318 1874 361 appellant.
1903 316 2023 349 Barba·

1149 379 1184 401 ro
1198 367 1359 401 vocabulo
1376 378 1436 400 nos
1458 365 1554 399 hodie
1575 369 1772 411 appellamus
1808 366 1985 401 Poltronos
2011 390 2019 398 .

1149 418 1230 450 Hoc
1241 417 1285 451 est
1302 417 1422 460 pollice
1436 426 1588 449 truncos.
1615 418 1711 463 Qos
1728 417 1817 452 Sacri
1840 418 1939 450 etiam
1961 414 2022 449 Ca-

1148 475 1251 500 nones
1272 467 1311 500 ad
1340 466 1566 504 Clericatum‚
1594 466 1790 508 spiritualem
1831 467 1983 500 militiam
2009 488 2022 504 ,

1149 518 1294 550 fecerunt
1317 516 1527 560 irregulares.
1571 516 1783 550 Ammianum
1806 517 1937 551 forsitan
1963 515 2022 548 res·

1149 567 1235 609 pexit
1248 567 1281 598 in
1296 565 1381 599 libro
1392 564 1543 599 adversus
1556 564 1779 609 Vi'gilantium
1793 567 1917 599 sanstus
1939 564 2020 598 Hie-

1149 627 1332 659 ronymus,
1360 615 1499 648 scribens
1522 615 1667 648 Galliam
1702 617 1825 659 semper
1850 614 2024 648 abundasse

1148 667 1223 699 viris
1235 665 1432 699 fortissimis.
1463 665 1504 697 Et
1519 666 1551 698 in
1566 665 1666 707 prima
1682 666 1815 699 Decade
1839 664 1935 697 habet
1954 664 2021 696 Ti-

1149 725 1198 748 tus
1211 716 1344 750 Livius:
1373 713 1745 757 Gallisuntinterferrum
1765 717 1798 748 (5
1812 726 1898 746 arma
1920 719 1986 746 nati
2012 738 2021 752 ,

2038 693 2110 728 Lib,
2136 701 2190 730 10.

207 764 339 806 quinto:
357 773 436 798 tunc
447 775 551 809 genus
563 763 709 798 nostrum
720 763 764 796 est
774 763 868 806 juxta
879 764 948 798 suas
961 763 1088 807 linguas
1142 765 1256 806 feroces
1269 763 1374 808 suopte
1385 771 1501 808 ingenio
1519 789 1526 796 .
1554 765 1595 798 Et
1615 764 1648 797 in
1665 764 1757 797 tertia
1773 764 1903 797 Decade
1915 778 1925 797 .·
1952 765 2017 795 Gal
2036 754 2104 785 αρ’
2139 746 2191 782 ¹6·

206 814 433 857 dispersumin
451 815 553 848 varias
579 815 693 848 mundi
721 814 893 858 regiona,
921 814 955 846 in
983 814 1086 849 varias

204 874 342 908 genteS,
367 875 404 898 ac
417 862 612 908 pedetentim
627 863 662 897 in
684 864 770 896 varia
794 874 910 908 regna.
938 863 1086 897 Nemrod

204 911 263 947 ‘seu
274 912 374 948 Belus
392 914 510 948 mansit
523 914 557 947 in
576 923 657 948 terra
667 912 811 947 Sennaar
825 913 909 957 apud
936 913 1085 956 Babylo-

201 974 285 998 ›nem
298 987 310 1003 ,
336 963 486 999 &statim
499 962 568 997 illic
587 963 741 1008 proximo
752 975 842 997 anno
857 964 964 997 venari
977 963 1088 1007 coepit,

205 1024 245 1047 ac
256 1014 445 1055 effe-potens
458 1013 492 1047 in
505 1022 587 1048 terra
601 1038 608 1046 .
637 1012 698 1047 Pet
710 1013 808 1047 robur
828 1025 866 1048 ac
891 1013 1086 1047 violentiam

205 1062 310 1096 erexit
330 1063 360 1096 se
377 1061 410 1095 in
423 1063 568 1107 Regem.
598 1063 727 1097 Primus
750 1063 832 1097 inter
857 1074 971 1097 omnes
985 1089 992 1096 .
1021 1063 1076 1096 An

205 1110 354 1145 Sesostris
365 1113 447 1155 apud
461 1112 645 1157 AEgyptios
656 1137 667 1153 ‚
695 1114 727 1146 ὅ(
741 1113 868 1146 Tanais
886 1113 971 1157 apud
1008 1114 1084 1156 Scy·

204 1159 278 1195 thas
288 1163 493 1206 regnaverint
508 1164 629 1206 primi,
640 1163 683 1198 esi
698 1174 744 1196 res
758 1165 881 1198 incerta
893 1189 900 1196 .
929 1164 961 1197 Si
977 1175 1086 1207 regna-

206 1212 310 1245 verint
327 1236 337 1250 ,
366 1213 398 1245 in
411 1213 508 1247 Sacro
521 1213 636 1248 Textu
650 1213 833 1247 habuerunt
847 1213 907 1246 alia
929 1216 1065 1247 nomina
1077 1236 1084 1245 .

204 1259 394 1308 Qodante
409 1261 537 1296 Ninum
561 1274 616 1297 aut
648 1263 767 1297 Belum
796 1263 879 1297 bella
893 1264 1047 1307 gesserint
1076 1287 1087 1303 ,

206 1311 251 1344 est
264 1311 396 1354 gentilis
408 1311 516 1345 fabula
529 1339 536 1347 .
564 1312 687 1347 Similis
698 1311 806 1347 fabula
820 1313 947 1346 videtur
958 1337 968 1352 ‚
997 1312 1085 1357 quod

205 1360 319 1394 Ninus
343 1372 476 1395 omnem
500 1361 659 1406 subegerit
696 1363 823 1395 Asiam.
853 1363 984 1396 Etenim
1007 1362 1085 1399 dum

204 1409 398 1443 Patriarcha
431 1408 597 1444 Abraham
621 1411 639 1444 ὲ
664 1410 907 1453 Mesopotamia
929 1411 1029 1445 -venit
1051 1412 1084 1444 in

205 1459 357 1502 Syriam,
383 1458 492 1501 plures
521 1459 592 1493 istic
620 1459 747 1493 invenit
787 1460 916 1504 Reges,
944 1472 1084 1504 quorum

205 1509 316 1542 nullus
329 1506 532 1551 dependebat
544 1509 585 1543 ab
598 1508 729 1552 Assyrio
741 1533 748 1540 .
779 1509 823 1542 Et
846 1521 925 1543 tunc
939 1511 1008 1554 post
1023 1511 1083 1544 Ni-

203 1569 286 1594 num
310 1569 347 1591 ac
369 1557 573 1592 Semiramim
602 1558 757 1604 regnabat
777 1560 907 1602 Ninyas
934 1585 941 1592 .
977 1561 1084 1593 Etiam

205 1608 274 1651 ejus
296 1607 488 1642 successores
516 1612 693 1653 numquam
727 1619 901 1653 arguerunt
924 1611 1050 1653 Judaeos
1076 1634 1086 1650 ‚

207 1658 295 1701 quod
310 1669 349 1690 ex
377 1656 534 1702 AEgypto
562 1661 695 1692 reduces
734 1658 917 1693 invasisserit
942 1661 1084 1703 ipsorum

205 1707 391 1752 provincias
404 1733 411 1739 .
443 1707 583 1741 Proinde
597 1707 708 1743 Ninus
724 1708 796 1743 istas
815 1710 937 1743 vicinas
952 1711 1085 1754 provin-

199 1758 273 1789 cias
304 1767 360 1790 aut
380 1768 545 1801 nunquam
572 1758 712 1799 invasit,
739 1769 795 1793 aut
814 1760 883 1804 ejus
902 1762 1083 1802 successor,

204 1806 295 1849 quod
312 1818 379 1841 non
403 1808 555 1851 videtur,
581 1809 701 1844 amisit.

430 1908 462 1942 C
488 1908 520 1942 A
548 1909 575 1944 P
605 1911 644 1946 U
671 1910 708 1944 T
809 1911 857 1946 11.

230 2008 438 2048 Exponuntur
455 2006 594 2041 bellorum
615 2010 763 2044 commoda
797 2011 831 2043 (9·
859 2010 1058 2043 incommoda.

283 2106 430 2140 Eliorum
456 2106 666 2142 incommoda
693 2109 726 2142 ὅ(
751 2109 956 2143 calamitates,
972 2109 1082 2143 descri-

307 2157 378 2189 bere
391 2156 469 2197 quid
480 2157 619 2198 juverit?
647 2160 792 2197 Omnes,
823 2169 881 2201 pro
905 2159 1019 2192 dolor!
1049 2159 1080 2191 il·

206 2206 239 2237 la
263 2206 404 2238 nimium
426 2206 600 2239 novimus.
637 2206 781 2241 Utinam
821 2209 1045 2251 ignoraremus
1075 2234 1081 2241 .

204 2253 354 2298 Magnus
369 2253 454 2297 Papa
479 2255 640 2290 Nicolaus
667 2259 747 2291 redte
774 2258 892 2301 scripsit
916 2258 1080 2292 neminem

204 2303 298 2337 bellis
321 2304 445 2337 studere
456 2305 544 2347 posse
567 2316 622 2339 aut
643 2306 793 2341 delestari
809 2331 820 2348 ‚
847 2307 901 2340 nisi
925 2309 980 2349 qui
1004 2306 1081 2342 dila-

204 2354 298 2387 tandi
315 2354 423 2397 Regni
437 2355 576 2397 cupidus
588 2380 599 2396 ,
625 2367 681 2389 aut
695 2357 746 2390 irae
757 2357 807 2390 vel
820 2356 951 2391 invidiae
963 2383 972 2396 ‚
999 2358 1079 2392 fimi-

206 2403 310 2447 lisque
329 2403 475 2437 libidinis
502 2404 598 2439 fuerit
623 2406 776 2439 dilector.
817 2407 864 2440 Ita
882 2407 923 2441 de
951 2407 1080 2442 Parthis

42 2478 109 2513 [h
206 2453 314 2487 scribit
329 2454 525 2487 Ammianus
539 2455 772 2490 Marcellinus:
802 2461 923 2491 Feroces
944 2457 1017 2500 sune
1037 2460 1075 2491 il-

78 2492 84 2511 ¹
112 2487 188 2524 '23'
207 2503 246 2535 llc
267 2502 449 2535 habitatores
466 2512 607 2547 pagorum
628 2511 758 2538 omnium
770 2530 780 2546 ,
807 2517 895 2549 atque
902 2516 1050 2551 pugnaces
1068 2533 1077 2548 ‚

39 2540 108 2572 ‘ap‘
130 2537 188 2574 ²4⁵
207 2550 306 2594 eosque
317 2557 361 2584 ita
380 2558 541 2585 certamina
554 2556 671 2594 juvant
695 2557 729 2588 (5
750 2556 827 2589 bella
840 2581 848 2595 ‚
875 2566 907 2589 ut
925 2560 1077 2597 Judtcetur

207 2608 285 2635 inter
296 2603 369 2634 alios
382 2612 480 2634 omnes
492 2601 597 2636 beatus
609 2628 620 2644 ‚
647 2609 697 2646 qui
707 2610 739 2636 tn
752 2607 859 2646 praeli'o
868 2607 990 2647 fuderit
1013 2615 1077 2641 anl-

206 2663 288 2684 mam
299 2676 306 2684 .
333 2653 522 2685 Excedentes
545 2659 624 2686 emm
633 2655 648 2686 e
661 2658 727 2687 vita
739 2663 829 2688 morte
833 2654 964 2696 fortuita
976 2682 986 2698 ,
1014 2669 1077 2691 con-

206 2707 294 2735 vitiis
317 2700 495 2744 Insec‘lantur
516 2714 550 2738 ut
570 2705 722 2746 degeneret
756 2706 789 2738 (9'
811 2712 937 2748 tgna-005
950 2731 957 2738 .
985 2708 1074 2741 Idem

207 2749 316 2785 scribit
336 2751 378 2784 de
390 2751 525 2785 Alanis:
553 2763 586 2786 ut
597 2753 763 2786 hominibus
774 2761 880 2796 quietis
894 2758 927 2790 (9·
945 2759 1075 2798 placidis

206 2807 298 2834 otium
308 2801 344 2838 ess
355 2802 536 2843 voluptabile
546 2826 557 2842 ,
586 2808 631 2835 tta
643 2804 748 2836 Alanos
763 2808 896 2846 pericula
912 2808 1029 2845 juvant
1042 2810 1075 2842 6·

207 2851 305 2890 bella,
324 2853 478 2892 judicatur
491 2852 644 2885 ibtbeatus
656 2877 667 2892 ,
693 2860 744 2894 qut
758 2861 789 2886 in
806 2858 913 2896 priaelio
933 2857 1067 2898 profude

206 2906 248 2933 rit
261 2907 392 2933 animam
403 2926 410 2933 .
440 2901 620 2943 5enescentes
633 2909 713 2936 enim
726 2929 735 2945 ,
762 2906 796 2938 (5
814 2904 949 2949 fortuitis
970 2914 1073 2940 morti-

206 2949 263 2983 bur
279 2953 385 2983 mundo
397 2952 529 2996 digressos
540 2977 549 2993 ‚
577 2962 609 2985 ut
622 2955 774 2996 degeneres
789 2957 822 2988 (9·
835 2962 959 2999 ignavos
972 2981 982 2996 ‚
1011 2969 1070 2990 con·

209 3005 294 3032 vitiis
314 3000 493 3043 inftllantur
507 3026 514 3033 .
541 3007 608 3036 Nec
627 3004 790 3045 quidquam
813 3006 850 3044 est
871 3008 949 3047 quod
969 3009 1074 3040 elatius

203 3049 324 3088 ,inflant
337 3053 426 3093 qudm
447 3051 590 3085 hominem
614 3054 772 3095 quemlibet
791 3053 911 3097 occisum
927 3082 933 3088 .
961 3060 1074 3100 Proque

208 3105 325 3131 exuviis
341 3101 466 3144 gloriofis
489 3126 500 3141 ,
543 3102 762 3144 inter-sellarum
795 3104 904 3145 avulsis
928 3108 1074 3148 capitibus

208 3147 356 3181 detrac‘las
365 3152 456 3191 pelles
465 3160 519 3193 pro
528 3152 664 3194 phaleris
683 3156 831 3194 jumentis
856 3159 1075 3191 accommodant

35 2727 109 2763 Lib.
135 2737 186 2774 31.

40 2786 108 2820 cap.
124 2788 153 2822 7.

37 3171 110 3208 Lib.
130 3182 180 3217 15·

38 3234 105 3266 ΩΨ·
133 3233 177 3267 ²9
210 3248 281 3286 rili,

204 3301 335 3342 giorum,
363 3296 549 3339 &sublatius
570 3301 786 3345 insolescentes.
814 3306 863 3337 Ad
883 3307 1074 3340 militandum

207 3351 303 3378 omnis
327 3355 400 3379 aetas
423 3350 581 3389 apttffima.
611 3356 656 3384 Et
674 3359 746 3394 part
764 3355 888 3397 pellaris
917 3356 1015 3390 robore
1032 3356 1075 3400 se·

209 3407 269 3431 nex
280 3396 323 3430 ad
328 3397 507 3436 procinc‘lum
519 3401 631 3433 ducitur
642 3405 675 3435 (tr
705 3407 825 3440 adultus
836 3429 848 3448 ,
869 3407 938 3450 gelu
960 3409 1075 3441 durans
1091 3440 1094 3443 Δ

308 3450 334 3479 C
337 3445 414 3487 hrist.
427 3450 505 3491 Lupi
517 3452 614 3491 Opera
623 3454 699 3485 Tom.
706 3456 735 3487 X
738 3458 758 3487 1.

1117 3030 1119 3032 -
1138 3007 1242 3043 scribit
1266 3008 1352 3042 idem
1364 3008 1567 3051 sigebertus:
1597 3008 1769 3043 clotharius
1792 3013 1826 3044 (9
1850 3011 2005 3046 Theodori-

2037 793 2111 826 Lib.
2141 816 2162 826 t.

1148 817 1211 848 Itcae
1224 811 1335 848 Gentes
1342 813 1415 856 sunt
1430 813 1548 857 semper
1566 825 1715 848 armorum
1735 815 1839 847 avidae
1854 838 1861 844 .
1893 814 2022 856 Utique
2037 854 2111 887 cap.
2138 840 2191 878 16.

1147 865 1188 899 ad
1212 851 1401 907 &piendum
1425 865 1459 899 δε
1483 865 1724 899 invadendum.
1754 864 1928 898 Gallicana
1951 864 2022 896 bel·-

1150 915 1237 948 landi
1253 914 1464 948 libidoetiam
1478 915 1579 957 ipsas,
1609 915 1822 958 quasDivina
1845 913 2023 947 Providen-

1149 967 1193 998 tia
1205 965 1360 998 clauserat
1374 964 1568 1008 impervias,
1597 966 1865 1008 pervafitAlpes,
1895 975 1953 996 nec
1975 964 2023 997 so-

1149 1015 1213 1048 lam
1240 1015 1390 1054 ltaliam,
1428 1015 1592 1059 ipsamque
1618 1015 1784 1054 Romam,
1813 1014 1865 1048 sed
1895 1013 2024 1055 insuper

1149 1065 1247 1107 ipsam
1261 1059 1442 1108 penetravit
1455 1065 1585 1103 Asiam,
1613 1065 1643 1098 ὃ(
1657 1063 1888 1098 isticcondidit
1912 1063 2024 1097 Gallo-

1148 1115 1307 1147 Graeciam
1322 1139 1332 1153 ,
1359 1115 1411 1147 seu
1431 1115 1723 1149 Graeco-Galliam.
1754 1116 1854 1148 Alani
1868 1125 1930 1147 una
1945 1124 2023 1147 cum

1147 1164 1304 1203 Hunnis‚
1331 1163 1486 1202 Francis,
1514 1165 1720 1204 VVaudalis,
1747 1165 1882 1207 aliisque
1905 1165 2025 1197 Roma-

1149 1215 1420 1248 numlacerarunt
1456 1213 1657 1256 Imperium,
1686 1216 1730 1247 &⁴
1757 1214 1842 1248 viam
1871 1223 2032 1257 pararunt·

1148 1263 1388 1302 Nortmannis,
1417 1263 1621 1303 sarracenis,
1650 1275 1687 1296 ac
1711 1264 1852 1301 Turcis‚
1884 1263 2022 1305 peffimis

1149 1313 1250 1347 totius
1272 1311 1384 1345 mundi
1409 1311 1659 1345 destructoribus
1675 1337 1684 1352 ,
1721 1323 1758 1344 ac
1781 1313 2026 1354 praecursoribus

1150 1363 1232 1396 Anti
1246 1361 1369 1395 Christi
1383 1385 1392 1400 ,
1420 1372 1479 1394 nec
1492 1371 1558 1393 non
1574 1363 1605 1394 &
1620 1361 1698 1404 Gog
1711 1362 1743 1394 ὅ(
1764 1362 1892 1405 Magog
1905 1385 1915 1400 ,
1943 1371 2026 1402 quos

1150 1413 1183 1445 in
1198 1412 1391 1445 saeculorum
1409 1411 1623 1446 fine-solutus
1645 1411 1796 1445 diabolus
1816 1412 1913 1444 ducet
1936 1413 2027 1453 super

1149 1461 1359 1495 latitudinem
1371 1471 1480 1500 terrae,
1508 1472 1562 1503 per
1585 1461 1672 1504 ipsos
1695 1463 1807 1505 cinget
1827 1462 1929 1495 castra
1951 1463 2026 1495 San-

1149 1514 1290 1551 ssorum,
1317 1511 1349 1544 &
1363 1510 1566 1544 noviffimam
1580 1510 1906 1553 JEsU-CHklsTl
1918 1511 2030 1545 Eccle-

1149 1563 1223 1595 siam
1244 1561 1564 1594 studebitseducere.
1659 1570 1663 1578 ¹

1197 1610 1299 1658 Qod
1322 1621 1438 1644 omnes
1476 1610 1669 1652 injustorum
1698 1611 1859 1646 bellorum
1886 1614 2028 1647 auctores

1149 1669 1244 1703 atque
1257 1660 1398 1706 gestores
1410 1661 1576 1705 agantura
1591 1661 1726 1697 diabolo
1738 1687 1748 1703 ,
1775 1673 1842 1696 non
1859 1664 1902 1697 est
1929 1662 2029 1696 dubi-

1149 1711 1304 1746 tandum.
1333 1711 1483 1754 Spectant
1495 1711 1534 1744 ad
1557 1711 1726 1754 abyffum,
1753 1713 1786 1745 in
1801 1724 1901 1755 quam
1916 1712 2030 1756 Ange-

1150 1762 1199 1795 lus
1220 1760 1357 1805 ligatum
1393 1760 1563 1794 diabolum
1591 1762 1697 1802 misit,
1723 1763 1755 1795 ἀ
1776 1763 1906 1801 clausit,
1934 1763 1967 1795 ὅ(
1991 1763 2028 1803 si-

1149 1812 1263 1856 gnavit
1301 1812 1393 1854 super
1415 1806 1528 1843 ilium'.
1556 1811 1688 1844 Etenim
1717 1810 1782 1846 haec
1803 1814 1930 1855 abyssus
1952 1813 2027 1846 sunt

1150 1862 1301 1896 scelerata
1317 1856 1491 1903 impiorum
1505 1861 1536 1894 &
1552 1862 1739 1903 iniquorum
1763 1861 1939 1896 hominurn
1959 1873 2029 1895 cor·
2079 1864 2083 1866 ’

1149 1910 1187 1947 da
1202 1925 1213 1946 .·
1240 1912 1331 1947 omni
1356 1911 1439 1946 mari
1463 1911 1700 1945 turbulentiora
1723 1922 1760 1946 ac
1782 1912 1923 1946 salsiora.
1953 1912 2025 1945 Daz-

1149 1972 1263 1997 mones
1283 1988 1293 2003 ‚
1322 1961 1400 1996 dum
1429 1962 1458 1994 se
1483 1972 1578 1995 coecae
1602 1962 1780 2005 gentilitati
1801 1963 2023 2006 persuaserunt

1149 2014 1239 2046 Deos
1261 2036 1271 2051 ‚
1299 2022 1367 2046 non
1379 2011 1550 2044 dumtaxat
1570 2012 1746 2045 incitarunt
1772 2013 1812 2046 ad
1836 2013 1939 2052 bella,
1967 2011 2021 2045 sed

1148 2061 1261 2105 &ipsa
1275 2060 1292 2093 a
1317 2062 1348 2094 se
1362 2073 1398 2103 ac
1412 2062 1537 2094 interse
1557 2060 1626 2105 geri
1647 2064 1830 2096 finxerunt.
1861 2062 2022 2105 Exempla,

1149 2111 1306 2144 habemus
1326 2111 1410 2153 apud
1426 2112 1567 2143 sanctum
1584 2111 1806 2155 Auguslinum
1822 2114 1854 2145 in
1878 2112 1968 2145 libris
1979 2111 2021 2145 de

1148 2161 1292 2194 Civitate
1302 2160 1385 2193 Dei.
1420 2159 1511 2192 Hinc
1526 2160 1558 2192 in
1583 2160 1698 2194 litteris
1708 2163 1747 2195 ad
1764 2161 1925 2204 Alphium
1945 2162 2022 2194 Mo-

1149 2209 1288 2243 nachum
1309 2207 1417 2243 scribit
1430 2210 1554 2242 sanstus
1567 2210 1704 2244 Isidorus
1717 2211 1878 2245 PeluliOta
1895 2225 1901 2244 ε
1929 2212 2020 2244 Bella
2036 2204 2111 2239 Lib·
2126 2217 2157 2250 ς-

1138 2261 1206 2303 fere
1214 2259 1246 2292 ob
1260 2260 1374 2294 alienas
1388 2259 1550 2300 conflantur
1567 2261 1739 2302 poffeffiones
1764 2267 1797 2298 (q
1809 2263 1903 2295 bona.
1934 2268 1972 2295 Ac
1985 2273 2020 2295 ne
2036 2253 2176 2302 ΕΡ-386·

1144 2321 1243 2343 omnes
1272 2311 1388 2352 quidem
1412 2310 1486 2342 bella
1504 2320 1641 2352 gerentes
1662 2309 1733 2354 sune
1754 2311 1929 2355 accusandi,
1965 2312 2022 2354 sed

1143 2363 1326 2403 quithuriae
1353 2371 1386 2391 erc
1406 2360 1543 2401 rapiendi·
1579 2360 1691 2402 causa,
1716 2362 1748 2394 ht
1768 2363 1920 2404 perniciofi
1936 2364 2018 2394 velut

1142 2412 1288 2444 doemones
1306 2410 1450 2443 habendi.
1482 2410 1523 2443 Et
1560 2411 1600 2443 de
1636 2411 1795 2445 Bohemis
1821 2414 1851 2444 in
1874 2414 2015 2445 Francos

1142 2461 1223 2494 olim
1247 2459 1511 2504 belligerantibus
1528 2460 1635 2493 scribit
1657 2461 1839 2504 sigebertus
1862 2461 2015 2496 Gembla·

1141 2510 1259 2545 censis:
1290 2511 1431 2542 Francia
1449 2509 1628 2541 Bobemanis
1647 2518 1740 2553 gravi
1758 2514 1862 2553 praelio
1883 2519 2013 2545 vim-un·-
2031 2529 2086 2567 ΛΠ
2111 2529 2130 2569 8
2157 2541 2180 2568 Ο

1141 2570 1209 2594 tur.
1237 2565 1292 2592 Cui·
1308 2560 1388 2592 Bello
1394 2557 1521 2600 spiritus
1534 2560 1682 2601 malignus
1689 2560 1724 2603 se
1744 2562 1894 2604 praefurffe
1912 2571 1966 2604 per
1978 2574 2010 2596 os
2091 2557 2096 2564 ¹
2133 2543 2153 2579 5
2181 2557 2188 2566 ’

1142 2616 1297 2651 Arreptitii
1307 2609 1421 2652 publice
1439 2610 1618 2649 protestatus
1630 2610 1684 2649 est.
1714 2614 1759 2644 Et
1776 2621 1832 2653 per
1850 2612 1882 2655 se
1904 2615 1937 2646 (9*
1955 2621 2010 2654 per

1134 2659 1202 2703 suos
1221 2659 1328 2702 socios.
1360 2660 1486 2700 spiritus
1506 2657 1616 2700 scilicet
1633 2657 1781 2701 superbiae
1799 2664 1832 2695 Co·
1855 2662 2010 2705 discordia*

1139 2710 1217 2753 egisse
1230 2735 1239 2750 ‚
1266 2718 1298 2742 ut
1324 2712 1435 2741 Franci
1453 2715 1536 2751 terga
1557 2717 1725 2742 verterent.
1755 2713 1881 2756 Nempe
1902 2712 2012 2746 diabo-

1142 2761 1209 2799 lus,
1236 2760 1394 2802 quoniam
1408 2757 1585 2792 humanum
1600 2770 1703 2803 genus
1730 2773 1796 2796 non
1815 2762 2010 2804 permittitur

1142 2821 1193 2852 per
1206 2808 1565 2850 semet-ipsumturbare
1587 2820 1683 2852 atque
1706 2813 1913 2855 extinguere,
1944 2814 2010 2845 sce-

1140 2861 1254 2892 leratos
1277 2856 1429 2891 homines
1441 2859 1479 2892 ad
1496 2857 1574 2891 bella
1587 2870 1730 2893 concitat
1744 2885 1753 2899 ,
1780 2870 1876 2904 atque
1890 2863 1932 2894 ita
1946 2863 2006 2896 suae

1139 2907 1266 2942 invidiae
1276 2908 1658 2951 consequitureffeetum.
1690 2910 1796 2943 Etiam
1807 2911 1848 2945 de
1869 2911 2007 2946 Clotha-

1138 2959 1174 2992 rii
1198 2954 1234 2992 ac
1254 2957 1485 2996 Theoderici,
1525 2959 1722 2993 Francorum
1748 2960 1876 3005 Regum
1916 2961 2005 2997 bello
2026 2985 2079 3020 An
2092 2991 2159 3032 605

1135 3069 1184 3092 cus
1204 3059 1309 3101 praello
1331 3064 1409 3091 inter
1429 3056 1461 3099 se
1486 3059 1661 3090 colliduntur
1684 3084 1694 3100 ‚
1721 3066 1754 3092 in
1774 3072 1828 3103 quo
1844 3061 2005 3104 plusquam

1135 3114 1261 3152 triginta
1299 3109 1394 3140 millia
1416 3106 1491 3148 caesa
1511 3107 1700 3148 referuntur.
1746 3111 1935 3145 Tbeodoricus
1960 3122 2005 3146 ta-

1114 3168 1118 3201 ῐ
1136 3159 1202 3192 meir
1223 3159 1346 3191 vlc‘lorla
1363 3163 1492 3199 potitur.
1525 3162 1583 3190 Hoc
1605 3165 1638 3191 tn
1664 3162 1770 3200 praello
1795 3163 1916 3206 Angelus
1939 3166 2003 3195 Do-

209 3197 374 3230 bellatoris.
402 3201 443 3234 Et
456 3201 495 3235 de
507 3202 631 3236 Gallis:
660 3205 740 3236 Galli
747 3203 818 3246 fiant
834 3216 927 3238 omnes
938 3209 1017 3247 pene*
1028 3220 1072 3240 ru-
1113 3204 1118 3243 1
1137 3214 1229 3247 mint,

1254 3216 1444 3251 evaginatum
1464 3208 1598 3249 gladium
1605 3207 1693 3250 super
1711 3213 1848 3252 populum
1874 3222 2001 3250 tenens,

317 3248 514 3292 luminumque
535 3259 680 3286 torvitate
703 3254 850 3287 terribiles
866 3279 876 3295 ,
903 3258 990 3290 avidi
1007 3260 1070 3299 jur⁴
1113 3254 1221 3304 {visus
1241 3258 1296 3298 est.
1329 3259 1372 3291 lta
1397 3257 1578 3299 praedicavit
1604 3258 1685 3292 istud
1711 3261 1829 3295 bellum
1855 3262 1945 3295 fuisse
1955 3261 2004 3294 di-

1140 3309 1246 3342 vinam
1270 3309 1461 3341 vindictam.
1490 3306 1597 3345 Etiam
1622 3309 1759 3343 Ottonis
1779 3310 1837 3343 IV.
1866 3311 2004 3351 Impera-

1140 3358 1218 3392 toris
1238 3360 1270 3392 ὃ(
1285 3356 1431 3391 Lotharii
1446 3357 1642 3392 Francorum
1655 3359 1756 3404 Regis
1772 3360 1851 3392 bella
1865 3361 2004 3400 exponit

1142 3407 1227 3444 idem
1254 3408 1416 3451 Scriptor,
1442 3415 1538 3451 atque
1560 3409 1727 3491 adjunlgit:
1753 3412 1799 3444 De
1818 3408 2007 3492 hisRZulZlam
2030 3412 2181 3462 An,973‚

1904 3470 1918 3491 s
1950 3478 1961 3485 .
