2366 3736
383 168 473 213 168

340 364 483 388 fluerunt
495 375 502 383 .

438 448 691 486 ACTIO
736 451 1118 488 SEPTIMA.

384 549 559 593 Objestum
589 549 634 584 est
660 527 797 596 Pelagio
820 577 832 592 ,
859 552 951 596 quod
969 552 1090 588 diceret
1111 554 1222 589 Eccle-

334 601 412 634 fiam
435 600 491 635 hic
512 603 574 635 esse
586 601 651 634 fine
667 602 793 635 macula
816 603 850 636 dc
871 614 950 647 ruga
975 628 982 634 .
1011 604 1071 638 Sed
1094 604 1134 638 ad
1158 603 1222 640 hoc

335 651 498 694 objestum
532 651 683 696 vigilanti
716 652 1003 695 circumspectione
1027 653 1220 697 respondit:

333 699 470 734 Dictum
492 701 536 735 est
555 700 888 742 anobisscilicetita‚
915 704 1216 746 quoniamlavacro

331 751 375 785 ab
391 751 484 784 omni
498 752 625 786 macula
638 751 672 785 ἀ
683 762 761 795 ruga
773 761 926 794 purgatur
938 751 1095 792 Ecclesia,
1120 765 1219 795 quam

331 801 409 835 velit
435 801 603 836 Dominus
625 803 668 834 ita
691 812 893 843 permanere.
923 801 978 837 Ad
1001 803 1091 851 quod
1115 805 1219 851 Syno-

330 852 392 886 dus
411 851 515 886 dixit:
543 851 664 886 Hoc&
678 850 774 884 nobis
794 851 899 894 placet
912 875 920 885 .

439 950 696 987 ACTIO
748 950 1106 988 OCTAVA.

377 1052 509 1088 Deinde
530 1050 656 1094 objeaa
680 1051 754 1086 sunt
773 1050 813 1085 de
826 1050 930 1087 Libro
954 1052 1107 1094 Celestii,
1135 1052 1214 1098 quid

327 1102 362 1136 in
385 1113 588 1146 unoquoque
617 1100 762 1143 capitulo
774 1102 964 1143 contineat,
990 1105 1094 1148 magis
1107 1104 1214 1139 secun-

326 1151 408 1185 dum
432 1153 579 1190 sensum,
607 1152 705 1194 quam
729 1151 907 1186 secundum
921 1151 1036 1193 verba,
1063 1164 1135 1197 quae
1145 1154 1214 1198 qui·

324 1202 400 1235 dem
435 1202 491 1236 ille
527 1200 624 1234 latius
645 1203 817 1243 exequitur
834 1223 845 1240 ,
881 1202 934 1236 sed
959 1212 1040 1237 tunc
1060 1202 1215 1246 subjicere

323 1252 437 1286 omnia
458 1251 506 1284 illi
525 1274 536 1291 ,
558 1251 615 1294 qui
628 1250 794 1286 Libellum
814 1249 968 1286 adversus
977 1251 1150 1298 Pelagium
1162 1253 1214 1289 de-

322 1302 436 1336 derant
457 1325 468 1341 ,
493 1300 524 1334 se
547 1312 616 1335 non
637 1302 775 1344 potuisse
795 1301 971 1335 dixerunt.
1000 1302 1088 1346 Ergo
1106 1304 1140 1337 in
1154 1305 1214 1347 pri·

322 1362 381 1385 mo
398 1350 546 1392 capitulo
572 1349 663 1384 Libri
690 1350 823 1385 Celestii
848 1349 913 1384 hoc
922 1351 1073 1394 scriptum
1087 1354 1148 1387 effe
1161 1365 1211 1397 po·

322 1401 455 1435 suerunt
470 1425 477 1432 .
504 1399 675 1444 Qoniam
696 1401 769 1442 plus
782 1401 938 1441 facimus,
964 1402 1059 1444 quam
1077 1403 1108 1436 in
1122 1403 1213 1448 Lege

323 1452 358 1486 ἀ
392 1450 576 1494 Evangelio
609 1449 726 1492 jussum
760 1451 806 1483 est
833 1474 840 1481 .
872 1448 927 1484 Ad
947 1452 1036 1494 quod
1059 1452 1214 1497 Pelagius

322 1500 516 1544 respondit:
546 1499 629 1533 Hoc'
654 1499 740 1544 quafi
764 1499 913 1534 nostrum
934 1502 1109 1544 posuerunt
1131 1527 1143 1544 ,
1168 1503 1213 1537 di·

324 1553 412 1586 stum
438 1550 482 1584 est
509 1550 583 1584 vero
599 1548 618 1583 a
641 1550 738 1584 nobis
762 1549 939 1584 secundum
961 1550 1158 1594 Apostolum
1172 1552 1213 1587 de

323 1600 528 1645 virginitate
548 1624 559 1640 ‚
586 1598 626 1633 de
646 1611 708 1644 qua
735 1598 859 1634 Paulus
881 1600 963 1635 dicit
985 1625 995 1641 ‚
1025 1604 1213 1644 Praeceptum

322 1654 444 1686 Domini
469 1660 526 1683 non
552 1647 664 1684 babeo.
690 1650 846 1694 Synodus
871 1649 975 1687 dixit:
1003 1650 1211 1690 Hoc-&Ee-

321 1702 415 1737 elefia
432 1699 549 1745 recipit
570 1723 578 1734 .

501 1798 757 1836 ACTIO
807 1801 1044 1838 NONA.

376 1902 471 1936 Hinc
491 1901 557 1945 jam
573 1899 780 1943 objiciuntur
793 1900 931 1947 Pelagio
943 1901 1005 1937 alia
1019 1901 1150 1937 celestii
1164 1912 1212 1937 ca-

323 1952 428 1998 pitula
448 1951 601 1995 capitalia
617 1973 628 1989 ‚
650 1951 685 1984 δε
705 1952 772 1986 fine
782 1952 992 1987 dubitatione
1003 1953 1191 1987 damnanda
1205 1977 1215 1992 ,

284 2035 286 2037 .
322 2014 396 2045 quae
418 2002 475 2036 nisi
496 1999 791 2036 anathematizasset
815 2026 826 2042 ‚
854 2013 929 2035 cum
951 2002 1002 2037 his
1027 2004 1092 2036 fine
1112 2003 1215 2036 dubio

324 2053 533 2087 damnaretur
553 2076 561 2085 .
598 2051 636 2084 In
662 2051 759 2085 tertio
780 2051 926 2095 capitulo
951 2052 1101 2095 scripsisse
1123 2053 1216 2086 Cele-

323 2102 446 2142 stium,
472 2102 609 2146 gratiam
635 2100 743 2134 Dei&
756 2100 955 2144 adjutorium
971 2114 1040 2136 non
1059 2103 1098 2137 ad
1113 2104 1219 2147 lingu-

325 2153 376 2185 los
388 2154 474 2187 adius
484 2151 551 2185 dari
569 2174 579 2190 ,
607 2150 658 2183 sed
673 2153 705 2183 in
720 2151 820 2184 libero
836 2152 972 2186 arbitrio
994 2153 1078 2192 esse,
1107 2153 1158 2184 vel
1183 2153 1215 2184 in

325 2202 400 2247 lege
415 2213 451 2234 ac
463 2201 610 2235 dostrina
621 2221 630 2230 .
650 2200 697 2233 Et
712 2200 827 2233 iterum
842 2224 853 2239 ‚
882 2200 946 2234 Dei
956 2202 1094 2244 gratiam
1110 2201 1218 2234 secun·

327 2252 406 2286 dum
431 2251 543 2283 merita
566 2249 672 2282 nostra
693 2249 784 2288 dari,
813 2250 1156 2293 quiasipeccatoribus
1180 2250 1217 2283 il-

327 2302 395 2335 lam
415 2301 470 2334 det
489 2325 500 2340 ,
520 2300 648 2332 videtur
670 2299 732 2332 effe
747 2299 896 2342 iniquus.
929 2299 970 2333 Et
984 2299 1035 2333 his
1049 2299 1216 2334 verbisin-

327 2352 456 2389 tulisse,
482 2358 646 2393 propterea
669 2349 702 2382 &
724 2349 789 2391 ipsa
802 2349 904 2393 gratia
918 2350 950 2382 in
966 2360 1034 2383 mea
1049 2351 1216 2383 voluntate

327 2401 375 2435 est
401 2400 519 2444 posita,
550 2398 614 2432 five
626 2398 938 2442 utdignusfierem‚
965 2400 1028 2434 five
1041 2399 1212 2444 indignus.

325 2451 363 2486 *si
391 2449 481 2484 enim
504 2459 557 2491 per
584 2449 721 2492 gratiam
742 2450 856 2482 omnia
889 2450 1025 2483 facimus
1047 2474 1057 2490 ,
1084 2450 1217 2493 quando

330 2500 491 2535 vincimur
514 2498 531 2531 a
553 2498 760 2537 tentatione,
792 2510 859 2532 non
875 2510 934 2532 nos
946 2500 1109 2533 vincimur
1124 2524 1135 2540 ,
1157 2499 1211 2533 sed

329 2551 396 2586 Dei
410 2549 530 2595 gratia,
556 2559 626 2591 quae
637 2547 741 2580 voluit
755 2558 813 2580 nos
825 2548 975 2591 adjuvare
996 2548 1194 2583 omnimode>
1208 2573 1218 2589 ,

331 2603 365 2636 δε
389 2613 455 2635 non
481 2599 590 2642 potuit
613 2622 621 2630 .
650 2596 692 2631 Et
716 2596 831 2631 iterum
859 2599 903 2632 ait
924 2611 936 2631 .·
962 2598 994 2632 si
1020 2601 1123 2644 gratia
1152 2600 1215 2633 Dei

330 2652 375 2686 est
392 2676 402 2691 ,
428 2648 560 2692 quando
586 2648 747 2681 vincimus
771 2658 923 2689 peccata,
950 2650 1109 2693 ergoipse
1121 2649 1166 2683 est
1183 2650 1215 2682 in

331 2702 446 2744 culpa,
473 2697 606 2743 quando
627 2697 646 2730 ὲ
666 2707 799 2740 peccato
820 2697 980 2732 vincimur
1002 2723 1013 2739 ,
1039 2701 1115 2740 quia
1140 2711 1216 2733 om-

330 2752 414 2786 nino
436 2761 495 2784 nos
517 2746 681 2781 custodire
704 2758 760 2780 aut
778 2757 844 2779 non
861 2749 968 2790 potuit
981 2774 991 2789 ,
1018 2759 1074 2781 aut
1089 2750 1196 2783 noluit
1209 2773 1216 2781 .

331 2802 388 2836 Ad
413 2801 470 2834 ista
493 2798 644 2842 Pelagius
665 2797 829 2839 respondit
852 2808 859 2827 :
887 2798 968 2832 Haec
993 2800 1100 2832 utrum
1127 2799 1216 2833 Cele-

332 2853 384 2885 flii
404 2853 463 2884 sint
477 2874 488 2890 ,
515 2848 574 2892 ipfi‘
595 2848 734 2880 viderint
756 2846 812 2890 qui
834 2846 948 2881 dicunt
968 2859 1004 2882 ea
1028 2849 1159 2883 Celestii
1174 2851 1215 2882 es-

333 2902 385 2943 se3
413 2912 475 2944 ego
497 2897 571 2933 vero
595 2905 771 2940 numquam
793 2896 832 2929 fic
856 2899 947 2930 tenui
977 2922 987 2937 ,
1015 2898 1067 2931 sed
1081 2898 1217 2933 anathe-

337 2951 460 2984 matizo
478 2949 533 2993 qui
557 2949 596 2981 fic
619 2957 754 2981 tenent.
781 2946 934 2989 synodus
956 2947 1058 2981 dixit:
1087 2948 1219 2992 Recipit

335 3009 368 3034 te
391 3001 492 3033 sancta
513 2998 665 3041 Synodus
688 3022 697 3038 ‚
725 2998 768 3031 ita
793 2996 886 3031 verba
910 2998 1042 3040 reproba
1065 2999 1217 3034 condem-

334 3060 487 3083 nantem.

388 3100 441 3131 De
462 3097 580 3140 quinto
600 3097 756 3140 Capitulo
779 3096 864 3131 libro
888 3096 1025 3131 Celestii
1044 3097 1106 3131 fuit
1134 3097 1218 3142 obje-

335 3146 447 3187 stum,
473 3147 576 3192 Qod
600 3147 735 3180 affirmet
759 3158 1027 3191 unumquemque
1051 3146 1219 3183 hominem

334 3209 450 3233 omnes
473 3198 608 3229 virtutes
631 3200 716 3238 polse
738 3197 855 3231 habere
875 3197 909 3231 ὅτ.
932 3198 1050 3242 gratias
1074 3222 1084 3238 ,
1114 3198 1147 3231 &
1170 3211 1221 3233 au·

336 3250 419 3283 ferat
445 3246 660 3281 diversitatem
688 3248 891 3291 gratiarum,
915 3259 1014 3291 quam
1042 3248 1222 3291 Apostolus

334 3298 450 3333 docet.

383 3347 540 3391 Pelagius
555 3345 719 3388 respondit
735 3360 745 3379 .·
772 3348 905 3380 Distum
929 3348 973 3381 est
994 3347 1013 3381 a
1028 3346 1141 3386 nobis,
1169 3347 1221 3382 sed

335 3396 479 3442 maligne
499 3395 695 3437 &imperite
707 3396 998 3437 reprehenderunt.
1027 3398 1107 3431 Non
1132 3399 1220 3432 enim

335 3449 509 3481 auferimus
533 3445 705 3490 gratiarum
730 3444 943 3480 diversitatem
969 3473 979 3488 ‚
1006 3447 1058 3481 sed
1081 3447 1221 3483 dicimus

335 3496 458 3533 donare
490 3498 601 3532 Deum
632 3496 664 3531 ei
695 3520 707 3538 ,
733 3495 790 3539 qui
813 3496 911 3531 fuerit
932 3498 1056 3542 diguus
1077 3498 1221 3542 accipere

794 170 1083 230 AuriQm
1117 171 1422 217 EcctesrAE
1457 171 1747 220 Decium

342 264 452 287 tamen
474 250 513 286 ad
534 248 782 286 satisfactionem
807 251 920 285 sandix
941 252 1067 295 Synodi
1089 252 1226 288 anathe-

341 302 465 337 matizo
487 314 562 341 eos,
589 300 644 341 qui
665 300 704 335 fic
726 309 838 334 tenent
862 325 874 343 ‚
899 312 954 336 aut
976 302 1153 348 aliquando
1178 313 1228 340 te·-

1288 261 1403 288 omnes
1424 253 1562 299 gratias,
1587 253 1668 288 ficut
1691 249 1855 297 Apostolo
1879 253 1987 293 Paulo
2008 256 2171 295 donaviti

1291 301 1343 337 Ad
1355 302 1417 337 hoc
1429 305 1584 347 Synodus
1595 303 1680 338 dixit
1695 318 1705 337 .·
1729 304 1961 346 consequenter
1972 320 1989 351 ς·
2008 310 2044 345 δε
2057 310 2168 347 Eccle-

1268 353 1269 358 ’
1289 352 1414 390 fiastico
1434 355 1526 387 sensu
1548 355 1581 387 δε
1604 355 1668 397 ipse
1680 354 1797 387 sensisti
1808 354 1849 387 de
1860 354 1952 392 dono
1961 360 2140 405 gratiarum
2157 385 2170 402 ,

1258 3265 1271 3535 l

1289 413 1358 446 quae
1378 405 1412 437 in
1432 404 1540 437 sancto
1551 402 1714 448 Apostolo
1725 402 1952 440 continentur.
1995 423 2007 428 v

1337 452 1540 501 Quibusdam
1561 463 1671 487 autem
1696 454 1865 497 Episcopis
1885 465 1954 489 non
1968 456 2168 503 suscipienti-

1285 501 1371 543 bus,
1391 504 1426 538 δι
1445 503 1679 538 susurrantibus
1701 505 1790 546 quod
1813 504 1877 540 fine
1889 506 2169 551 gratia'Deidice-

1288 563 1336 587 ret
1355 551 1420 587 hoe
1439 554 1526 597 posse
1547 553 1614 587 fieri
1627 577 1638 594 ‚
1656 553 1699 587 vid
1709 554 1786 594 est‚=
1802 555 1892 600 quod
1915 557 2058 601 superius
2075 557 2166 594 dixe·

1288 611 1355 643 rat,
1381 603 1443 638 esse
1467 604 1554 648 posse
1573 601 1742 637 hominem
1755 604 1819 638 fine
1829 616 1983 649 peccato,
2009 606 2164 642 dixitPe-

1287 652 1415 697 lugius:
1444 653 1485 687 Et
1506 665 1570 698 ego
1590 654 1632 686 fic
1649 653 1746 687 credo
1770 677 1777 684 .
1809 653 1994 691 Anathema
2018 657 2055 692 sit
2070 683 2080 698 ‚
2107 657 2165 702 qui

1285 701 1369 736 dicit
1398 701 1517 746 absque
1543 703 1710 746 adjutorio
1731 703 1799 738 ¹Dei
1819 707 1906 748 posse
1930 705 2101 744 hominem
2123 706 2167 743 ad

1285 752 1462 797 profestum
1482 755 1634 789 omnium
1657 753 1766 790 venire
1788 753 1966 791 virtutum.

1387 851 1667 892 ‘ACTIO
1702 853 2013 890 DECIMA.

1329 949 1368 986 In
1398 954 1490 988 sexto
1511 953 1658 998 capitulo
1681 953 1815 988 Celeslii
1838 953 1911 988 libri
1927 955 2066 999 po'fitum
2075 956 2167 1002 obje-

1280 1001 1367 1036 &um
1393 1004 1461 1045 est,
1489 1004 1574 1037 filios
1597 1004 1662 1038 Dei
1685 1015 1753 1038 non
1767 1006 1854 1047 posse
1867 1007 1995 1047 vocari,
2026 1008 2167 1043 nifiom-

1281 1051 1416 1086 nimodo
1439 1052 1558 1097 absque
1579 1063 1714 1097 peccato
1743 1055 1864 1090 fuerint
1892 1056 1996 1090 effesti
2021 1082 2028 1090 .
2059 1057 2166 1092 Unde

1279 1101 1456 1136 secundum
1490 1103 1594 1145 ipsum
1616 1101 1738 1138 diuum
1761 1103 1807 1138 est
1834 1115 1941 1149 neque
1965 1107 2165 1149 Apostolum

1278 1150 1417 1186 Paulum
1436 1154 1498 1186 esse
1521 1153 1625 1187 filium
1650 1153 1714 1187 Dei
1739 1177 1750 1194 ,
1776 1154 1833 1198 qui
1853 1154 1958 1189 dixit:
1986 1161 2058 1191 Non
2083 1158 2168 1202 quod

1273 1203 1346 1241 jam
1367 1208 1549 1244 acceperim,
1575 1211 1628 1236 aut
1634 1205 1706 1244 jam
1724 1204 1877 1246 perseam
1893 1204 1949 1246 sim
1963 1230 1971 1238 .

1326 1251 1365 1285 In
1387 1252 1526 1294 septimo
1538 1252 1778 1293 ,-0b1ivionem
1796 1254 2066 1298 &ignorantiam
2092 1267 2163 1292 non

1278 1300 1439 1343 subjacere
1463 1312 1619 1345 peccato,
1646 1303 1806 1344 quoniam
1831 1315 1897 1336 non
1913 1304 2091 1339 secundum
2103 1317 2161 1341 vo-

1278 1353 1436 1387 luntatem
1457 1352 1613 1386 eveniunt
1624 1374 1635 1392 ,
1659 1351 1713 1385 sed
1727 1351 1904 1386 secundum
1918 1354 2136 1391 neeeffitatem
2150 1376 2161 1389 .

1276 1401 1362 1436 Cum
1395 1401 1508 1435 David
1542 1400 1631 1435 dicat
1646 1413 1658 1433 v:
1699 1400 1816 1434 Delma
1827 1403 2004 1443 ‚iuventam
2026 1416 2100 1440 mee
2127 1417 2165 1441 ne

1276 1456 1464 1489 memineris,
1490 1452 1525 1484 ό·
1550 1455 1751 1493 ignorantias.
1785 1450 1828 1484 Et
1851 1452 1926 1486 cum
1949 1452 1984 1487 in
1998 1454 2089 1500 Lege
2109 1457 2164 1490 s,-

1276 1502 1397 1536 crificia
1415 1510 1474 1544 pro
1497 1500 1706 1548 ignorantia,
1733 1500 1812 1534 ficut
1834 1513 1892 1546 pro
1914 1505 2162 1546 μερισθῇ..

1277 1561 1401 1586 rantur.
1530 1561 1539 1566 ’-

1329 1603 1371 1635 Et
1400 1601 1433 1634 in
1467 1600 1599 1636 decimo
1621 1600 1779 1645 Capitulo
1802 1625 1813 1642 ,
1840 1613 1909 1636 non
1932 1604 1994 1638 effe
2017 1603 2160 1641 liberum

1276 1651 1445 1687 arbitrium
1465 1675 1476 1691 ‚
1502 1651 1524 1684 fi
1554 1651 1617 1684 Dei
1640 1651 1787 1695 indigeat
1807 1652 1935 1686 auxilio
1956 1676 1967 1692 ‚
1997 1655 2159 1695 quoniam

1278 1704 1310 1737 in
1326 1703 1450 1747 propria
1462 1701 1634 1735 voluntate
1644 1698 1743 1735 habet
1754 1702 1972 1746 unusquisque
1982 1712 2038 1737 aut
2048 1704 2156 1740 faeere

1277 1752 1400 1796 aliquid
1413 1775 1424 1792 ,
1450 1760 1505 1785 aut
1520 1762 1587 1784 non
1600 1751 1704 1784 facere
1715 1775 1722 1782 .
2046 1777 2048 1780 ,
2066 1773 2067 1777 ,

1325 1802 1364 1835 In
1386 1801 1584 1836 duodecimo
1607 1800 1761 1843 Capitulo
1779 1826 1786 1833 .
1811 1799 1992 1836 Victoriam
2018 1803 2164 1840 nostram

1278 1863 1345 1886 non
1367 1862 1408 1884 ex
1424 1852 1488 1885 Dei
1518 1851 1580 1884 effe
1599 1849 1785 1893 adjutorio,
1813 1850 1867 1884 sed
1885 1862 1927 1884 ex
1951 1851 2056 1887 libero
2080 1853 2164 1888 arbi·

1277 1903 1361 1943 trio,
1390 1901 1478 1944 quod
1502 1900 1620 1934 inferre
1639 1900 1740 1934 dictus
1763 1900 1808 1934 est
1823 1900 1872 1934 his
1886 1901 2016 1935 verbis.-
2042 1903 2164 1937 Nostra

1275 1951 1320 1984 est
1354 1951 1485 1984 viCtoria
1508 1974 1520 1990 ,
1546 1949 1704 1993 quoniam
1730 1952 1858 1994 propria
1883 1951 2051 1985 voluntate
2075 1963 2164 1988 arma

1277 2001 1500 2043 suscepimus;
1527 1999 1609 2032 ficut
1626 1999 1644 2031 ὲ
1666 2001 1833 2034 contrario
1847 2001 1991 2033 nostrum
2002 2001 2046 2033 est
2062 2013 2164 2045 quan-

1276 2051 1320 2085 do
1334 2050 1516 2089 vincimur,
1545 2048 1703 2093 quoniam
1722 2049 1837 2084 armati
1862 2050 1990 2094 propria
2014 2052 2165 2088 volunta-

1276 2112 1309 2136 te
1334 2099 1605 2142 contempsimus.

1329 2150 1370 2182 Et
1390 2150 1429 2183 de
1455 2148 1617 2192 Apostolo
1640 2147 1738 2182 Petro
1763 2148 1870 2192 posuit
1897 2149 2123 2185 testimonium
2150 2173 2163 2190 ,

1280 2199 1406 2239 Divinae
1432 2209 1490 2231 nos
1515 2199 1576 2230 esse
1588 2200 1754 2230 consortes
1777 2210 1912 2233 naturae.
1942 2200 1984 2234 Et
2008 2200 2164 2246 syllogisae

1279 2260 1368 2281 mum
1391 2249 1493 2280 facere
1511 2247 1631 2279 dicitur
1645 2259 1656 2278 .·
1685 2247 1853 2292 Qoniam
1869 2250 1888 2280 fi
1903 2250 2011 2282 anima
2026 2261 2091 2283 non
2107 2261 2161 2293 po·

1277 2298 1336 2333 test
1358 2297 1420 2331 else
1431 2298 1495 2330 fine
1510 2307 1641 2338 peccato
1658 2320 1668 2335 ‚
1694 2296 1818 2340 ergo&
1834 2297 1923 2330 Deus
1936 2298 2077 2341 subjacet
2092 2310 2164 2341 pee-

1275 2359 1352 2383 cato
1362 2372 1373 2388 ,
1398 2347 1489 2390 cujus
1502 2357 1572 2390 pars
1582 2370 1594 2386 ,
1621 2343 1684 2379 hoc
1697 2346 1742 2380 est
1755 2371 1766 2387 ‚
1788 2347 1896 2381 anima
1908 2358 2045 2390 peccato
2055 2347 2163 2382 obno-

1276 2400 1330 2432 xia
1354 2397 1398 2431 est
1413 2422 1420 2428 .

1326 2448 1362 2480 ln
1392 2444 1629 2480 tertio-decimo
1656 2443 1814 2489 Capitulo
1842 2446 1924 2480 dicit
1949 2470 1960 2487 ,
1987 2446 2161 2493 Qoniam

1278 2496 1509 2541 poenitentibus
1530 2497 1625 2531 venia
1652 2507 1717 2529 non
1733 2496 1827 2530 datur
1837 2496 2163 2542 secundumgratiam

1276 2549 1308 2582 &
1329 2546 1580 2580 misericordiam
1602 2545 1692 2585 Dei,
1718 2544 1770 2578 sed
1795 2546 1972 2580 secundum
1997 2546 2109 2580 merita
2125 2546 2162 2581 δε

1279 2598 1421 2632 laborem
1443 2607 1557 2630 eorum
1571 2621 1581 2636 ,
1608 2595 1664 2638 qui
1679 2606 1734 2638 per
1746 2595 1976 2638 poenitentiam
1987 2596 2083 2642 digni
2093 2596 2165 2631 sue·

1278 2650 1343 2681 rint
1366 2645 1604 2680 misericordia.

1326 2697 1389 2729 His
1402 2697 1567 2735 recitatis,
1592 2694 1745 2739 Synodus
1756 2694 1844 2728 dixit
1857 2707 1869 2727 .·
1895 2694 1988 2742 Quid
2009 2696 2052 2730 ad
2071 2694 2164 2737 ἦα,

1278 2759 1345 2790 quae
1366 2748 1442 2789 ledia
1467 2748 1562 2786 suut,
1588 2746 1731 2790 capitula
1750 2745 1830 2778 dicit
1853 2747 1986 2788 praesens
2011 2745 2162 2789 Pelagius

1279 2796 1489 2831 Monachus?
1515 2795 1594 2830 Hoc
1604 2797 1694 2830 enim
1706 2794 1855 2839 reprobat
1866 2795 1971 2830 sancta
1985 2796 2139 2838 Synodus
2150 2819 2163 2836 ‚

1280 2850 1383 2881 sancta
1400 2847 1463 2881 Dei
1488 2846 1630 2880 Ecclesia
1643 2871 1652 2880 .

1329 2896 1480 2940 Pelagius
1500 2895 1664 2939 respondit
1677 2909 1688 2929 .-
1715 2894 1837 2928 Iterum
1861 2891 1939 2930 dico
1957 2919 1968 2936 ,
1996 2895 2074 2938 quia
2095 2893 2163 2930 hoc

1277 2948 1321 2982 est
1351 2946 1529 2980 secundum
1553 2947 1694 2988 ipsorum
1719 2944 1942 2979 testimonium
1957 2969 1964 2977 .
1991 2945 2072 2978 Non
2087 2946 2164 2979 sunt

1278 3008 1347 3031 mea
1363 3022 1373 3036 ,
1383 3008 1441 3040 pro
1453 2997 1569 3039 quibus
1581 2995 1829 3030 satisfaffionem
1843 3007 1909 3029 non
1922 2994 2026 3028 debeo
2039 3019 2046 3029 .
2076 2995 2164 3043 Qae

1279 3048 1356 3081 vero
1375 3058 1445 3080 mea
1469 3046 1531 3080 esse
1552 3046 1715 3080 confessus
1737 3046 1804 3078 sum
1816 3068 1827 3084 ,
1853 3043 1919 3078 haec
1938 3045 2019 3079 resta
2032 3045 2097 3078 esse
2116 3045 2163 3079 af-

1278 3098 1372 3131 firmo
1394 3108 1403 3137 ;
1431 3109 1501 3139 quae
1521 3107 1630 3130 autem
1662 3094 1733 3129 dixi
1755 3104 1821 3128 non
1845 3094 1911 3127 esse
1932 3105 2000 3128 mea
2015 3117 2026 3134 ,
2053 3094 2163 3128 secun-

1277 3147 1355 3181 dum
1378 3146 1537 3189 judicium
1553 3147 1662 3180 sandix
1675 3144 1819 3178 Ecclefiae
1829 3142 1985 3187 reprobo,
2015 3142 2161 3178 Anathe·

1278 3210 1329 3231 ma
1343 3196 1453 3230 dicens
1471 3198 1564 3230 omni
1578 3193 1864 3234 contravenienti,
1889 3194 1922 3228 ὃ(
1934 3194 2161 3228 contradicen-

1277 3248 1301 3280 ti
1333 3249 1445 3280 sanstae
1478 3245 1660 3280 Catholicae
1690 3243 1837 3277 Ecclefiae
1870 3244 2062 3279 doctrinis..
2086 3243 2160 3287 Ego

1277 3298 1367 3331 enim
1393 3299 1425 3330 in
1450 3298 1548 3330 unius
1569 3294 1750 3329 substantiae
1761 3292 1968 3329 Trinitatem
1981 3292 2095 3332 credo,
2125 3291 2159 3324 δε

1276 3348 1387 3380 omnia
1421 3346 1596 3379 secundum
1630 3345 1810 3378 dossrinam
1844 3344 1956 3379 sanaae
1979 3340 2161 3377 Carholicae

1278 3397 1443 3430 Ecclefiae.
1471 3396 1503 3429 Si
1519 3395 1592 3439 quis
1604 3395 1680 3428 vero
1693 3394 1800 3428 aliena
1811 3392 1853 3428 ab
1871 3392 1932 3429 hac
1943 3393 2046 3436 sapit,
2072 3390 2163 3424 Ana-

1278 3446 1390 3481 thema
1413 3447 1467 3479 fit.

1327 3495 1482 3541 Synodus
1501 3493 1605 3531 dixit:
1626 3493 1729 3531 Nunc
1739 3493 1899 3539 quoniam
1913 3490 2106 3576 satisfaciu?
2117 3489 2178 3529 est*

2021 3551 2066 3577 no
2090 3551 2118 3577 is
