2366 3736
161 3258 241 3301 Cap.
267 3254 296 3295 8.

376 170 470 203 102

923 144 1563 199 Dtssanr‘arto

337 234 635 282 tubamqutetabttur
650 234 874 270 Eneatatorrs,
903 232 1128 274 qutexcttaria
1147 231 1219 266 tuba
1282 235 1485 270 eoenaverint
1503 243 1561 271 aut
1581 231 1616 266 in
1653 231 1755 272 fano,
1781 241 1838 267 aut
1858 233 1926 278 ejus
1964 233 2126 273 vestibulo
2150 262 2159 272 .

334 287 437 331 Angelt'
474 283 630 327 expediat?
657 285 702 313 Et
728 281 903 320 cremabitur
924 293 960 315 ex
984 280 1141 324 disciplina
1161 287 1217 318 Ca-

327 336 430 379 strenfi
443 336 626 374 Christianus
637 355 649 378 ,
677 336 722 363 cut
735 341 864 366 cremare
877 342 933 367 non
942 333 1044 371 ltcutt,
1073 332 1218 371 cuichet·

326 387 392 428 stus
404 380 511 419 ‘merita
539 387 615 426 ignis
642 379 757 422 indulfit
771 381 789 410 ἰ
815 384 942 427 ,Quanta
964 383 1025 419 alta
1049 387 1081 414 in
1102 383 1217 420 deltffls

332 433 519 476 circumsplci
527 433 644 475 poffunt
655 429 848 472 Castrensium
858 439 990 470 munium
1005 456 1016 471 ,
1040 434 1217 476 trangreffio·

334 491 367 518 nt
379 483 629 524 interpretanda?
655 481 758 524 Ipsum
780 485 816 520 de
839 481 951 521 Castris
976 484 1047 517 lucas
1070 488 1102 519 in
1127 484 1220 523 castra

332 533 518 568 tenebrarum
529 544 633 566 nomen
653 531 770 573 deferre
784 556 795 573 ,
819 532 999 576 transgreffio
1011 533 1048 573 est
1060 557 1067 564 .

381 584 524 628 singula:
536 584 679 621 rationes
693 584 765 617 sunt
778 584 980 626 compendio
997 582 1194 622 illustranda
1205 607 1212 615 .

332 633 450 667 Prima
461 633 529 673 est,
557 632 645 674 quod
671 633 852 667 humanum
876 634 1121 671 Sacramentum
1147 645 1215 666 non

331 683 426 718 liceat
441 683 609 727 superduci
625 683 756 720 Divino
770 707 780 724 ‚
808 694 868 717 nec
882 683 951 726 post
967 683 1134 723 Christum
1150 683 1215 726 pos

328 733 367 767 fit
381 734 569 777 responderi
587 734 620 770 in
633 734 734 770 alium
747 734 954 770 Dominum.
983 733 1111 767 Laudat
1135 733 1214 776 Bap-

328 783 457 820 tismale
470 785 739 824 Sacramentum,
767 794 833 826 quo
857 794 915 816 nos
940 781 1073 817 Christo
1098 783 1214 819 Domi-

325 844 372 869 no
385 833 623 872 obstrinximus
635 858 645 874 ,
673 844 740 876 quo
754 832 878 876 profeffi
895 834 1002 871 sumus
1027 844 1087 867 nos
1108 835 1211 869 crede·

323 894 359 917 re
375 885 409 917 in
431 884 669 918 Sacrosanctam
688 885 820 923 Divinae
847 882 1028 925 Maiestatis
1053 885 1213 921 unitatem

323 945 370 973 ac„
383 933 586 969 Trinitatem
601 958 611 974 ‚
637 944 704 979 quo
733 934 969 976 spopondimus
993 933 1100 969 sobrie
1120 958 1130 974 ‚
1168 934 1211 976 ju-

323 984 394 1024 Πὸ,
422 995 458 1017 ac
474 985 523 1026 pie
547 985 654 1019 vivere
679 986 714 1020 in
742 983 806 1023 hoc
829 984 963 1019 saeculo.
991 984 1083 1020 Huic
1107 985 1210 1020 Sacra·

319 1044 436 1068 mento
460 1035 691 1073 Tertullianus
712 1035 818 1071 censet
842 1045 910 1066 non
935 1035 1020 1076 posse
1046 1034 1211 1076 superduci

319 1084 408 1118 aliud
425 1084 656 1119 humanum.ln
672 1083 755 1123 libro
769 1084 810 1118 de
822 1083 1013 1122 Idololatria
1030 1083 1117 1118 dixit
1131 1083 1212 1119 divi·

319 1146 412 1168 noae
438 1134 587 1168 humano
610 1137 821 1169 sacramento
837 1145 904 1167 non
928 1135 1128 1173 convenire,
1154 1130 1209 1166 hic

319 1183 518 1218 contractius
530 1185 610 1218 dicit
636 1183 701 1222 hoc
727 1184 776 1216 isti
803 1194 870 1216 non
896 1185 984 1225 posse
1008 1182 1176 1224 superduci
1204 1205 1211 1213 .

319 1233 453 1276 Nempe
468 1233 521 1267 hic
534 1233 745 1271 solummodo
758 1234 855 1266 docet
870 1231 1025 1270 militiam
1043 1231 1211 1281 Baptismo

320 1283 489 1327 superduci
517 1294 585 1319 non
601 1283 708 1326 porse,
738 1282 809 1316 istic
822 1280 899 1316 veto
911 1281 1036 1317 videtur
1050 1283 1170 1316 docete
1195 1306 1206 1322 ‚

319 1332 409 1377 quod
437 1333 556 1366 militia
584 1331 779 1367 Christiana:
806 1331 994 1375 professioni
1017 1343 1071 1377 per
1095 1332 1210 1369 omnia

319 1394 500 1428 repugnet‚
531 1382 680 1422 Secunda
705 1383 787 1420 ratio
807 1381 944 1415 affirmat
970 1392 1117 1426 patrem,
1144 1393 1209 1416 ma·

320 1444 401 1467 trem
415 1458 424 1474 ,
450 1433 597 1477 aliosque
618 1432 884 1476 consanguineos
895 1431 1002 1474 ejerari
1015 1430 1086 1478 non
1102 1433 1210 1474 poffe,

322 1484 383 1521 nisi
401 1494 530 1528 propter
546 1483 731 1517 Dominum
745 1482 873 1517 Deum.
906 1482 947 1521 Et
975 1480 1018 1517 ita'
1042 1480 1107 1516 est.
1138 1481 1212 1519 Ete—

320 1535 391 1570 nim
407 1533 575 1571 Dominus
603 1532 707 1567 dixit:
735 1534 802 1576 ,Qut
826 1541 910 1564 amat
928 1539 1051 1578 patrem
1073 1539 1123 1564 aut
1147 1543 1210 1570 ma-

321 1594 398 1618 trem
406 1582 563 1627 plusquam
590 1594 660 1623 me,
687 1593 744 1616 non
779 1581 816 1626 est
842 1592 886 1621 me
907 1583 1035 1625 dignus.
1067 1581 1208 1620 Praestrti

321 1634 521 1679 juffitsolum
536 1633 769 1676 semet-ipsum.
802 1631 851 1669 Ita
883 1631 1101 1675 Evangelium
1124 1633 1210 1675 ipsos

320 1684 562 1728 jubermirifice
586 1683 762 1717 honorari·
791 1681 884 1715 Hinc
910 1681 1139 1721 Tertullianus
1161 1682 1206 1719 iu·

319 1783 423 1830 Qod
437 1782 703 1827 nempemilitare
714 1782 798 1825 apud
829 1781 1001 1821 Romanos
1021 1781 1213 1827 §aeramen-

319 1843 391 1867 tum
403 1833 528 1876 juberet
542 1843 608 1867 non
620 1831 792 1870 dumtaxat
808 1831 1061 1875 Rempublicam
1073 1855 1085 1872 ,
1114 1832 1165 1865 sed
1175 1830 1209 1864 ἀ

320 1884 551 1927 Imperatorem
573 1883 669 1927 diligi
693 1883 784 1925 supra
807 1892 931 1924 patrem
975 1881 1008 1914 δε
1036 1890 1173 1916 matrem
1196 1892 1210 1912 ¹:
1230 1898 1232 1901 >

322 1934 420 1967 etiarn
435 1933 495 1967 hos
509 1957 520 1973 ,
546 1934 624 1967 dum
649 1931 851 1975 Reipublicae
870 1942 926 1966 aut
953 1930 1098 1976 Principi
1119 1941 1205 1974 expe

320 1984 403 2018 diret
419 2009 430 2024 ‚
457 1983 597 2026 relinqui
612 1981 854 2024 atqueinvadi.
883 1981 1000 2015 Tertia
1021 1983 1106 2015 ratio
1126 1980 1172 2015 est
1200 2005 1212 2025 ,

321 2033 629 2078 quodChristianus
642 2042 780 2074 nequeat
798 2032 912 2069 versari
928 2032 961 2067 in
975 2030 1104 2074 gladio*
1134 2030 1212 2067 Uti·

322 2095 386 2124 que
412 2083 456 2115 ob
470 2083 531 2126 jam
544 2083 680 2116 adducta
694 2081 834 2116 Domini
849 2080 942 2118 verba
959 2081 999 2113 ad
1022 2080 1207 2125 gladiatum

323 2133 478 2166 Petrum.
506 2133 634 2179 Qarta
657 2134 740 2167 ratio
752 2131 820 2170 est,
851 2132 938 2173 quod
955 2134 1041 2173 pacis
1066 2130 1172 2166 filium
1202 2152 1212 2168 ‚

326 2194 386 2215 nec
411 2183 538 2226 litigare
561 2180 760 2219 conveniat,
787 2181 928 2222 ideoque
964 2189 1115 2220 oporteat
1144 2190 1210 2214 non

326 2233 462 2276 praeliari
479 2257 486 2265 .
514 2230 641 2279 Qinta
654 2231 740 2266 ratio
762 2229 805 2263 est
821 2253 832 2272 ,
855 2228 942 2275 quod
968 2227 1175 2263 Christianus
1202 2251 1212 2267 ‚

328 2283 381 2318 cui
404 2293 462 2315 nec
487 2282 631 2322 proprias
659 2279 734 2314 licet
750 2279 913 2315 vindicare
934 2277 1086 2320 injurias,
1115 2277 1211 2323 longe

329 2332 439 2368 minus
453 2331 543 2373 possit
558 2330 722 2366 vindicare
733 2330 854 2363 alienas
873 2352 883 2368 ,
910 2328 1050 2371 ideoque
1074 2339 1133 2365 nec
1156 2328 1211 2364 ad·

330 2381 510 2416 ministrare
524 2390 705 2420 carcerem,
733 2379 862 2412 vincula
886 2402 897 2418 ,
924 2389 1089 2415 tormenta
1106 2403 1116 2418 ,
1143 2378 1202 2423 sup

332 2432 453 2475 plicia,
482 2429 649 2472 praeseuim
686 2439 854 2465 extrema.
889 2428 985 2462 Sexta
1022 2428 1104 2462 ratio
1130 2426 1175 2461 est
1204 2451 1215 2467 ‚

332 2480 420 2524 quod
435 2479 639 2515 Christianus
652 2479 732 2512 nulli
759 2477 852 2521 poffit
876 2477 992 2512 debere
1019 2477 1175 2513 stationes
1203 2501 1214 2517 ,

334 2533 386 2564 l'eu
399 2531 476 2563 stata
489 2530 608 2571 jejunia
622 2553 633 2569 ,
662 2528 717 2562 nifi
736 2527 872 2563 Christo
885 2529 1037 2562 Domino
1050 2551 1057 2559 .
1087 2529 1135 2562 Ex
1148 2539 1214 2571 quo

333 2580 488 2614 discimus
500 2579 671 2615 Romanos
694 2578 836 2620 milites,
861 2578 940 2611 dum
965 2577 1118 2614 stationes
1141 2588 1208 2622 age

333 2641 422 2671 rent,
449 2628 595 2662 debuisse
617 2631 679 2662 effe
702 2629 825 2662 sobrios
845 2640 884 2663 ac
903 2628 1046 2670 jejunos.
1076 2627 1119 2663 Et
1140 2628 1214 2664 sane

332 2681 372 2715 lic
385 2679 530 2723 expedit.
557 2678 702 2721 Septima
717 2680 797 2711 ratio
811 2677 856 2711 est
871 2703 880 2718 ,
909 2677 998 2721 quod
1010 2677 1214 2714 Christianus

332 2731 373 2764 ad
387 2730 443 2764 ista
455 2729 573 2772 jejunia
586 2727 750 2771 obstringi
765 2738 831 2762 non
845 2727 937 2770 poffit
964 2727 1077 2764 diebus
1101 2727 1211 2761 Domi-

333 2781 431 2815 nicis:
465 2778 540 2823 quia
553 2778 765 2821 Apostolicus
790 2778 908 2810 Canon
934 2788 1012 2811 tunc
1036 2788 1119 2812 vetat
1140 2778 1213 2820 Jeju-

334 2832 404 2864 nari
421 2856 427 2862 .
457 2830 579 2864 Odiava
594 2827 676 2862 ratio
688 2827 731 2860 est
746 2849 757 2865 ,
783 2825 871 2870 quod
883 2825 1087 2862 Christianus
1099 2827 1213 2864 Genti-

336 2881 415 2915 lium
432 2881 580 2914 Deorum
597 2877 764 2912 simulacra
777 2887 832 2913 aut
846 2877 920 2911 fana
935 2901 945 2916 ,
972 2888 1040 2919 quae
1051 2877 1215 2912 solemnis·

335 2931 410 2964 lime
428 2930 561 2976 ejuravit
589 2928 622 2961 in
643 2929 810 2971 Baptismo
831 2951 841 2966 ,
866 2927 1039 2960 defendere
1078 2936 1215 2969 nequeat

334 2991 390 3013 aut
401 2978 562 3017 custodire
573 3004 580 3011 .
611 2978 650 3011 Et
662 2978 748 3011 certe
760 2978 838 3011 dum
853 2977 1074 3012 idololatriam
1085 2977 1215 3020 ejuravi-

335 3041 407 3064 mus
420 3054 429 3069 ‚
454 3029 648 3074 ejuravimus
659 3029 757 3062 etiam
773 3026 963 3062 simulachra
975 3028 1008 3060 ἀ
1020 3028 1094 3061 fana
1108 3051 1115 3058 .
1146 3027 1215 3060 No-

337 3091 378 3113 na
400 3080 481 3113 ratio
493 3078 537 3112 est
551 3102 560 3117 ,
587 3078 675 3120 quod
691 3076 898 3111 Christianus
915 3078 948 3110 in
963 3076 1029 3112 istis
1042 3077 1125 3110 fanis
1146 3088 1212 3111 non
1228 3099 1231 3126 i

338 3130 431 3174 poffit
456 3138 603 3162 coenare.
635 3128 765 3162 Etenim
784 3128 816 3161 in
837 3129 939 3170 prima
957 3128 997 3161 ad
1019 3125 1230 3162 Corinthios

336 3179 471 3223 epistola
484 3178 591 3211 scribit
613 3177 746 3211 sanstus
770 3177 914 3211 Paulus:
943 3179 974 3210 ,Β
1011 3183 1079 3221 quis
1101 3178 1212 3211 viderit

338 3241 426 3269 eum,
452 3234 503 3272 qui
515 3226 604 3259 babet
611 3225 766 3269 scientiam
780 3252 789 3265 ,
815 3234 847 3259 in
861 3229 949 3262 idolio
959 3227 1172 3262 recumbentem
1199 3239 1207 3258 ε

338 3291 433 3314 nonne
443 3276 618 3320 conscientian
651 3279 714 3317 eJ’us
730 3301 739 3316 ‚
766 3275 872 3317 cumfit
892 3277 1033 3319 infirma,
1059 3275 1228 3317 aedtficabt-'

335 3340 386 3363 tur
408 3329 451 3362 ad
471 3328 711 3363 manducandum
731 3326 907 3365 idolothyta?
936 3328 978 3361 Et
1002 3327 1081 3361 hinc
1102 3326 1212 3360 denuo

336 3380 511 3421 discimus,
537 3376 625 3423 quod
639 3377 826 3410 Stationarii
851 3377 1080 3413 Romanorum
1091 3377 1211 3411 milites

336 3432 537 3471 quandoque
547 3428 647 3470 usque
657 3427 698 3461 ad
719 3428 882 3468 vesperam
906 3427 1209 3470 debuerintjejuna·
1224 3419 1231 3486 ι

334 3490 384 3513 re.
414 3479 563 3520 Deinde,
588 3477 678 3521 quod
690 3477 880 3513 Stationarii
891 3478 1041 3513 fanorum
1061 3476 1208 3514 custodes

1284 283 1422 322 Decima
1434 284 1516 317 ratio
1526 283 1571 317 est
1581 306 1592 322 ,
1618 282 1706 326 quod
1720 281 1926 319 Christianus
1940 284 2039 330 longe
2051 287 2161 323 minus

1284 333 1377 376 poffit
1392 335 1475 378 ipsos
1487 333 1673 369 Gentilium
1687 333 1776 370 Deos
1789 334 1888 370 nossu
1909 335 2084 371 defendere
2104 349 2161 373 aut

1283 383 1445 420 custodire
1456 407 1464 420 0
1493 384 1542 421 lta
1554 383 1644 419 enim
1658 383 1805 421 Romani
1820 382 1964 420 solebant
1975 397 2090 421 contra
2105 400 2162 424 no.

1281 434 1409 471 §turnus
1421 436 1572 469 fanorum
1587 434 1691 467 fures.
1721 432 1809 468 Audi
1836 434 1982 467 causam:
2012 437 2095 478 ‚Quos
2117 445 2163 472 m.

1279 485 1380 518 terdiu
1406 481 1574 527 exorcismis
1600 481 1753 526 fugavit.
1772 481 1851 529 'lpse
1875 483 1990 517 miles.
2031 484 2162 531 Νεωρὲ

1279 534 1365 576 apud
1402 534 1600 580 primitivam
1639 530 1922 568 christianitatem
1964 533 2072 568 nullus
2098 535 2161 571 fuit

1281 584 1522 620 Exercistarum
1543 582 1643 617 ordo:
1672 582 1823 628 Qisque
1847 595 1925 618 tunc
1950 584 2076 626 fidelis,
2108 586 2164 619 lai·

1280 644 1337 668 cus
1348 635 1446 669 etiarn
1459 646 1496 668 ac
1510 633 1601 667 miles
1616 657 1625 674 ,
1654 633 1818 666 daemones
1839 633 2044 669 exorcizabat
2067 644 2163 679 atque

1279 682 1429 728 fugabat.
1456 684 1607 722 Pluribus
1619 683 1682 716 hoc
1705 683 1884 719 monstravi
1900 685 1933 717 in
1964 684 2106 719 Scholiis
2121 686 2162 722 ad

1281 735 1539 778 Praescriptiones
1550 732 1771 768 Tertulliani.
1800 732 1990 770 Undecima
2005 735 2090 771 ratio
2102 736 2163 778 est,

1278 783 1367 827 quod
1379 784 1587 821 Christianus
1609 794 1747 826 nequeat
1761 784 1852 826 super
1866 783 1972 828 pilum
1988 785 2163 823 incumbee-

1277 846 1333 879 re,
1358 844 1454 877 atque
1467 835 1511 869 ita
1523 833 1684 870 diuturnae
1698 833 1848 866 stationis
1863 833 2091 878 fatigationem
2105 837 2161 871 su·-

1279 885 1435 923 stentare:
1463 883 1539 929 quia
1554 885 1624 929 pilo
1643 884 1706 917 fuit
1731 885 1911 927 perculsum
1936 884 2021 918 latus
2045 885 2164 919 Domi·

1276 935 1311 968 ni
1325 959 1333 966 .
1363 935 1508 977 Exponit
1520 933 1587 971 haec
1599 934 1702 968 Titus
1716 933 1848 968 Livius:
1877 933 1989 966 Milites
2006 931 2163 976 scutoprae

1269 982 1303 1027 se
1315 984 1638 1028 ereeoslamgaleatt:
1665 985 1784 1018 Deinde*
1806 984 1856 1017 ubi
1871 983 1935 1024 fessi
1955 982 2049 1026 sunt,
2077 990 2158 1018 innt-
2218 980 2222 987 ⁴

1274 1039 1307 1065 xz
1327 1036 1413 1075 pilo,
1438 1033 1631 1077 capite-super
1652 1040 1820 1077 marginem
1842 1032 1916 1077 scuti
1935 1033 2047 1078 postte,
2067 1033 2165 1077 fhptti„

1269 1084 1352 1123 stant
1369 1107 1376 1116 .
1406 1084 1639 1123 Romanorum
1652 1083 1714 1131 pila
1728 1095 1818 1118 erant
1842 1083 1938 1118 hassae
1957 1094 2060 1130 genus
2072 1107 2083 1123 ‚
2108 1084 2162 1119 ha·

1277 1134 1385 1169 bentia
1398 1133 1498 1172 latum
1514 1145 1703 1170 mucronem
1715 1157 1724 1165 .
1754 1133 1847 1172 Hinc
1864 1134 2025 1181 Virgilius
2048 1134 2164 1169 scribit

1275 1183 1314 1217 de
1327 1184 1451 1218 Turno
1462 1197 1473 1218 .·
1503 1186 1588 1222 Bina
1599 1195 1691 1217 manu
1707 1185 1768 1218 lato
1780 1183 1914 1228 crispans
1924 1184 2041 1225 basttlta
2054 1184 2161 1227 ferro.

1277 1234 1354 1267 Hoc
1368 1234 1437 1277 ipso
1451 1234 1592 1272 Domini
1605 1236 1689 1268 latus
1702 1233 1783 1272 redi&
1794 1235 1913 1269 dicitur
1923 1234 2017 1271 fuisse
2036 1235 2159 1277 perfos-

1276 1284 1344 1317 sum
1359 1307 1366 1315 .
1395 1283 1472 1321 Erat
1484 1283 1605 1320 folsura
1614 1284 1698 1322 adeo
1711 1283 1798 1329 larga
1813 1307 1826 1324 ,
1852 1294 1888 1319 ut
1902 1283 2055 1321 Thomas
2073 1285 2163 1326 Apo·

1275 1333 1373 1368 stolus
1387 1334 1549 1378 integram
1562 1342 1699 1369 manum
1713 1333 1747 1366 in
1774 1333 1874 1376 ipsam
1898 1333 2038 1368 miserit.
2067 1333 2164 1373 Duo-2

1275 1384 1399 1421 decima
1412 1385 1496 1420 tatio
1507 1383 1552 1422 est
1571 1407 1582 1425 ,
1600 1381 1700 1430 -quod
1723 1381 1929 1419 Christianus
1951 1392 2080 1425 portare
2108 1393 2162 1417 ne-

1275 1443 1371 1475 queat
1396 1433 1555 1469 vexillum
1581 1432 1715 1470 Christo
1734 1431 1907 1466 aemulum.
1935 1431 2068 1476 Nempe.
2093 1433 2166 1469 Ro·

1275 1494 1447 1519 manorum
1467 1481 1589 1518 vexilla
1600 1491 1692 1516 erant
1706 1481 1862 1525 insignita
1877 1481 2081 1526 imaginibus
2093 1483 2165 1517 ido·

1276 1535 1382 1569 lotum
1395 1557 1402 1564 .
1428 1531 1681 1566 Decima-tertia
1693 1534 1778 1567 tatio
1790 1531 1836 1566 est
1849 1557 1860 1572 ‚
1889 1531 1978 1575 quod
1993 1531 2161 1567 Christian

1275 1594 1334 1618 nus
1363 1582 1504 1618 militare
1526 1581 1654 1627 lignum
1674 1581 1739 1624 jam
1757 1580 1775 1615 ὲ
1797 1580 1933 1617 Christo
1957 1582 2119 1625 acceperit
2142 1605 2160 1623 ,

1275 1634 1415 1676 ideoque
1434 1631 1524 1666 aliud
1537 1640 1674 1675 nequeat
1687 1631 1831 1675 &gentili
1847 1629 2001 1674 Principe
2014 1631 2162 1676 postula-

1275 1695 1323 1717 re.
1356 1681 1630 1725 Petacceptuma
1641 1679 1775 1716 Christo
1788 1681 1940 1716 Domino
1949 1680 2075 1728 agnum
2090 1681 2163 1718 exi-

1275 1733 1370 1769 stimo
1398 1732 1542 1777 intelligi
1582 1731 1804 1769 Christianam
1832 1730 2120 1765 confirmationem
2149 1753 2162 1770 .,

1276 1784 1375 1817 Hanc
1387 1781 1599 1826 antiquiffimi
1614 1781 1725 1818 Patres
1738 1781 1847 1824 paffim
1861 1780 2027 1824 appellant
2047 1780 2159 1819 cham

1275 1833 1400 1877 fignum.
1427 1833 1520 1867 Hinc
1550 1833 1583 1865 ὅ(
1605 1833 1707 1866 sancia
1730 1831 1842 1875 Agnes
1863 1831 1948 1864 dixit
1961 1830 2003 1864 de
2025 1829 2160 1864 Christo

1276 1883 1448 1918 Domino:
1478 1880 1578 1926 Posuit
1582 1881 1698 1926 fignum
1711 1886 1742 1914 in
1755 1879 1872 1922 faciem
1892 1891 2012 1921 meam,
2038 1890 2073 1913 ut
2093 1882 2159 1919 nul-

1274 1937 1335 1967 lum
1354 1941 1469 1975 praeter
1490 1944 1555 1966 eum
1568 1957 1577 1972 ,
1605 1941 1766 1964 amatorem
1787 1932 1950 1965 admittam
1973 1954 1981 1965 .
2009 1930 2162 1970 Decima„

1277 1993 1390 2023 quarta
1408 1983 1492 2017 ratio
1514 1983 1580 2025 est,
1607 1982 1699 2029 quod
1723 1981 1929 2019 Christianus
1951 1981 2121 2016 defunctus
2146 2002 2160 2022 2

1277 2031 1316 2065 ab
1343 2031 1468 2075 Angeli
1492 2031 1571 2065 tuba
1595 2031 1792 2064 excitandus
1812 2029 1854 2065 ad
1871 2039 2054 2065 extremum
2075 2029 2162 2072 judi·

1278 2084 1364 2115 cium
1392 2105 1402 2121 ,
1430 2091 1568 2122 nequeat
1591 2079 1632 2114 ad
1659 2079 1833 2113 militarem
1852 2079 1965 2114 tubam
1991 2080 2124 2114 cremari
2150 2105 2161 2113 .

1283 2131 1388 2165 Etiam
1401 2130 1502 2167 hodie
1515 2130 1635 2166 milites
1649 2130 1689 2163 ad
1718 2129 1831 2164 tubam
1849 2128 2066 2172 sepeliuntur.
2094 2130 2161 2165 De-

1278 2180 1497 2222 cima-quinta
1511 2180 1597 2215 ratio
1617 2179 1662 2211 est
1677 2203 1687 2220 ‚
1714 2180 1803 2222 quod
1817 2179 1989 2214 defunctus
2001 2178 2160 2216 Christia-

1283 2241 1362 2269 nus,
1388 2230 1444 2271 qui
1457 2241 1498 2262 ne
1513 2229 1647 2271 quidem
1669 2226 1744 2261 thus
1766 2238 1906 2261 cremare
1930 2229 2063 2273 potuit,
2090 2229 2159 2263 uti-

1280 2289 1343 2322 que
1364 2278 1462 2313 idolis
1480 2305 1489 2319 ,
1516 2286 1655 2323 nequeat
1673 2277 1808 2313 eremari
1833 2301 1839 2309 .
1871 2275 2077 2314 Cadaverum
2095 2288 2162 2318 cr&

1282 2330 1438 2365 matioess
1452 2329 1639 2365 Gentilium
1663 2327 1860 2371 desperatio.
1890 2326 1964 2362 Nos
1988 2328 2162 2370 sepelimus

1281 2380 1470 2418 defunctos,
1500 2378 1545 2411 ob
1556 2378 1644 2421 spem
1657 2376 1913 2411 resurrectionis.
1936 2375 2102 2413 Postrema
2113 2389 2160 2411 ra-

1282 2432 1328 2463 tio
1340 2428 1385 2462 est
1399 2453 1411 2469 ‚
1436 2428 1524 2474 quod
1540 2427 1746 2462 Christianus
1758 2427 1776 2460 ὲ
1796 2427 1907 2460 castris
1926 2427 2007 2461 lucis
2030 2429 2161 2464 transire

1281 2488 1420 2522 nequeat
1429 2479 1471 2515 ad
1483 2476 1584 2513 castra
1595 2478 1800 2511 tenebrarum
1813 2501 1819 2507 .
1849 2477 1980 2510 Harum
1992 2478 2162 2512 rationum

1280 2529 1426 2573 quaedam
1453 2530 1526 2565 sunt
1549 2527 1667 2566 firma,
1691 2527 1839 2575 quaedam
1859 2526 1973 2573 parum
1993 2536 2051 2564 aut
2074 2526 2162 2565 nihii

1281 2578 1402 2614 habent
1415 2578 1567 2623 ponderis
1578 2602 1586 2613 2

1330 2629 1424 2665 Hinc
1445 2627 1674 2663 Tertullianus
1694 2627 1783 2662 suam
1795 2626 2003 2662 assertionem
2029 2626 2162 2671 mitigat

1278 2679 1532 2715 &moderatum
1561 2678 1658 2710 Plane*
1670 2675 1699 2718 fi
1706 2688 1776 2719 quos
1799 2678 1907 2709 milma
1926 2684 2105 2719 praeventos
2122 2677 2163 2719 ft-

1283 2730 1338 2762 des
1354 2727 1492 2770 posterior
1505 2733 1624 2764 invenit
1636 2751 1646 2766 ,
1674 2729 1736 2760 alia
1745 2728 1873 2760 condato
1882 2725 1920 2766 est
1933 2750 1945 2766 ‚
1971 2727 2162 2767 utiliorum,

1277 2790 1348 2821 quos
1361 2781 1506 2823 Joannes
1531 2777 1712 2812 admittebat
1732 2778 1777 2810 ad
1798 2779 1970 2812 Lavacrum
1992 2787 2001 2817 ;
2026 2784 2059 2807 ut
2082 2779 2162 2808 Cen-

1277 2834 1426 2862 turionum
1445 2827 1689 2869 fideltffimotum,
1716 2837 1801 2869 quem
1811 2825 1946 2866 Christus
1966 2826 2073 2867 probat
2086 2849 2098 2864 ‚
2123 2826 2160 2859 ὁ*

1277 2890 1363 2921 quem
1387 2880 1495 2913 Petrus
1518 2877 1700 2914 catechizat,
1733 2880 1814 2909 Dum
1837 2885 1937 2909 tamen
1953 2873 2089 2918 sufiepta
2099 2873 2158 2919 fide

1276 2927 1488 2972 atquefignata
1513 2938 1567 2960 aut
1582 2925 1771 2969 deserendum
1778 2926 1882 2965 statim
1889 2926 1927 2966 fit
1938 2949 1950 2965 ,
1974 2935 2007 2958 ut
2017 2927 2038 2959 ἃ
2053 2926 2160 2958 multis

1276 2978 1396 3018 adum,
1422 2988 1473 3010 aut
1495 2977 1629 3011 omnibus
1650 2977 1746 3010 modis
1768 2976 1997 3015 cavillandum,
2025 2986 2061 3008 ne
2081 2975 2160 3017 quid

1275 3029 1425 3061 adversus
1451 3030 1545 3061 Deum
1560 3032 1760 3063 committatur
1773 3049 1784 3066 ,
1811 3036 1879 3069 quae
1905 3037 1957 3061 nec
1980 3037 2018 3059 ex
2044 3026 2155 3058 militia

1271 3085 1489 3122 permittuntur
1510 3102 1520 3117 ‚
1546 3086 1599 3110 aut
1611 3077 1754 3115 novtffime‘
1762 3076 1986 3116 perpetiendum
2006 3083 2061 3116 pro
2073 3078 2159 3115 Deo,

1275 3130 1353 3172 quod
1361 3130 1443 3170 aeque'
1451 3127 1528 3169 fides
1537 3136 1662 3173 pagana
1671 3127 1804 3159 condixit
1823 3149 1829 3156 .
1856 3129 1920 3158 Nec
1944 3130 2024 3160 enim
2044 3125 2161 3158 delmo-

1274 3189 1340 3211 rum
1365 3184 1594 3219 Impunitatem,
1632 3184 1683 3208 aut
1719 3180 1907 3214 marmorum
1932 3181 2157 3208 immunitatem

1273 3229 1387 3263 militia
1398 3233 1566 3269 promittit.
1593 3225 1752 3268 Nusquam
1773 3223 1961 3264 christianus
1987 3226 2075 3258 aliud
2083 3225 2123 3265 est
2148 3249 2159 3260 .

1273 3282 1371 3314 Unum
1394 3278 1620 3320 Evangelium‚
1647 3279 1682 3310 &⁵
1704 3286 1781 3308 unus
1805 3275 1961 3317 JESUS:
1991 3285 2154 3319 negaturus

1271 3338 1383 3361 omnem
1407 3337 1574 3370 negatorem
1587 3350 1596 3365 ,
1624 3327 1659 3359 ό*
1677 3324 1853 3367 confeffurus
1879 3337 1992 3359 omnem
2014 3323 2158 3366 Confeffo-

1270 3389 1330 3411 rem
1353 3380 1428 3416 Det,
1455 3374 1620 3418 &salvam
1641 3374 1781 3418 faffurus
1807 3381 1943 3409 animam
1962 3384 2018 3418 pro
2039 3379 2156 3406 nomine

1270 3430 1336 3470 ejus
1351 3427 1484 3470 umlffam
1495 3448 1506 3464 ,
1530 3427 1709 3468 perditurus
1720 3434 1820 3458 autem
1832 3427 1867 3458 de
1874 3430 2019 3459 contrario
2037 3425 2155 3455 adoer-

1271 3479 1325 3515 sias
1336 3488 1440 3512 nomen
1449 3478 1513 3519 ejus
1530 3478 1604 3510 lum
1616 3475 1769 3511 habitam.
1800 3478 1890 3519 Apud
1899 3475 1975 3511 bunc
1984 3483 2050 3509 tam
2071 3473 2157 3507 miles

2024 3520 2063 3564 est
2071 3531 2127 3566 Ρα-
