2366 3736
667 151 725 189 m
760 140 1157 187 ΡειΑσιΛΝΑΜ
1192 136 1503 184 Henna-stri.
1874 141 1968 193 189

186 227 368 263 sermonem
384 250 396 267 ,
419 223 627 260 finceriffimae
639 224 782 259 veritatis
795 223 868 257 luce
879 221 1073 262 radiantem,
1118 223 1254 263 granium
1275 233 1327 254 nos
1350 224 1502 262 adjuvare
1526 224 1570 257 ad
1588 223 1848 265 nonpeecandum,
1875 231 1945 266 quta
1954 233 2010 266 per

187 286 283 313 tanto
304 276 379 311 Afri
403 276 555 319 Episcopi
566 274 691 309 honore
706 272 843 306 venerati
859 273 952 310 sunt,
979 280 1013 304 ut
1028 272 1074 305 ita
1134 270 1230 314 ipsam
1253 272 1333 304 nobis
1355 274 1502 303 revelatur
1523 275 1557 306 (ς
1578 281 1711 315 aperitur
1725 275 1916 317 intelligentia
1928 286 2011 306 man.

186 329 228 363 ad
247 325 389 362 eundem
416 326 521 360 virum
550 324 773 359 rescriberent:
803 323 885 355 1llud
905 324 975 355 vero
998 323 1079 363 quod
1138 324 1295 361 datorum,
1322 330 1355 354 ut
1362 319 1490 363 sciamus
1501 325 1575 362 quid
1588 332 1746 364 appetere,
1774 326 1807 357 (ς
1827 325 1902 366 quid
1913 332 2014 356 vitare

186 382 221 412 in
242 379 341 411 literis
354 401 365 418 ,
386 389 464 419 quas
485 378 530 410 ad
547 371 706 416 universas
723 374 898 406 Provincias
907 372 1011 411 curasti
1027 372 1076 415 effe
1138 371 1296 405 debeamus
1311 395 1321 411 ‚
1351 381 1408 403 non
1431 380 1530 403 autem
1544 374 1693 412 perillam
1704 375 1786 405 nobis
1798 372 1963 414 praestari,
1983 380 2016 404 ut

187 429 375 468 mittendas,
399 425 517 469 pofuisti
533 426 635 458 dicens
658 447 669 464 ,
696 423 770 456 Nos
791 433 899 456 tamen
923 421 1077 455 instinctu
1141 424 1220 465 quod
1231 421 1406 463 faciendum
1417 428 1623 463 cognovimus,
1646 429 1737 456 etiam
1740 424 1847 464 facere
1857 423 2016 467 diligamus

187 477 276 518 Dei,
302 477 423 510 &esic
442 479 601 516 accipimus
614 473 727 507 dic‘lum
741 497 751 514 ,
778 480 812 505 ut
834 472 895 505 illos
915 478 964 513 qui
977 481 1080 504 contra
1141 481 1231 513 atque
1251 471 1406 504 valeamus
1428 494 1440 510 ,
1465 471 1627 504 anathema
1642 470 1681 512 fit
1705 497 1712 504 .
1741 475 1816 506 Cum
1836 480 1914 508 enim
1936 475 2017 505 ditat

188 529 247 561 Det
269 528 454 568 adjutorium
467 524 615 558 extollunt
630 522 756 556 humani
765 522 885 555 arbitrii
896 522 1080 561 libertatem,
1145 522 1288 562 Apostolus
1301 545 1312 560 ,
1340 520 1480 554 Scientia
1496 519 1586 553 inflat
1596 546 1605 559 ,
1626 521 1762 555 charitas
1777 523 1851 556 vero
1864 523 2000 556 aedificat
2011 546 2023 562 ,

192 576 324 617 distric‘lo
343 576 446 621 gladio
465 579 635 613 veritatis,
664 576 749 607 velut
778 571 878 613 cursim
901 570 1043 613 tranfiens
1072 594 1083 611 ‚
1145 571 1239 605 Valde*
1261 575 1384 612 impium
1403 569 1461 610 est,
1485 568 1522 602 'ut
1543 572 1694 604 credamus
1717 574 1835 605 adeam
1858 584 1925 614 quae
1934 571 2023 614 inflat

193 636 381 669 amputares.
408 625 497 668 ‚Quid
514 629 595 657 enim
617 631 682 656 tam
707 622 798 656 libero
814 620 911 663 fecisti
938 622 1084 661 arbitrio,
1146 632 1198 655 nos
1219 619 1324 653 habere
1331 625 1467 664 gratiam
1477 619 1587 657 Christi
1602 644 1611 659 ,
1637 623 1670 654 (9·
1685 623 1802 654 adeam
1813 633 1881 663 quae
1896 621 2024 662 aedificat

192 679 285 721 quam
305 676 383 717 quod
403 672 547 716 universa
570 679 603 706 in
615 673 719 713 nostrae
740 671 921 705 humilitatis
934 670 1084 713 cons‘cien-
1148 682 1205 704 non
1229 670 1355 713 babere3
1382 671 1447 703 ciam
1462 669 1501 710 fit
1520 680 1675 711 utrumque
1686 672 1792 703 donum
1806 675 1861 702 Det
1875 695 1885 710 ,
1910 673 1943 705 (ν
1951 670 2028 712 scire

194 733 270 761 tiam
292 723 437 764 retulisti?
463 727 510 757 Et
531 734 633 757 tamen
658 722 794 764 instindu
809 723 872 755 Dei
890 722 1009 763 fac‘lum
1034 720 1086 762 effe
1150 722 1223 764 quid
1241 720 1343 762 facere
1364 720 1540 758 debeamus,
1568 722 1601 754 6·
1614 720 1729 763 diligere
1752 730 1784 752 ut
1790 720 1943 761 faciamus
1958 744 1968 759 ,
1995 730 2029 753 ut

192 776 322 819 fideliter
337 773 553 818 sapienterque
572 773 675 813 vidisti
701 797 712 813 ‚
739 776 882 806 veraciter
900 772 1088 812 fidenterque
1152 770 1319 812 adificante
1339 769 1486 803 charitate
1501 769 1630 812 scientia
1642 782 1699 802 non
1708 771 1788 811 poffit
1800 770 1922 809 inflare.
1950 772 2031 803 sicut

195 824 315 865 dixisti.
343 826 414 859 Ide&
434 830 537 867 utique
562 846 573 863 ,
597 829 669 866 qula
684 831 883 864 praeparatur
908 824 1048 854 voluntas
1069 822 1089 852 ἃ
1152 829 1251 854 autem
1274 822 1312 853 de
1324 824 1383 852 Deo
1400 819 1546 862 sir-iprum
1556 820 1616 860 est,
1645 820 1714 867 Qi
1738 821 1835 855 docet
1860 820 2032 854 hominem

196 879 347 915 Domino,
374 877 453 909 &ut
466 875 534 907 boni
545 874 664 915 aliquid
673 881 787 917 agant,
812 876 949 913 paternis
962 869 1092 913 inspira·
1154 870 1325 905 scientiam
1347 894 1358 909 ,
1385 874 1432 902 tta
1450 876 1542 902 etiam
1556 869 1702 912 scriptum
1721 870 1760 910 est
1783 894 1793 910 ‚
1820 868 1970 904 Charitas
1992 881 2033 903 ex

198 925 329 960 tionibus
349 923 468 967 suorum
480 922 541 966 ipse
553 927 654 966 tangit
663 923 752 955 corda
758 921 894 964 fidelium
903 946 910 953 .
939 924 1092 964 ‚Quotquot
1155 922 1231 954 Deo
1243 920 1287 953 est
1300 944 1307 952 .
1336 920 1418 953 Item
1432 921 1550 962 quinto
1565 921 1741 962 Capitulo:
1764 925 1803 954 Ut
1810 918 1939 963 quisquis
1951 921 2034 953 dixe-

199 981 280 1010 ent‘m
297 973 410 1018 spiritu
424 977 478 1007 Dei
490 982 617 1016 aguntur
632 996 643 1011 ,
667 971 700 1003 bi
726 973 785 1014 filii
798 971 931 1014 Deisunt
942 985 953 1004 .·
979 975 1017 1003 Ut
1043 981 1093 1003 nec
1156 976 1198 1004 rit
1209 996 1220 1011 ,
1245 971 1313 1003 ideb
1327 970 1410 1001 nobis
1417 974 1553 1012 gratiam
1560 969 1778 1010 justificationis
1798 972 1891 1009 dari,
1915 979 1947 1002 ut
1959 969 2038 1012 quod

201 1024 329 1065 nostrum
348 1024 435 1065 deeffir
453 1022 622 1065 sentiamus
640 1022 819 1062 arbitrium,
846 1024 878 1055 δ’
894 1022 1018 1053 inbonis
1030 1025 1095 1062 qui·
1150 1021 1253 1064 facere
1270 1029 1327 1061 per
1338 1020 1461 1052 liberum
1473 1018 1631 1053 arbitrium
1648 1020 1787 1060 jubemur
1798 1043 1807 1059 ‚
1825 1020 1950 1061 facilius
1961 1020 2042 1061 poffi-

203 1072 311 1115 busque
343 1074 510 1105 voluntan‘s
533 1072 676 1104 humanae
697 1071 825 1115 singulis
848 1073 973 1105 motibus
994 1076 1093 1116 magis
1159 1083 1224 1104 mus
1249 1070 1369 1112 implere
1385 1075 1581 1113 pergratiam
1594 1095 1603 1108 ,
1632 1079 1778 1113 tanquam
1797 1070 1850 1111 etsi
1858 1075 1962 1114 gratia
1983 1080 2040 1101 non

203 1125 281 1160 illius
307 1123 410 1158 valere
429 1134 486 1156 non
507 1122 678 1155 dubitemus
703 1124 871 1156 auxilium.
1162 1124 1286 1154 daretur
1300 1145 1310 1160 ‚
1339 1131 1396 1152 non
1419 1121 1540 1161 quidem
1553 1119 1649 1161 facile?
1675 1144 1686 1159 ‚
1710 1119 1767 1163 sed
1785 1130 1887 1154 tamen
1905 1120 2041 1162 poffimus

1162 1179 1254 1204 etiam
1276 1169 1337 1209 fine
1357 1172 1410 1202 illa
1422 1171 1532 1202 divina
1544 1171 1665 1211 implere
1675 1172 1848 1210 mandata,
1876 1169 2040 1203 anathema

1157 1222 1214 1264 fit.
1243 1224 1288 1253 De
1292 1219 1447 1262 frufflbus
1466 1226 1545 1253 enim
1567 1221 1778 1254 mandatorum
1793 1223 1936 1254 Dominus
1949 1222 2045 1262 loqu»

1165 1272 1254 1304 batur·
1267 1294 1278 1310 ,
1304 1270 1354 1303 ubi
1365 1281 1422 1302 non
1434 1274 1481 1302 ait
1493 1293 1504 1309 ,
1529 1272 1599 1303 sine
1611 1281 1657 1304 me
1671 1272 1793 1313 difficius
1802 1271 1921 1312 potestis
1927 1270 2046 1313 facere,

1162 1319 1218 1364 sed
1225 1325 1272 1354 ait
1285 1343 1296 1360 ‚
1323 1319 1401 1354 Sine
1419 1330 1472 1354 me
1484 1318 1574 1352 nihil
1585 1320 1717 1363 potestis
1727 1322 1849 1354 facere.

612 1220 698 1256 Vi.

313 1324 410 1367 ,2qu
434 1326 528 1355 omnis
552 1321 661 1365 sunt‘la
671 1326 828 1366 cogitatio,
856 1323 998 1356 &motus

435 1378 499 1414 pite
519 1374 684 1406 voluntatis
699 1385 736 1406 ex
750 1376 810 1406 Deo
820 1371 859 1414 fit
876 1397 884 1405 .

1526 1417 1561 1451 V
1586 1417 1600 1450 1
1629 1418 1644 1451 1
1669 1418 1696 1451 1.

310 1470 395 1507 Udd
418 1472 461 1505 ita
485 1472 574 1505 Deus
594 1469 627 1502 in
655 1470 811 1504 cordibus
831 1469 1006 1503 hominum
1023 1491 1034 1509 ,
1061 1476 1107 1502 at·

334 1534 398 1565 que
423 1522 456 1554 in
480 1521 549 1562 ipso
571 1518 674 1553 libero
708 1530 860 1562 operetur
882 1519 1015 1553 arbitrio
1035 1543 1045 1559 ‚
1072 1529 1108 1552 ut

215 1575 324 1607 saneta
335 1571 496 1615 cogitatio
509 1592 519 1608 ‚
532 1570 621 1612 pium
636 1569 809 1603 confilium
820 1594 831 1611 ,
854 1571 1027 1612 omnisque
1040 1580 1109 1602 mo·

216 1631 269 1657 tus
289 1621 383 1655 bonae
408 1619 586 1653 voluntatis
607 1631 647 1653 ex
672 1619 749 1653 Deo
773 1620 831 1659 sit,
858 1620 933 1660 quia
948 1619 1108 1662 perillum

218 1671 344 1713 aliquid
367 1671 445 1704 boni
460 1670 624 1712 possumus
637 1693 646 1709 ,
674 1670 739 1703 fine
752 1680 818 1712 quo
830 1669 913 1702 nihil
928 1670 1092 1713 possumus
1104 1692 1111 1700 .

219 1721 278 1757 Ad
300 1719 388 1754 hanc
412 1722 503 1753 enim
530 1730 590 1752 nos
612 1719 842 1761 professionem
876 1718 961 1753 idem
984 1720 1111 1752 Dostor

214 1771 365 1806 instituit
383 1795 394 1811 ,
422 1772 478 1812 qui
504 1770 579 1804 cum
606 1769 645 1802 ad
669 1770 770 1803 totius
784 1769 871 1803 orbis
886 1770 1062 1812 Episcopos
1073 1769 1113 1801 de

219 1821 338 1855 divinat
360 1821 472 1864 gratiae
494 1819 717 1862 opitulatione
740 1821 944 1861 loqueretur,
971 1820 1113 1862 ,Quoder-

218 1873 258 1915 go
281 1878 397 1911 tempus
410 1893 421 1909 ,
448 1870 512 1907 ait,
539 1874 730 1908 intervenit,
758 1880 814 1911 quo
826 1871 886 1909 ejus
906 1881 963 1901 non
980 1879 1115 1912 egeamus

225 1922 343 1953 auxilio
357 1919 373 1951 ?
385 1923 423 1954 In
434 1918 567 1951 omnibus
593 1924 683 1962 igitur
703 1918 820 1952 ambus
834 1944 843 1959 ,
871 1917 961 1960 caufis
973 1944 983 1959 ,
1011 1924 1115 1961 cogita-

228 1969 362 2002 nonibus
376 1994 389 2009 ‚
413 1968 539 2000 motibus
553 1992 564 2007 ,
591 1969 714 2008 adjutor
727 1968 917 2009 &proteHor
928 1970 1059 2000 orandus
1071 1966 1116 2005 est.

227 2017 396 2060 Superbum
421 2017 459 2056 est
485 2022 587 2056 enim,
614 2027 648 2049 ut
669 2023 826 2058 quicquam
840 2016 896 2058 fibi
916 2016 1049 2050 humana
1070 2027 1120 2048 na-

228 2079 300 2102 tura
321 2065 490 2110 praesumat
503 2090 514 2106 ,
540 2067 688 2099 clamante
700 2065 825 2108 apostolo
837 2091 847 2106 ,
875 2067 955 2101 Non
970 2067 1013 2100 est
1028 2066 1122 2100 nobis

227 2119 422 2153 collustatio
447 2115 597 2149 adversus
620 2128 750 2151 carnem
774 2117 807 2149 ὃ(
831 2116 1042 2160 sanguinem,
1070 2116 1122 2150 sed

228 2179 344 2202 contra
371 2167 534 2210 principes
559 2167 592 2200 ἀ
615 2166 789 2208 potestates
809 2167 889 2199 aeris
902 2165 1020 2207 hujus,
1048 2177 1125 2199 con-

232 2229 281 2252 tra
294 2216 474 2260 spiritualia
488 2215 641 2258 nequitiae
653 2215 687 2248 in
701 2214 883 2249 coelestibus
895 2239 902 2246 .
933 2213 1054 2255 Etficut
1068 2212 1127 2257 ipse

232 2268 340 2300 iterum
353 2267 450 2298 dicit:
478 2263 608 2297 infoelix
630 2275 695 2308 ego
718 2264 820 2299 homo
844 2288 854 2304 ,
881 2266 954 2308 quis
978 2265 1125 2298 melibe—

230 2316 314 2350 rabit
334 2314 377 2348 de
397 2324 535 2355 corpore
561 2315 673 2347 mortis
698 2313 818 2356 hujus?
844 2314 958 2348 Gratia
983 2315 1048 2348 Dei
1071 2325 1127 2357 per

236 2363 672 2410 JsssUM-CHRISTUM
687 2364 874 2398 Dominum
889 2364 1033 2397 nostrum
1048 2388 1055 2396 .
1083 2368 1127 2397 Et

235 2416 344 2449 iterum
359 2427 370 2449 .·
397 2413 513 2448 Gratia
527 2413 592 2446 Dei
620 2415 688 2447 sum
706 2413 738 2448 id
760 2413 849 2458 quod
863 2416 932 2448 sum
945 2439 955 2455 ‚
981 2415 1128 2458 &gratia

236 2465 303 2508 ejus
327 2465 360 2497 in
385 2475 435 2496 me
451 2474 550 2496 vacua
564 2474 630 2497 non
642 2464 727 2502 fuit,
754 2464 805 2498 sed
816 2465 886 2507 plus
897 2465 960 2497 illis
973 2464 1130 2498 omnibus

239 2513 401 2548 laboravi.
415 2512 498 2547 Non
510 2524 574 2556 ego
585 2523 693 2547 autem
706 2538 717 2554 ‚
729 2512 781 2548 sed
790 2515 893 2560 gratia
906 2515 971 2549 Dei
980 2525 1108 2550 mecum
1122 2538 1127 2546 .

1171 1519 1386 1564 Quodpraeter
1391 1516 1508 1557 statuta
1517 1518 1603 1551 Sedis
1616 1516 1782 1560 Apostolicae
1790 1540 1800 1556 ‚
1828 1529 1929 1553 omnes
1949 1523 2055 1552 oratio·

1252 1580 1306 1602 nes
1323 1567 1456 1607 Ecclefiae
1469 1568 1579 1608 Christi
1585 1576 1724 1612 gratiam
1735 1567 1873 1611 refimant
1886 1593 1896 1609 ‚
1922 1580 1982 1612 qua

1365 1629 1461 1663 genus
1495 1618 1658 1652 humanum
1683 1617 1721 1651 ab
1747 1629 1863 1652 aeterna

1422 1668 1619 1703 damnatione
1630 1677 1788 1711 reparatur
1798 1692 1806 1701 .

1249 1769 1355 1802 Raeter
1385 1777 1439 1801 eas
1464 1777 1576 1802 autem
1599 1768 1790 1802 Beatiffimae
1810 1769 1844 1802 ὅ(
1862 1767 2061 1811 Apostolieae

1271 1816 1362 1852 Sedis
1388 1817 1599 1852 inviolabiles
1621 1820 1799 1855 sanctiones
1818 1843 1829 1859 ‚
1857 1818 1975 1861 quibus
2003 1829 2063 1852 nos

1177 1868 1307 1912 piissimi
1321 1867 1432 1900 Patres
1443 1891 1454 1907 ‚
1482 1868 1633 1910 pestiferae
1653 1871 1812 1903 novitatis
1824 1868 1967 1903 elatione
1979 1868 2066 1911 deje-

1178 1920 1248 1959 sta,
1275 1918 1308 1951 ὃς
1325 1917 1420 1950 bonae
1444 1917 1624 1953 voluntatis
1635 1919 1790 1960 exordia,
1818 1919 2067 1953 &incrementa

1179 1968 1399 2011 probabilium
1409 1967 1589 2003 studiorum
1603 1992 1614 2008 ,
1641 1970 1674 2004 δε
1687 1970 1721 2003 iu
1743 1969 1789 2004 eis
1808 1971 1907 2011 usque
1920 1970 1953 2003 in
1966 1970 2066 2002 finem

1181 2016 1450 2061 perseverantiam
1465 2040 1476 2057 ,
1504 2018 1545 2051 ad
1571 2017 1695 2052 Christi
1719 2019 1858 2064 gratiam
1880 2020 1998 2052 referre
2010 2018 2068 2052 do-

1181 2077 1318 2101 cuerunt
1332 2091 1343 2105 ,
1369 2066 1634 2102 obsecrationum
1657 2080 1791 2113 quoque
1813 2067 2067 2106 sacerdotalium

1183 2119 1389 2152 Sacramenta
1412 2116 1642 2159 respiciamus,
1669 2131 1740 2162 quae
1764 2119 1806 2153 ab
1825 2119 2069 2163 Apostolistra-

1183 2167 1252 2200 dita
1278 2167 1312 2199 in
1331 2176 1406 2200 toto
1432 2166 1556 2199 mundo
1581 2169 1721 2208 tradita,
1748 2170 1889 2212 atquein
1901 2169 1994 2202 omni
2009 2167 2070 2201 Ec·

1191 2215 1285 2249 clefia
1297 2214 1474 2248 Catholica
1497 2217 1706 2251 uniformiter
1718 2218 1943 2257 celebrantur,
1970 2228 2005 2251 ut
2027 2217 2071 2251 le-

1187 2276 1262 2309 gem
1285 2264 1436 2298 credendi
1451 2266 1500 2298 lex
1512 2266 1630 2300 statuat
1643 2267 1845 2310 supplicandi
1859 2293 1865 2299 .
1879 2267 1965 2301 Cum
1978 2268 2069 2302 enim

1186 2317 1364 2349 san-starum
1401 2314 1548 2358 plebium
1573 2316 1724 2351 Praesules
1763 2320 1916 2352 mandata
1947 2317 2072 2351 sibimet

1187 2366 1352 2409 legatione
1379 2364 1559 2409 fungantur
1586 2391 1598 2407 ,
1624 2368 1708 2410 apud
1735 2368 1882 2401 divinam
1911 2367 2070 2400 Clemen-

1187 2417 1268 2450 tiam
1295 2414 1430 2448 humani
1454 2416 1584 2459 generis
1603 2427 1707 2460 agunt
1731 2419 1881 2456 causam,
1902 2418 2012 2450 &tora
2027 2417 2071 2450 se-

1187 2477 1263 2499 cum
1291 2464 1557 2508 congemiscente
1569 2466 1706 2499 Ecclesia
1726 2466 1930 2508 postulant&
1944 2477 2073 2509 precan-

1188 2527 1260 2554 tur,
1288 2525 1324 2549 ut
1346 2514 1539 2548 Infidelibus
1564 2515 1706 2549 donetur
1729 2516 1809 2550 fides
1833 2539 1844 2556 ,
1871 2525 1906 2549 ut
1929 2516 2071 2550 idolola-

1189 2574 1242 2599 trae
1267 2564 1308 2598 ab
1328 2564 1504 2606 impietatis
1537 2565 1597 2597 suae
1620 2564 1797 2599 liberentur
1817 2565 1976 2599 erroribus
1994 2590 2004 2606 ‚
2033 2575 2071 2600 ut

1190 2615 1304 2659 Judaeis
1331 2614 1440 2648 ablato
1463 2614 1570 2647 cordis
1582 2614 1740 2648 velamine
1751 2616 1807 2649 lux
1822 2616 1964 2650 veritatis
1976 2627 2072 2660 appa·

1191 2676 1281 2703 reat,
1308 2673 1344 2697 ut
1371 2663 1523 2697 Haeretici
1548 2662 1730 2699 Catholicae
1752 2666 1847 2700 Fidei
1859 2668 2070 2709 perceptione

1191 2714 1374 2757 resipiscant
1401 2737 1413 2753 ,
1447 2724 1482 2747 ut
1508 2711 1713 2748 Schismatici
1744 2715 1890 2758 spiritum
1920 2715 2069 2749 redivivas

1191 2763 1358 2798 charitatis
1384 2763 1546 2806 accipiant
1569 2788 1580 2804 ,
1614 2776 1650 2799 ut
1674 2765 1783 2808 Lapsis
1808 2765 2003 2808 poenitentiae
2026 2775 2072 2799 re·

1192 2814 1336 2847 medium
1358 2814 1567 2854 conferatur,
1593 2825 1629 2848 ut
1651 2815 1791 2859 denique
1814 2813 2070 2849 Catechumenis

1192 2864 1231 2897 ad
1254 2863 1507 2907 regenerationis
1534 2865 1739 2898 Sacramenta
1758 2864 1917 2907 perductis
1936 2889 1947 2905 ,
1975 2864 2070 2899 coele-

1171 2909 1178 2963 l
1193 2914 1247 2946 slis
1269 2913 1341 2947 aula
1353 2913 1580 2948 misericordiae
1595 2915 1758 2948 reseretur.
1784 2914 1866 2948 Haec
1879 2925 1986 2948 autem
2002 2925 2071 2948 non

1195 2963 1413 3007 perfunssorie
1434 2975 1538 3007 neque
1565 2964 1732 2997 inaniter&
1747 2964 1899 2999 Domino
1911 2967 1999 3008 peti,
2026 2975 2073 2999 re·

1195 3025 1264 3048 turn
1294 3013 1429 3056 ipsarum
1453 3014 1606 3047 monstrat
1618 3013 1761 3048 effcstus:
1790 3014 2071 3060 Qandoquidem

1176 3075 1233 3133 'ex
1253 3063 1348 3097 omni
1371 3075 1513 3098 errorum
1535 3074 1653 3107 genere
1674 3064 1832 3107 plurimos
1854 3066 1945 3099 Deus
1957 3066 2075 3109 digna-

1177 3124 1246 3156 ,tur
1276 3112 1436 3148 attrahere
1458 3137 1469 3153 ‚
1507 3124 1589 3156 quos
1611 3124 1719 3148 erutos
1742 3115 1782 3147 de
1807 3115 1964 3158 potestate
1986 3125 2076 3148 tene-

1177 3157 1323 3198 ¹brintum
1346 3165 1515 3197 transferas
1535 3163 1567 3196 in
1590 3174 1725 3208 regnum
1738 3164 1992 3199 Filiicharitatis
2002 3166 2073 3204 suae,

1195 3215 1228 3248 ἁ
1249 3225 1290 3248 ex
1317 3215 1393 3248 vasis
1418 3214 1470 3247 irae
1493 3213 1590 3246 faciat
1610 3215 1682 3247 vasa
1696 3214 1939 3250 misericordiae.
1970 3211 2073 3257 Qod

1195 3264 1277 3298 adeo
1303 3275 1411 3298 totum
1434 3264 1539 3296 divini
1563 3264 1670 3306 operis
1688 3265 1750 3298 effe
1774 3265 1909 3299 sentitur
1925 3288 1935 3303 ,
1961 3274 1994 3296 ut
2007 3260 2075 3295 haec

1194 3314 1349 3348 efficienti
1372 3315 1446 3347 Deo
1471 3313 1645 3357 gratiarum
1676 3315 1798 3358 semper
1823 3317 1928 3351 astio,
1954 3311 2077 3345 laudis-

1179 3373 1260 3407 ¹que
1284 3362 1440 3398 confessio
1459 3373 1515 3406 pro
1529 3363 1775 3401 illuminatione
1787 3365 1903 3401 talium
1918 3362 1967 3397 vel
1979 3370 2080 3396 corre·

1179 3394 1307 3451 lesione
1331 3414 1505 3449 referatur.

617 2610 743 2645 V11.

246 2711 344 2756 ,Quod
357 2713 464 2754 gratia
488 2711 544 2742 Dei
564 2720 621 2742 non
637 2709 732 2752 solum
752 2719 875 2753 peccata
895 2714 1031 2746 dimittat
1044 2737 1055 2753 ‚
1078 2713 1136 2757 sed

295 2766 389 2794 etiam
403 2761 539 2800 adjuvat
552 2771 588 2793 ne
600 2766 821 2794 committantur
832 2785 842 2801 ‚
868 2765 902 2797 eir
918 2762 1041 2805 praestat
1051 2772 1085 2798 ut

348 2812 397 2845 lex
409 2811 567 2851 impleatur
576 2834 589 2850 ,
616 2822 672 2843 non
675 2809 746 2851 ficut
757 2818 802 2844 ait
816 2814 954 2856 Pelagius
966 2839 975 2853 ,
982 2813 1035 2853 fa-

398 2860 456 2894 cili?
465 2884 478 2901 ,
503 2859 588 2904 quast
589 2859 651 2901 fine
656 2868 760 2904 gratia
771 2865 827 2895 Dei
839 2864 984 2905 difficilius

567 2911 648 2952 poffit
676 2913 792 2953 impleri
805 2936 812 2944 .

299 3009 383 3044 Llud
395 3010 494 3044 etiam
507 3034 518 3050 ‚
546 3009 634 3054 quod
650 3011 732 3044 intra
755 3010 1020 3057 Carthaginensis
1034 3013 1136 3055 Syno-

324 3060 356 3093 di
370 3060 510 3094 Decreta
531 3061 746 3094 constitutum
767 3061 834 3103 est,
861 3063 946 3107 quasi
973 3064 1136 3106 proprium

254 3108 450 3151 Apostolrcae
471 3111 563 3144 Sedis
576 3112 752 3146 Decretum
774 3112 994 3156 ampleetimur
1009 3137 1019 3153 ‚
1048 3112 1137 3156 quod

254 3159 379 3192 scilicet
399 3160 496 3195 tertio
508 3161 664 3203 Capitulo
687 3160 856 3197 definitum
868 3163 911 3197 est
927 3177 934 3195 :
963 3168 1001 3197 Ut
1014 3169 1140 3206 quicumt

255 3220 312 3251 que
324 3210 436 3242 dixerit
443 3219 579 3253 gratiam
594 3215 649 3244 Dei
662 3236 671 3251 ,
697 3212 959 3256 quajustificamur
969 3223 1020 3255 per
1025 3217 1057 3258 J
1061 3212 1140 3255 esum

256 3257 405 3297 christum
427 3262 587 3294 Dominum
604 3261 748 3303 nostrum,
777 3265 823 3296 ad
834 3262 930 3306 solam
955 3265 1140 3304 remi'ffionem

253 3316 438 3352 peccatorum
454 3310 555 3343 valere
571 3335 582 3350 ‚
614 3323 680 3354 quae
697 3315 767 3354 jam
788 3314 932 3356 commiffa
950 3312 1023 3356 sunt
1045 3338 1056 3355 ,
1083 3323 1141 3346 non

258 3366 352 3393 etiam
367 3359 412 3390 ad
435 3359 618 3399 adjutorium
631 3386 641 3401 ‚
667 3370 699 3394 ut
722 3374 779 3395 non
791 3370 1017 3398 committantur
1030 3388 1040 3403 ‚
1066 3375 1140 3396 ana-

261 3408 363 3458 thema
382 3407 418 3450 fit
429 3432 436 3441 .
465 3408 509 3442 Et
521 3409 635 3443 iterum
648 3412 803 3455 Capitulo
815 3425 931 3457 quarto
942 3428 953 3447 .-
979 3412 1055 3454 Utfi
1073 3418 1141 3455 quis

263 3460 377 3495 dixerit
392 3464 527 3503 gratiam
539 3463 596 3494 Dei
609 3469 665 3504 per
671 3463 699 3505 J
703 3462 782 3506 esum
793 3463 939 3505 christum
946 3473 1070 3508 propter
1091 3463 1141 3498 boc

1850 3512 1866 3546 1
1877 3511 1917 3546 X.
1945 3512 2043 3556 ,Quid
