2366 3736
127 772 219 819 Qid
243 773 279 806 fit

122 824 187 856 Dei
234 824 279 856 su-

119 883 175 913 per
211 884 280 915 om.-

118 922 172 954 nia
200 921 279 959 dile-

118 973 184 1004 &io
200 983 278 1014 quo-

116 1022 157 1054 ad
172 1023 276 1057 solum

115 1071 274 1108 adscitum

108 1727 190 1771 Cap.
208 1727 239 1763 6.

104 1981 108 1985 .
155 1929 256 1963 Setm.

111 1989 188 2027 149.

105 2039 174 2072 cap.
207 2043 239 2063 ο.

106 2079 264 2128 Ser.127.

110 2885 205 2933 Qid
234 2887 270 2920 fit

113 2938 226 2970 aduha

111 2986 252 3020 charitas
261 3010 272 3026 ,

114 3036 196 3079 quid
225 3048 273 3070 ro-

112 3086 222 3121 busta.

105 3342 171 3404 Ep·
194 3369 269 3407 144·

353 202 454 249 21³4

306 274 513 314 aerobustam.
542 269 763 314 ,Quandovenim
770 271 917 309 'Martyres
931 282 1040 315 magna
1049 270 1195 303 illuman-

305 327 380 358 data
386 325 523 365 fecerunt
537 345 548 360 ,
574 332 686 363 magna
693 326 796 362 utique
811 322 973 362 voluntate,
985 321 1034 355 boc
1045 320 1083 359 est
1093 344 1104 360 ‚
1131 331 1194 352 ma-

301 381 366 417 gna
387 375 530 406 charitate
534 370 674 411 fecerunt
689 395 700 410 ,
719 371 767 403 :de'
780 381 840 412 qua
850 370 1001 404 charitate
1011 369 1074 412 ipse
1085 372 1192 401 Domi-

835 184 1321 232 «Drssnntmto
1356 182 1760 232 DOGMA³r1eA²
1815 219 1820 226 .

1258 271 1325 302 tle.
1357 272 1403 303 Et
1425 268 1489 303 baec
1499 271 1638 312 quidem,
1662 277 1807 314 quantum
1827 272 1902 310 mibi
1909 275 2048 317 videtur,
2067 276 2148 312 non-¹³

1255 319 1328 351 dum
1349 319 1387 359 el}
1403 320 1560 362 perfecqa,
1582 321 1642 365 sed
1650 323 1861 362 quodammodo
1873 325 2098 367 adultajustzeia
2125 346 2135 357 ..

1255 367 1308 401 De
1317 370 1432 409 verbis,
1443 374 1617 404 Humanum
1627 373 1702 411 dico,
1719 373 1826 416 pergit
1838 385 1845 405 :
1858 376 1931 406 Non
1933 375 2048 416 frustra?
2054 386 2135 419 ρηο-

305 424 432 456 numu:
460 420 700 462 MAJOREM‘
723 419 828 454 HAG
853 421 1191 455 CHARlTATEM
1253 425 1382 453 mntem
1404 420 1568 461 Apostolus,
1585 421 1857 458 HUMANUM
1883 422 2000 458 mco
2026 426 2135 462 PRO

304 473 446 507 NEMO
474 469 644 503 HABET
668 495 679 511 ,
708 470 854 517 QUAM
883 471 960 507 UT
987 470 1193 506 ANIMAM

1253 466 1382 504 PTER
1429 469 1800 507 1NF1RM1TATEM
1840 473 2014 510 CARNIS
2050 479 2135 514 VE-

302 521 442 556 SUAM
470 519 642 554 PONAT
668 521 765 555 pR0
780 521 852 555 ΑΜ
858 521 943 555 [CIS
954 520 1057 556 5013
1069 545 1084 559 ,,
1090 521 1192 565 Ipsam
1251 516 1397 563 STRAE
1411 543 1422 559 ,
1436 518 1568 562 mfiquta
1575 522 1644 562 plus
1653 523 1772 563 aliquid
1778 526 1935 559 dicendum
1943 524 2006 564 fuit
2018 551 2028 567 ‚
2036 527 2133 569 fijam

300 571 478 604 charitatem
498 570 643 612 Apostolus
666 573 775 604 Petrus
801 573 932 604 nondum
943 570 1070 611 habuit,
1097 584 1191 614 quan·

299 623 336 653 do
349 622 466 654 temere*
477 630 521 653 ter
533 623 694 654 Dominum
705 627 825 667 negavit
838 646 844 652 .
872 625 916 654 Et
927 632 1029 655 tamen
1043 628 1190 664 quamvis

293 680 400 712 parva
425 670 664 712 &imperfe8a,
691 683 750 705 non
776 674 880 704 deerat
893 696 903 711 ‚
929 674 1050 713 quando
1071 673 1186 705 dicebat

296 724 423 755 Domino
443 735 455 754 .·
483 720 689 755 ANIMAM
715 721 865 755 MEAM
893 720 990 756 PRO
1017 722 1085 755 TE
1113 722 1183 757 PO-

297 771 408 804 ΝΛΜ
433 797 441 805 .
473 770 604 804 Putabat
621 770 657 814 se
675 771 752 814 polle
772 773 853 813 quod
872 769 906 813 se
926 771 1003 804 velle
1016 770 1185 814 sentiebat.

297 822 362 855 Dei
387 823 480 866 super
502 823 616 856 omnia
639 822 748 865 quoad
762 820 865 855 solum
878 820 1041 855 adfeistum
1055 822 1183 856 dileetio

288 871 340 904 ,est
361 871 417 906 illa
444 883 506 915 qua
530 873 606 906 Deo
630 872 743 905 servire
767 894 778 912 ,
803 871 938 904 obedire
959 871 1025 913 ejus
1045 872 1183 908 manda·-

297 920 361 961 tis,
386 922 420 955 δε
446 923 530 956 mori
556 921 666 965 potius
687 921 786 965 quam
810 922 845 954 in
872 931 986 955 eorum
1002 924 1182 966 praevarica-

296 971 421 1006 tionem
446 972 511 1006 labi
538 971 691 1006 volumus
713 973 748 1006 dc
771 970 988 1014 spondemus;
1016 983 1079 1015 qua
1101 974 1180 1008 item

294 1023 447 1056 mandata
476 1022 533 1056 illa
545 1047 556 1062 ‚
581 1019 659 1055 dum
674 1020 764 1056 nulla
776 1021 922 1055 fortioris
933 1023 1127 1057 tentationis
1139 1025 1180 1057 il—

292 1071 415 1107 lecebra
443 1082 498 1106 aut
522 1072 681 1106 violentia
701 1081 763 1106 nos
775 1072 900 1114 pulsat,
927 1072 1068 1107 omnino
1081 1074 1179 1107 adim·

290 1122 440 1165 plemus,
468 1120 581 1155 vetum
606 1122 827 1156 tentationum
852 1121 984 1155 istarum
1008 1123 1176 1158 vincenda-

289 1181 362 1205 rum
390 1173 470 1205 vires
479 1171 619 1206 necdum
632 1170 789 1205 habemus
801 1195 808 1202 .
836 1170 1047 1214 Aptissimum
1059 1173 1100 1206 ad
1112 1171 1176 1208 haec

289 1221 484 1265 exponenda
509 1222 554 1254 est
577 1222 677 1254 sancti
691 1220 778 1255 Petri
792 1220 944 1264 Apostoli
965 1223 1152 1265 exemplum
1168 1249 1175 1256 .

288 1270 423 1306 Etenim
447 1272 480 1304 in
503 1271 675 1305 noviffima
699 1282 793 1309 coena
808 1295 819 1312 ‚
845 1271 925 1304 dum
950 1271 1046 1315 pedes
1071 1274 1175 1309 seule-

287 1323 392 1356 viores
416 1322 605 1355 delictorum
628 1321 817 1355 testantium
841 1321 994 1365 reliquias
1009 1322 1027 1356 ὲ
1051 1323 1172 1358 Domi—

285 1384 333 1406 no
353 1371 481 1405 ablutus
516 1371 694 1414 spondebat
714 1381 789 1405 cum
813 1371 931 1405 eodem
953 1371 987 1405 in
1013 1383 1170 1408 carcerem

287 1422 319 1455 ἀ
341 1422 375 1456 in
405 1432 542 1456 mortem
566 1423 634 1461 ire,
662 1421 849 1455 Dominum
874 1423 1165 1464 superomniaom-

284 1471 367 1505 nino
394 1471 573 1516 diligeba13
603 1473 711 1504 verum
725 1472 850 1505 adffflu
864 1471 990 1506 tantum
1005 1496 1015 1512 ,
1029 1474 1167 1507 necdum

285 1523 406 1556 viribus
426 1524 459 1556 ἀ
479 1522 612 1555 effectu:
643 1522 746 1569 Qod
769 1522 858 1554 enim
882 1533 952 1565 quae
976 1523 1105 1558 volebat
1129 1536 1165 1558 ac

285 1572 466 1616 spondebat
480 1572 620 1605 necdum
636 1573 738 1615 posset
750 1573 800 1604 seu
815 1572 956 1612 valeret,
980 1571 1108 1607 ostiaria
1119 1573 1163 1616 ju·

282 1623 368 1656 daici
384 1622 558 1657 pontificis
577 1619 866 1656 ancillaostendit.
896 1622 1044 1656 Eandem
1056 1623 1166 1657 distin-

282 1671 422 1706 &ionem
436 1673 561 1706 sanstus
572 1671 895 1716 Augustinuslaudat
911 1673 945 1706 in
960 1671 1044 1707 libro
1055 1673 1095 1708 de
1106 1673 1166 1708 Pa-

282 1723 423 1757 storibus
437 1736 448 1757 ,-
475 1723 630 1755 Attendite
650 1723 716 1754 illos
736 1721 866 1755 homines
887 1723 1021 1756 volentes
1040 1723 1111 1759 bene*
1123 1727 1168 1758 va·-

281 1783 374 1814 vere,
395 1775 465 1814 jam
482 1771 740 1812 statuenteshbene'
762 1777 867 1805 vivere
890 1795 900 1811 ,
927 1774 961 1806 (εἰ
987 1775 1087 1807 minus
1108 1777 1167 1808 ido-

280 1835 349 1856 neor
369 1824 448 1855 mala
463 1827 553 1863 pati,
567 1821 640 1863 ficut
656 1826 762 1864 parati
780 1820 853 1864 sunt
874 1821 951 1855 bona
967 1822 1096 1863 facere,
1123 1826 1166 1858 Et

282 1873 322 1907 dc
336 1875 432 1907 fausti
450 1872 536 1907 Petri
554 1873 762 1917 promissione
777 1871 899 1906 tursum
911 1872 990 1907 dicit
1002 1873 1035 1906 in
1049 1875 1169 1909 sermo-

282 1923 378 1958 nibus
401 1924 441 1958 de
465 1933 629 1968 tempore:
659 1927 763 1958 Petrur
777 1926 899 1957 necdum
911 1928 992 1957 vlres
1002 1932 1164 1967 acceperat,

282 1974 390 2017 quibus
417 1978 551 2016 impleret
570 1978 752 2018 promissum.
780 1974 822 2008 Et
835 1975 949 2009 iterum
966 1976 997 2008 in
1011 1975 1079 2009 alio
1102 1976 1165 2009 ser-

282 2036 403 2059 mone:
433 2029 506 2058 Fuit
528 2026 646 2067 quidem
661 2025 801 2059 Domini
820 2024 955 2059 dilectio
975 2030 1009 2057 in
1031 2027 1167 2059 volunta-

280 2084 331 2116 te,
353 2074 410 2119 sed
430 2075 559 2116 nonfuit
582 2081 613 2108 in
634 2080 772 2115 virtute,
794 2073 866 2115 sicut
885 2073 946 2117 ipse
957 2077 1100 2109 Dominus
1124 2077 1169 2108 di-

281 2131 328 2158 xit
350 2150 360 2164 ,
397 2125 618 2160 SPIRITUS
655 2125 857 2172 QUloEM
896 2125 1168 2160 PROMPTUS

281 2175 393 2216 EST,
419 2175 553 2209 CARO
582 2175 769 2209 AUTEM
795 2174 1002 2208 INFIRMA
1019 2200 1027 2207 .
1057 2176 1166 2209 Etiam

282 2225 369 2268 apud
383 2226 529 2258 sanetum
544 2223 683 2258 Paulum
698 2224 896 2267 Apostolum
906 2224 969 2257 alia
984 2224 1066 2258 velle
1076 2226 1166 2258 dum·

283 2285 398 2315 taxat,
424 2275 486 2307 alia
510 2275 613 2319 gratia
628 2276 659 2307 in
676 2274 771 2308 nobis
790 2274 982 2317 operatur&
995 2276 1170 2318 perficere3

282 2325 364 2358 alius
374 2323 481 2358 adhuc
495 2325 643 2358 infirmus
654 2323 743 2358 estin
759 2325 835 2364 fide,
846 2324 927 2357 alius
940 2334 1046 2358 autem
1059 2319 1183 2397 adhuc'

283 2374 434 2408 robustus
452 2375 486 2408 ὃς
505 2375 638 2415 firmus,
667 2385 703 2408 ut
724 2385 830 2418 neque
853 2385 938 2407 mors
955 2398 966 2413 ,
994 2385 1100 2418 neque
1124 2375 1164 2408 vi-

282 2433 316 2458 ta
330 2446 340 2461 ,
367 2435 470 2467 neque
485 2425 629 2458 infernus
641 2447 650 2462 ‚
677 2435 785 2467 neque
798 2424 947 2468 Angelus
957 2448 968 2463 ,
981 2435 1085 2467 neque
1099 2424 1168 2458 Po-

282 2474 380 2507 testas
392 2498 401 2513 ,
428 2484 532 2513 neque
547 2472 643 2506 ullius
654 2483 906 2508 creaturaeamor
928 2484 985 2507 aut
998 2485 1102 2508 metus
1124 2474 1163 2507 se-

283 2534 393 2567 parare
406 2521 719 2566 poffitacharitate,
750 2534 820 2564 quae
843 2523 887 2557 est
911 2522 946 2557 in
967 2522 1100 2558 Christo
1120 2525 1166 2567 Je-

283 2575 319 2607 su
331 2599 338 2606 .
368 2573 408 2607 Et
433 2572 512 2607 hinc
532 2571 730 2607 sacrosaneta
744 2572 946 2607 Tridentina
958 2574 1110 2615 Synodus
1124 2586 1166 2609 re·

282 2623 417 2657 stimme
442 2624 475 2658 in
501 2622 573 2656 fidei
588 2623 759 2657 Canonem
773 2623 889 2666 recepit
904 2622 971 2657 haec
989 2624 1165 2668 Augustini

284 2674 397 2710 verba:
427 2678 507 2707 Deut
515 2673 691 2715 impossibilia
703 2685 761 2706 non
765 2674 853 2714 jubet
866 2699 875 2714 ,
899 2672 956 2716 sed
963 2674 1098 2714 jubendo
1108 2687 1166 2708 mo·

283 2733 335 2758 net
357 2725 391 2758 &⁹
402 2723 507 2766 facere
523 2725 602 2766 quod
618 2725 722 2766 poffis'‚
747 2725 781 2758 Θ
792 2731 890 2764 petere
903 2725 982 2766 quod
990 2736 1048 2757 non
1056 2726 1140 2765 poffit
1157 2748 1167 2765 ,

283 2824 368 2859 bene
387 2824 532 2859 notanda
544 2849 551 2856 .

333 2876 425 2921 Qas
448 2875 574 2909 nutritae
596 2873 747 2913 charitati
768 2870 850 2911 v'ites
873 2876 997 2908 sanetus
1016 2873 1167 2920 Augusti-

287 2936 348 2959 nus
356 2925 479 2967 praecise
491 2925 647 2959 adscribat
659 2949 671 2966 ,
698 2926 797 2971 longa
807 2926 851 2959 est
864 2925 1014 2959 discuffio
1025 2950 1035 2965 ,
1063 2928 1097 2959 ὅε
1112 2938 1167 2960 no-

287 2975 351 3007 stro
364 2976 528 3017 proposito
542 2987 607 3008 non
618 2977 805 3010 necessaria.
820 2975 977 3009 Adultam
993 2975 1068 3007 vero
1079 2976 1111 3008 δε
1121 2988 1166 3008 ro-

288 3024 413 3058 bustam
440 3023 629 3058 charitatem
654 3037 799 3068 patenter
819 3026 999 3068 exponitin
1016 3026 1115 3058 literis
1126 3026 1164 3058 ad

289 3074 493 3108 Anastafium
507 3075 701 3118 Episcopum
713 3101 723 3115 ‚
747 3076 787 3109 de
801 3075 954 3119 Apostoli
971 3074 1090 3107 verbis:
1107 3081 1167 3108 Hu-

262 3132 265 3135 ·
287 3134 409 3156 manum
430 3125 493 3156 dico
512 3133 631 3165 propter
652 3126 860 3167 infirmitatem
869 3132 972 3161 carnis
985 3124 1110 3165 vestrae,
1131 3125 1165 3167 fi-

287 3183 336 3206 cut
357 3180 437 3207 enim
460 3174 628 3214 exhibuistis
639 3176 771 3207 membra
782 3177 879 3216 vestra
885 3177 1002 3220 servire
1011 3178 1165 3207 immundi>

285 3230 339 3259 tiae
359 3226 397 3260 Θ,
405 3229 559 3267 iniquitati
570 3227 614 3257 ad
621 3226 841 3258 immundatiam
855 3251 863 3265 ,
890 3233 935 3260 ita
961 3235 1036 3259 nunc
1055 3225 1166 3257 exhibi-

285 3289 315 3314 te
335 3278 468 3312 membra
489 3276 586 3316 vestra
606 3275 753 3317 diservire
769 3276 894 3317 justitiae
915 3278 961 3309 ad
964 3274 1167 3318 sancqificatio-

285 3341 374 3370 nem,
401 3329 543 3362 scribens
566 3326 599 3358 in
612 3325 699 3358 hunc
722 3327 877 3359 modurn:
906 3324 1116 3370 ‚Quideftficut
1128 3328 1168 3358 il-

284 3381 362 3420 lud,
387 3383 432 3411 ita
453 3380 486 3412 Θ
507 3376 575 3415 boc,
604 3377 660 3416 nisi
674 3377 915 3418 quemadmodum
937 3377 1182 3419 adpeccandumss

286 3429 383 3463 nullus
394 3440 449 3461 vos
460 3427 578 3472 cogebat
589 3432 675 3459 timor
685 3450 695 3464 ,
719 3424 775 3466 sed
783 3426 869 3466 ipsius
879 3427 971 3459 libido
982 3451 992 3466 ,
1018 3425 1168 3467 voluptas-

286 3489 342 3522 que
357 3485 492 3521 peccati‚
512 3477 551 3520 fic
565 3479 609 3509 ad
620 3475 701 3519 juste*
722 3477 887 3508 vivendum
900 3488 956 3509 non
967 3488 1021 3510 vos
1027 3475 1167 3519 supplicii

284 3537 380 3564 metus
401 3530 527 3573 urgeat3
548 3526 607 3571 sed
625 3529 715 3562 ducat
727 3524 878 3559 delet‘latio
889 3526 1075 3571 charitasque
1084 3524 1168 3567 justr-

1250 570 1296 600 tm
1306 592 1317 608 ,
1329 569 1472 603 Rotnani
1485 594 1495 610 ‚
1506 571 1616 604 fideles
1628 570 1729 611 ‚ferre
1736 576 1891 617 potuissent
1908 601 1915 608 .
1937 578 2012 609 Plus
2024 584 2133 620 quippe

1245 616 1404 661 servitutis
1427 619 1544 653 debetur
1559 621 1687 660 justm'ae
1701 644 1712 660 ‚
1733 634 1827 664 quam
1835 634 1954 667 peccato
1959 625 2075 668 soleant
2084 628 2133 661 ho-

1249 674 1346 701 mines
1365 668 1503 716 exhibere
1512 694 1519 702 .
1547 675 1635 703 Nam
1651 680 1744 713 poena
1755 682 1881 716 corpms
1893 701 1904 717 ,
1915 675 1966 718 etfi
1972 689 2029 710 non
2043 680 2063 710 ἃ
2082 691 2133 712 vo-

1247 718 1361 752 luntate
1373 743 1384 759 ,
1410 730 1511 755 tamen
1520 731 1639 755 revocat
1649 722 1689 754 ab
1699 730 1783 763 opere
1801 731 1916 766 peceat!
1928 750 1935 758 .
1964 732 1999 760 N
2002 739 2031 762 ec
2034 728 2132 769 faede

1247 767 1405 812 quisquam
1426 769 1464 809 est
1486 778 1538 814 qut
1549 778 1713 810 committat
1725 785 1782 814 quo
1793 777 1975 809 immundam
1982 784 2132 821 percipias

1247 820 1456 861 voluptatem,
1482 821 1513 863 fi
1517 827 1660 856 cruciatus
1674 823 1820 857 vindtt‘lae
1831 828 2131 869 certumessrconttnuo
2224 848 2225 851 ¹
2271 861 2277 865 .
2314 845 2318 862 ι

1241 867 1410 911 secuturos.
1430 873 1462 914 J
1466 871 1565 911 ustm‘a
1586 875 1656 906 vero
1670 873 1711 914 fic
1723 876 1857 908 amanda
1869 876 1926 916 est,
1955 884 1989 909 ut
1999 878 2047 910 sab
2065 881 2131 919 ejus

1244 919 1377 960 operibus
1393 926 1485 954 etiam
1502 930 1601 962 poenae
1627 924 1790 965 corporales
1801 925 1992 962 nosfobtbere
2002 939 2061 960 non
2078 929 2133 963 de·

1244 969 1331 1002 beant
1346 993 1356 1009 ,
1380 979 1471 1013 atque
1492 978 1571 1005 inter
1590 985 1699 1006 manus
1721 977 1879 1011 crudeltum
1891 982 2071 1011 inimicorum
2086 980 2131 1012 lu·
2172 995 2174 997 ·

1242 1027 1329 1051 ceant
1340 1027 1426 1061 opera
1437 1021 1531 1059 nostra
1540 1033 1639 1056 coram
1651 1023 1817 1058 bominibut
1831 1051 1841 1066 ‚
1854 1036 1887 1058 ut
1900 1027 2005 1069 quibus
2012 1031 2132 1070 placere
2176 1046 2178 1049 ·

1238 1070 1353 1111 poffunt
1365 1092 1376 1109 ,
1395 1071 1557 1113 glorificent
1570 1077 1692 1107 Patrem
1704 1074 1829 1114 nostrum
1839 1099 1850 1116 ,
1878 1082 1971 1118 quiin
1981 1080 2058 1111 coeli‘s
2071 1078 2126 1118 est.

1241 1123 1259 1150 5
1260 1119 1320 1152 icut
1330 1122 1398 1161 ergo
1408 1122 1458 1154 elle
1468 1121 1506 1161 est
1516 1125 1699 1164 nequffmus
1707 1149 1719 1165 ,
1745 1136 1814 1168 quae
1825 1137 1876 1159 nec
1883 1135 1982 1168 poenae
1995 1137 2129 1169 corpora·

1238 1169 1283 1201 les
1301 1170 1454 1203 deterrent
1467 1170 1506 1204 ab
1515 1176 1679 1207 immundis
1695 1175 1830 1217 operibus
1840 1175 1973 1219 sordidae
1990 1179 2128 1220 volupta-

1239 1225 1281 1251 tis
1294 1243 1306 1259 ,
1333 1225 1379 1253 ita
1390 1221 1440 1253 ille
1448 1221 1612 1261 iusttffimus
1626 1230 1699 1267 ‚qui
1711 1234 1923 1267 necpoenarum
1931 1230 2126 1269 corporalium
2178 1246 2191 1262 ·.
2224 1246 2227 1251 ·

1237 1276 1347 1303 terrore
1376 1281 1532 1304 revocatur
1564 1275 1585 1306 ἃ
1611 1273 1728 1316 fandis
1755 1275 1888 1316 operibus
1910 1275 2123 1317 lumtnofiffimae
2176 1309 2179 1312 ⁴

1236 1318 1412 1353 charitatis.
1440 1321 1547 1361 Eam,
1574 1334 1644 1366 quae
1666 1324 1750 1358 solas
1761 1325 1877 1358 mundi
1893 1326 2001 1360 suaves
2012 1327 2132 1366 1ibidi·,
2188 1349 2192 1354 ·

1238 1380 1311 1408 nes,
1338 1371 1485 1404 adultam
1507 1383 1517 1414 ;
1546 1383 1616 1416 quat
1637 1374 1767 1417 insuper
1792 1383 2030 1410 tormentorum
2042 1387 2126 1419 quo-

1234 1419 1355 1454 rumvis
1375 1431 1474 1464 atque
1495 1422 1591 1464 ipfius
1617 1423 1716 1458 etiam
1731 1427 1846 1459 mortis
1867 1427 2122 1463 terrores&vio,·

1234 1469 1350 1504 lentias
1371 1471 1524 1513 superare
1541 1472 1656 1515 poffit,
1679 1473 1726 1507 ait
1747 1475 1810 1509 esse
1820 1473 2013 1512 charitatem
2026 1475 2124 1512 robu-

1235 1520 1314 1554 stam
1328 1544 1335 1552 .
1363 1519 1552 1555 Denstffima
1572 1523 1606 1556 dc
1619 1522 1812 1558 lucidiffima
1823 1525 1867 1559 est
1884 1525 1952 1560 haec
1967 1528 2123 1572 Augusti-

1232 1570 1265 1602 ni
1279 1570 1423 1604 doctrina
1437 1594 1447 1611 ‚
1471 1571 1562 1615 cujus
1573 1571 1762 1608 testimonia
1774 1576 1886 1610 omnia
1898 1577 1953 1620 qui
1967 1577 2122 1612 describe·
2176 1598 2179 1603 ι

1233 1631 1265 1653 re
1278 1620 1420 1654 voluerit
1432 1645 1442 1660 ,
1473 1621 1623 1664 implebit
1638 1622 1762 1667 grande
1774 1626 1930 1661 volumen
1944 1652 1951 1660 .
1980 1627 2021 1662 Et
2033 1626 2120 1662 hanc

1231 1668 1423 1704 charitatem
1445 1668 1585 1705 habuere
1600 1672 1764 1716 Martyres
1775 1686 1911 1717 omneS,
1934 1675 2120 1720 habereque
2136 1710 2138 1712 .

1231 1718 1349 1756 debent
1364 1720 1512 1754 Ecclesia:
1525 1720 1671 1755 pastores
1682 1747 1692 1763 ,
1720 1725 1835 1767 utpote
1854 1736 1994 1768 quorum
2009 1728 2044 1760 fit
2059 1739 2119 1769 pro

1231 1771 1382 1808 fratribus
1394 1773 1519 1805 animas
1533 1782 1653 1814 ponere
1663 1795 1673 1811 ‚
1685 1773 1720 1807 ἀ
1735 1773 1851 1809 habere
1863 1786 1930 1810 non
1944 1788 2027 1810 vana
2038 1787 2119 1811 mar-

1231 1819 1473 1863 tyriidefideria
1484 1846 1495 1862 ,
1523 1820 1686 1862 sedsfidem
1700 1823 1847 1868 Mat-tyre
1857 1824 1994 1871 dignam
2007 1851 2017 1860 .
2214 1865 2222 1872 ,

1281 1869 1405 1904 Nostro
1427 1870 1462 1903 in
1484 1882 1620 1915 corpore
1632 1871 1761 1908 robusta
1773 1885 1847 1909 aetas
1861 1876 1990 1920 ¹semper
2001 1877 2118 1922 suppo·
2135 1863 2292 1922 ‚submde
2353 1879 2359 1914 ς’

1232 1920 1281 1954 nit
1295 1919 1484 1954 acincludit
1495 1921 1644 1955 adultam
1659 1946 1670 1962 ‚
1696 1933 1857 1969 nemoque
1866 1925 1910 1959 est
1921 1925 2017 1970 plene
2040 1927 2116 1961 vali·
2134 1924 2221 1972 '⁰²5¹'
2260 1917 2292 1950 s‘·
2326 1961 2331 1966 .

1231 1970 1291 2004 dus
1306 1994 1317 2010 ,
1345 1971 1399 2003 nisi
1425 1970 1518 2013 plene
1539 1972 1688 2006 adultus:
1716 1974 1798 2008 Non
1819 1976 1862 2010 fic
1875 1976 1908 2010 in
1922 1975 2081 2011 charitate
2105 2002 2113 2011 .
2133 1963 2219 2023 ν’,ηὲ
2241 1967 2302 2000 ὥ·’

1232 2020 1342 2054 Plures
1357 2022 1445 2055 enim
1468 2022 1529 2054 esse
1547 2032 1585 2056 ac
1609 2023 1702 2056 fuisse
1728 2024 1877 2060 mulieres
1905 2050 1916 2068 ,
1943 2038 2013 2071 quae
2035 2016 2266 2065 mat-‹m'scen‘

1231 2082 1319 2114 tyres
1338 2071 1400 2105 esse
1425 2071 1562 2115 poss‘mt,
1589 2071 1623 2105 &
1640 2082 1746 2109 tamen
1772 2086 1935 2119 nequeant
1958 2077 2113 2122 Virgines
2131 2075 2202 2098 ω’·

1232 2132 1437 2164 permanere,
1464 2121 1602 2157 advertit
1623 2122 1656 2156 in
1672 2122 1756 2158 libro
1766 2124 1807 2159 de
1821 2126 1911 2161 bono
1922 2122 2088 2172 conjugali
2101 2152 2113 2168 ,
2130 2126 2197 2157 cap·
2235 2124 2290 2165 23·

1231 2172 1264 2204 δι
1288 2172 1322 2205 in
1346 2171 1429 2204 libro
1440 2171 1479 2205 de
1490 2174 1592 2206 sancta
1606 2173 1795 2218 virginitate
1817 2175 1852 2208 B.
1873 2176 2080 2222 Augustinus
2106 2202 2113 2210 .
2130 2176 2200 2207 cap·
2224 2175 2285 2211 44·

1232 2221 1401 2266 Qosdam
1415 2220 1490 2254 item
1504 2222 1536 2255 in
1549 2223 1690 2266 equuleo
1705 2247 1716 2263 ,
1743 2227 1876 2269 ungulis
1890 2250 1898 2263 ,
1926 2228 2062 2268 catasta,
2078 2228 2113 2263 ὃ(
2132 2226 2190 2263 47·

1230 2275 1302 2304 alus
1328 2270 1494 2314 exquisitis
1524 2271 1699 2316 gentilium
1727 2276 1898 2309 tormentis
1923 2278 2015 2311 fuiffe
2035 2289 2116 2311 con·

1230 2321 1437 2354 stantiffimos
1449 2346 1459 2361 ‚
1485 2321 1524 2354 ad
1540 2322 1634 2366 Regii
1645 2332 1752 2357 autem
1764 2323 1830 2357 fisci
1842 2324 1971 2366 minas,
1989 2327 2022 2359 ὅ(
2035 2326 2114 2360 inde

1233 2372 1410 2404 secuturam
1435 2372 1562 2404 suarum
1588 2372 1727 2414 prolium
1749 2383 1933 2418 perpetuam
1949 2386 2113 2419 pauperta-

1229 2429 1294 2453 tem
1323 2421 1471 2454 defecisse
1486 2422 1504 2454 ἐι
1517 2421 1634 2456 Divini
1648 2421 1792 2457 nominis
1811 2426 2032 2465 confeffione,
2058 2437 2113 2459 au-

1229 2470 1373 2504 thentica
1395 2470 1581 2513 Martyrum
1600 2471 1683 2506 Asta
1704 2472 1881 2508 testantur.
1910 2475 1953 2508 Et
1964 2474 2112 2509 adversus

1231 2521 1429 2554 Dioscorum
1451 2545 1461 2561 ,
1505 2522 1560 2565 qui
1592 2521 1810 2557 orthodoxos
1849 2524 2026 2568 Episcopos
2054 2525 2113 2560 sub

1230 2572 1383 2613 impositae
1397 2568 1518 2604 haerefis
1538 2571 1616 2610 fuco
1627 2580 1793 2616 tamquam
1806 2573 2021 2608 Orthodoxiae
2033 2574 2114 2609 Prae-

1229 2623 1274 2655 ses
1295 2621 1463 2654 damnarat
1482 2621 1516 2655 in
1534 2620 1697 2664 Ephesin‘o
1721 2623 1897 2657 latrocinio
1914 2648 1924 2664 ,
1952 2625 1987 2659 in
2010 2626 2116 2668 Syno-

1228 2671 1272 2705 do
1290 2669 1548 2705 Chalcedonensi
1577 2671 1772 2706 exclamavit
1783 2673 1918 2708 Basilius
1932 2675 2112 2720 Seleupien-

2360 2051 2366 2085 ἑ

2362 2091 2366 2103 Ί

2289 2497 2293 2505 s
2353 2128 2366 2522 Ι

2354 1812 2366 1855 >l

1229 2723 1265 2754 fis
1292 2721 1492 2764 Episcopus,
1522 2722 1705 2755 isaurorum
1720 2722 1956 2766 Metropolita:
1984 2727 2015 2758 51
2028 2725 2115 2766 apud
2132 2715 2203 2752 Ast·
2230 2726 2257 2752 1·
2276 2704 2289 2720 ⁴

285 2777 462 2816 &adjuvat
473 2782 506 2807 ut
515 2776 617 2816 poffix.
646 2773 728 2807 Haec
750 2772 917 2808 charitatis
940 2774 1106 2810 distinctio
1121 2774 1166 2809 est
1207 2792 1209 2794 -
1222 2772 1355 2816 Judtces
1379 2770 1558 2814 habuissem,
1584 2771 1975 2817 martyriumsullinuiffem.
2003 2775 2107 2820 Qod
2336 2777 2342 2784 ’“

1231 2823 1333 2864 ipsum
1356 2821 1397 2854 ad
1420 2821 1654 2856 Constantium
1676 2822 1864 2867 Augustum
1877 2824 1964 2858 dixit
1977 2824 2111 2858 sanctus

1228 2872 1377 2905 Hilarius
1410 2871 1587 2915 Episcopus
1609 2872 1814 2907 Piaavienfis
1840 2898 1848 2905 .
1875 2873 2066 2907 Maluiffent
2091 2873 2110 2907 ὲ

1230 2921 1407 2965 gentilibus
1434 2923 1583 2964 tyrannis
1601 2932 1769 2965 tamquam
1782 2921 1958 2957 Christiani
1971 2922 2110 2958 trucida-

1229 2973 1276 3012 ti,
1303 2983 1401 3015 quam
1423 2971 1440 3004 ὲ
1458 2971 1686 3006 simulantibus
1707 2972 1953 3007 orthodoxiam
1977 2971 2110 3018 Episco-

1231 3022 1275 3063 pis
1306 3030 1361 3055 aut
1395 3021 1542 3066 Regibus
1575 3033 1740 3065 tamquam
1762 3022 1902 3056 haeretici
1924 3024 2071 3057 damnari
2098 3035 2110 3058 z

1231 3071 1307 3105 Vita
1332 3083 1429 3115 quam
1454 3074 1539 3106 fama
1559 3071 1670 3116 inique
1683 3072 1813 3115 spoliari
1830 3098 1839 3106 .
1870 3073 2040 3115 Ejusmodi
2054 3085 2108 3107 va-

1228 3123 1289 3155 rias
1310 3122 1428 3156 adultae
1453 3123 1488 3157 δε
1514 3122 1653 3156 robustae
1686 3122 1853 3156 charitatis
1874 3124 2110 3165 permixtiones

1228 3172 1260 3204 in
1289 3171 1440 3208 humanis
1460 3172 1627 3206 mentibus
1649 3171 1720 3215 figit
1739 3183 1779 3204 ex
1804 3174 1943 3207 occultis
1965 3175 2026 3207 suae
2041 3183 2110 3216 pro-

1228 3222 1376 3256 videntiae
1396 3222 1575 3256 rationibus
1593 3222 1719 3257 Divina
1732 3220 1885 3264 Majestas
1898 3248 1908 3263 ,
1935 3223 2109 3265 scribitque

1226 3272 1266 3305 de
1289 3272 1353 3307 illis
1370 3274 1401 3306 in
1417 3272 1500 3307 libro
1512 3272 1553 3306 de
1565 3272 1676 3304 Santra
1690 3269 1894 3314 Virginitate
1907 3274 2027 3307 Beatus
2041 3273 2106 3314 Au·
2260 3308 2262 3310 .

1226 3321 1398 3366 gustinus:
1428 3327 1539 3356 Latent
1568 3320 1620 3361 ista
1641 3327 1674 3352 in
1689 3319 1889 3362 facultatibus
1910 3329 2076 3356 animorum
2096 3346 2106 3362 ,
2123 3329 2191 3360 cap.
2222 3327 2276 3366 47.

1226 3378 1387 3406 tentatione
1396 3375 1593 3415 panduntur,
1621 3376 1806 3412 experientia
1813 3374 2011 3415 propalantur
2024 3395 2031 3402 .
2122 3368 2213 3414 Qid
2238 3371 2275 3402 sit

1277 3421 1454 3457 perfectam
1475 3421 1570 3463 hujus
1584 3420 1656 3453 vitae
1667 3421 1856 3456 charitatem
1870 3423 2006 3465 exponit
2018 3419 2103 3454 idem
2123 3419 2257 3461 perfecta

1226 3471 1340 3505 dostor
1383 3474 1418 3507 in
1455 3469 1640 3505 tractatibus
1672 3473 1763 3514 super
1792 3471 1971 3515 Epistulam
2005 3472 2102 3504 sancti
2122 3467 2268 3502 charitas.

1226 3521 1360 3565 Ioannis
1388 3521 1563 3566 Apostoli:
1589 3522 1661 3555 Sunt
1685 3520 1818 3562 hommes
1842 3527 1895 3566 qut
1914 3527 2103 3565 campanen·
2121 3517 2273 3563 Tadi-9.

2011 3575 2055 3605 tia

2353 3677 2357 3736 ἱ

2319 3436 2321 3438 ψ
2362 3377 2366 3454 5

2359 3467 2363 3531 ⁴
