2366 3736
402 129 495 160 112

356 211 520 247 coeperat,
547 202 581 238 ὅ(
598 209 741 245 paganos
766 194 994 235 Nortmannos
1013 197 1125 235 denuo
1137 210 1230 233 voca-

355 263 444 287 verat
465 252 500 287 in
514 252 672 286 auxilium
690 274 697 281 .
723 250 816 282 Hinc
828 249 947 283 factum
958 248 1002 282 est
1021 250 1110 292 quod
1134 251 1228 284 refert

354 302 507 346 antiquus
530 301 666 340 Codex,
690 309 804 332 extans
827 300 860 332 in
885 299 1034 333 Remenfi
1057 299 1229 333 Monaste-

355 352 404 386 rio
417 353 513 387 saneti
532 349 676 393 Remigii
690 362 702 385 ,-
731 351 817 382 Anna
839 350 999 385 Dominicae
1012 353 1228 385 Incarnatz'onis

355 399 564 446 nongentesimo
582 396 714 444 vigefimo
752 404 854 440 tertio,
893 398 1094 442 Episcopatus
1130 409 1228 433 autem

354 455 474 484 Domini
484 449 602 490 seulphi·
608 449 737 491 secundo
748 474 760 488 ,
783 457 987 485 convenientes
1005 446 1027 492 s
1023 448 1102 483 anesii·
1114 452 1221 483 Patres

352 500 494 541 Seulphus
513 498 620 542 scilicet
631 503 787 533 Remorum
808 499 924 532 Archi-
938 498 1098 543 Eptscopus
1111 525 1121 540 ,
1148 500 1228 534 Abho

349 551 523 589 sueffionicae
538 550 624 583 Urbis
638 550 823 592 Epiftopus‚
853 551 1018 583 Adelelmus
1047 552 1224 583 Laudunen-

344 598 402 643 fis,
429 599 597 641 Stephanus
623 599 861 642 Cameracensis,
886 605 957 633 item
981 600 1144 634 adelelmus
1174 601 1226 638 syl-

347 647 551 690 vwn'lenfis,
581 651 727 684 attardus
746 649 902 686 tunt-inibi
925 652 1083 683 ordinatus
1109 655 1223 683 Novio-

345 698 484 743 magenfis
502 724 517 741 a
543 711 607 732 cum
635 710 806 735 caeterorum
829 698 959 743 eiusdem
980 698 1126 740 Remensis
1147 703 1224 733 Dioe-

344 749 432 795 ceseos
455 749 664 793 Episcoporum
676 754 799 795 Legatis
822 753 1019 784 decreverunt
1038 749 1218 791 bancpoeni-

343 806 471 833 tentiam
492 800 538 833 bis
552 825 562 840 ,
587 807 639 843 qui
665 801 738 835 bello
755 801 890 840 Sueffione
909 808 990 834 inter
1013 800 1175 836 Robertum
1191 802 1224 834 (9²

345 851 487 884 Carolum
507 851 571 884 at‘Jo
591 851 794 892 interfuerant
809 875 820 891 ,
845 852 1062 897 injungendam
1075 874 1082 882 .
1113 850 1222 884 Poeni-

341 901 445 934 tentia
467 902 660 944 exprimitur
674 916 683 934 :
711 901 795 935 Satis
807 901 887 936 dura
904 926 911 933 .
940 901 1124 944 imponitur
1146 901 1222 934 utri-

340 952 442 994 usque
459 953 556 994 partis
582 949 745 985 militibus
774 976 781 983 .
812 952 852 984 Et
871 953 1006 995 ‘quidem
1039 949 1220 995 Seulphus‚

340 1011 411 1034 non
437 1001 545 1037 minus
557 1011 655 1044 quam
683 1001 869 1043 Herivaeus,
899 1002 1026 1035 favebat
1050 1001 1219 1034 Roberto.

338 1050 472 1085 Etenim
485 1050 552 1091 ejus
576 1053 717 1086 sororem
738 1052 910 1092 Emmam,
937 1063 1006 1095 quae
1028 1052 1133 1087 fratris
1160 1050 1218 1084 Re-

335 1112 440 1145 gnum
455 1101 604 1136 devolvit
631 1101 663 1136 in
679 1102 833 1137 maritum
857 1102 1099 1144 Rudolphum‚
1129 1101 1215 1143 post-

336 1150 439 1184 modo
465 1150 655 1185 solemniter
667 1151 859 1186 coronavit.
888 1152 961 1185 Nec
984 1150 1219 1189 dubitandum,

335 1201 416 1244 quin
440 1201 471 1234 ὅ(
493 1201 634 1234 Carolus
656 1202 741 1235 inter
767 1201 949 1244 Episcopos
968 1199 1117 1237 habuerit
1145 1201 1216 1233 suos

334 1251 495 1284 fautores.
524 1249 650 1286 Verum
665 1250 818 1294 Episcopi
833 1250 988 1284 tuncsine
1017 1251 1074 1284 suo
1094 1248 1218 1293 judicio

332 1300 490 1335 nolebant
530 1299 625 1334 bellis
668 1300 825 1337 infestari
852 1300 1076 1335 Christianum
1121 1311 1220 1343 popu

333 1351 423 1391 lum,
451 1350 591 1394 ideoque
612 1349 705 1384 aliter
729 1349 885 1386 inchoata
907 1349 992 1403 bella
1011 1350 1089 1385 dure
1113 1349 1217 1394 flagel-

334 1400 469 1436 labant.

384 1451 483 1484 Hanc
519 1450 732 1485 reverentiam
764 1431 964 1485 Francorum
996 1449 1078 1484 olim
1111 1449 1220 1494 Reges

333 1500 535 1545 singulariter
563 1499 758 1534 detulerunt
781 1500 856 1535 Sedi
882 1499 1103 1543 Apostolicae.
1131 1499 1218 1534 Salo-

334 1562 414 1585 mon
438 1550 615 1586 Britonum
641 1551 720 1585 Dux
748 1573 758 1589 ‚
784 1549 927 1593 Majores
946 1551 1021 1585 suos
1046 1550 1192 1586 imitatus
1208 1571 1218 1589 ,

333 1598 471 1634 vexabat
498 1612 566 1633 non
594 1600 807 1637 solummodo
833 1600 1068 1634 Turonensem
1093 1600 1216 1633 Metro-

334 1652 452 1695 polim,
484 1650 582 1684 sed&
607 1650 785 1687 rebellabat
812 1649 930 1686 Galliae
966 1648 1134 1695 Regibus,
1165 1660 1217 1684 ne·

334 1712 415 1747 gans
438 1701 613 1736 consuetos
634 1702 749 1735 census
768 1723 779 1741 ,
816 1700 943 1743 aliaque
968 1700 1002 1735 id
1025 1711 1151 1745 genus,
1177 1711 1219 1733 ex

335 1751 454 1795 quibus
469 1749 570 1786 hodie
582 1751 757 1787 consuevit
773 1751 938 1793 prorumpi
958 1749 998 1785 ad
1021 1762 1130 1786 armat
1155 1749 1218 1783 Ve-

335 1800 523 1846 rum·longe
546 1799 639 1837 aliter
658 1800 725 1844 egit
748 1800 949 1836 Francorum
974 1800 1050 1836 Rex
1079 1800 1218 1838 Carolus

335 1852 461 1885 Calvus
474 1873 481 1881 -
504 1849 818 1892 Suas1querimonias
829 1850 979 1892 deposuit
991 1849 1077 1892 apud
1093 1850 1219 1884 tertiam

336 1901 594 1936 Sueffionensem
608 1901 809 1945 synodum„
833 1899 896 1933 haec
918 1900 960 1935 ad
986 1899 1166 1934 Nicolaum
1195 1900 1218 1935 1.

339 1951 542 1990 Pontificem
567 1950 688 1997 legavit
713 1950 871 1986 δεηὲῑυῐη
888 1947 1098 1985 Ardandum
1122 1950 1218 1999 Nam(

342 2002 510 2036 netensem
527 2001 733 2048 Episcopum
759 2010 835 2034 cum
851 2000 965 2033 litteris
977 1989 1219 2035 habentibus&

333 2051 379 2085 hu
388 2062 429 2084 nc
451 2051 644 2086 articulum:
659 2051 814 2088 Interea,
841 2056 874 2081 ut
888 2059 965 2081 more
979 2049 1219 2090 Praedeceffisrum

329 2100 446 2146 suorum
459 2099 568 2133 'AuHor
583 2100 742 2132 Britonum
750 2097 932 2139 fidentiffimo
942 2098 1003 2140 filio
1018 2098 1112 2137 vestro
1125 2121 1135 2136 ,
1163 2101 1221 2130 Do·

332 2153 455 2186 mino&
479 2153 590 2182 seniori
614 2149 745 2187 Gamla,
771 2154 802 2179 in
824 2148 935 2189 cunelis
959 2148 1158 2190 obtemperet,
1182 2154 1219 2183 ei-

333 2212 389 2243 que
400 2205 478 2232 omni
502 2198 706 2232 humiliatione
717 2197 818 2231 debita
840 2197 913 2229 colla
934 2195 1097 2238 submittat
1117 2219 1126 2234 ,
1163 2207 1220 2228 an-

334 2248 460 2292 nuosque
480 2246 582 2291 census
591 2245 746 2289 persolvat
765 2271 775 2287 ,
803 2252 875 2290 qula
885 2247 964 2280 idem
977 2245 1069 2285 vester
1079 2244 1220 2288 specialis

331 2299 413 2342 filius
433 2296 554 2340 diverso
567 2298 646 2331 unde*
666 2295 751 2338 secus
777 2300 1058 2334 Nortmannorum,
1083 2297 1218 2329 aliorum·

335 2360 374 2384 ve
397 2354 533 2391 agitatur
559 2347 756 2387 incommodo,
786 2346 891 2386 vestris
911 2345 1114 2388 suafionidus,
1137 2347 1218 2381 &ut

336 2400 462 2440 expedit
492 2396 747 2441 redargutionibus
769 2420 781 2436 ,
816 2393 984 2438 quaesumus
1004 2421 1013 2435 ‚
1050 2397 1218 2430 decernite.

337 2451 403 2492 ,Qui
409 2447 438 2490 fi
443 2456 546 2480 contra
558 2446 745 2479 hortamenta
765 2444 901 2488 salubria
926 2446 1144 2479 Praecellentiae
1167 2457 1218 2486 ve·

332 2498 402 2537 strae
423 2499 541 2530 demum
552 2494 707 2539 adspirare
719 2502 827 2528 nititur
840 2518 849 2533 ,
871 2496 977 2539 gladio
983 2494 1085 2538 [anili
1097 2495 1212 2537 Aposto-

334 2551 417 2582 latus
430 2547 518 2587 vestri
526 2545 558 2591 se
569 2546 785 2588 percellendum
800 2545 900 2578 debito
921 2544 1069 2589 cognoscat
1082 2545 1217 2578 librami-

337 2596 642 2636 ‚e‚.-sa10monem
667 2620 678 2635 ,
705 2595 796 2637 quod
817 2595 875 2629 fibi
896 2597 984 2630 effer.
999 2605 1180 2630 contumax
1208 2619 1218 2636 ‚

338 2646 494 2691 Synodns
519 2645 713 2688 supplicavit
735 2669 746 2685 ‚
773 2644 858 2688 prius
880 2644 1007 2679 moneri
1027 2645 1045 2679 a
1066 2646 1217 2680 Domino

336 2698 449 2740 Papa,
474 2697 509 2731 &
549 2708 616 2731 non
651 2694 864 2728 obedientem
894 2695 1176 2730 excommunicari
1206 2720 1216 2736 ,

335 2747 428 2794 quod
439 2757 519 2784 tunc
533 2744 684 2782 adversus
705 2755 781 2777 eum
809 2745 1011 2788 procedant,
1036 2744 1085 2780 uti
1107 2745 1214 2780 adver

335 2798 389 2831 sus
408 2795 578 2832 ethnicum
602 2795 635 2829 ὃ(
661 2793 893 2838 publicanum
924 2795 1024 2829 Erant
1038 2806 1121 2829 tunc
1138 2796 1214 2830 certi

333 2848 374 2882 de
398 2847 554 2881 victoria
582 2845 715 2881 Etenim
728 2843 1035 2886 fimilesjustiriae&
1054 2844 1214 2881 Christia-

333 2908 382 2934 nae
400 2897 582 2940 disciplinae
604 2904 850 2936 contemptores
873 2894 984 2933 divina
1008 2894 1128 2936 justitia
1145 2897 1210 2939 pas-

333 2947 390 2980 iim
403 2947 481 2980 facit
504 2946 651 2983 imbelles
664 2956 701 2979 ac
723 2955 872 2979 enerves.
903 2945 1003 2978 Hanc
1025 2947 1087 2978 effe
1110 2957 1210 2980 unam

335 3006 376 3030 ex
397 2996 566 3035 effestibus
583 2994 940 3033 excommunicationis
965 2994 1125 3037 ‚pluribus
1162 2997 1213 3031 de-

333 3046 511 3083 monstravi
532 3047 579 3085 in¹
593 3043 733 3079 Scholiis
751 3044 792 3078 ad
817 3045 901 3083 Asta,
919 3044 1027 3078 Sanffi
1057 3044 1211 3089 Gregorii

334 3094 411 3128 Vn.
434 3095 475 3128 Et
502 3094 578 3129 hinc
602 3097 680 3128 Dux
706 3095 866 3132 Salomon
891 3094 1099 3137 Apostolicis
1124 3107 1211 3128 man-

331 3144 566 3189 datisomnino
577 3143 743 3179 obedivit.
771 3144 819 3178 lta
841 3142 1038 3188 habesapud
1064 3145 1212 3181 Annales

331 3195 532 3231 Francorum
553 3194 762 3227 Bertinianos
777 3219 784 3226 .

381 3245 546 3278 Defunoo
569 3243 728 3278 Lothario
742 3242 967 3289 Letharingiae
977 3243 1092 3289 Rege,
1121 3244 1209 3286 quod

331 3293 478 3338 improlis
501 3291 596 3333 esset,
621 3305 692 3326 orta
713 3294 758 3326 est
783 3293 823 3327 de
849 3294 1043 3329 succ'effione
1076 3297 1210 3338 quaestio

330 3345 415 3379 inter
427 3345 557 3383 fratrem
580 3343 647 3385 ejus
669 3342 927 3378 LudovicumIl.
954 3345 1181 3388 Imperatorem
1198 3372 1209 3389 ,

330 3395 363 3427 ἃ
384 3405 533 3437 patruum
546 3393 703 3427 Carolum
728 3392 891 3434 Calvum,
919 3395 1120 3430 Francorum
1146 3397 1207 3430 Re-

327 3453 404 3487 gem
421 3467 429 3477 .
455 3442 678 3487 Ludovicijus
701 3453 767 3478 erat
778 3443 920 3479 clarum.
948 3445 1057 3490 Ipsum
1078 3445 1204 3483 Adria-

1275 209 1283 308 l

997 110 1630 163 ΒΙεεειῑτΑἸ-ιο

1294 212 1354 240 nus
1373 200 1416 235 11.
1442 201 1599 238 Pontifex
1604 195 1747 243 exponit
1759 196 1803 232 iu
1810 168 1929 236 litteris
1940 197 1980 235 ad
1994 196 2159 239 Hincma⁴

1293 261 1362 285 tum
1385 250 1511 285 Archi·
1525 251 1724 294 Episcopum
1751 248 1981 291 Remeusem:
2007 254 2088 296 ,Quis
2106 261 2164 287 me

1277 299 1349 337 ltus
1361 304 1401 335 Te
1412 307 1522 342 novit,
1546 302 1627 346 quod
1640 299 1700 342 filii
1711 300 1860 343 quondam
1875 303 2017 338 Ladonis-t
2031 307 2164 343 Impera-

1276 337 1279 368 ἶ
1292 357 1366 385 toris
1380 375 1392 392 ,
1416 357 1449 384 in
1459 362 1550 383 unum
1569 356 1775 384 convenientes
1787 373 1797 389 ,
1823 360 1955 402 regnqu
1959 358 2037 388 inter
2044 350 2077 396 fi·
2088 354 2166 385 divt-

1290 400 1409 445 se‚r1nt
1431 404 1572 443 jureque·
1574 402 1707 439 jurando
1723 399 1783 442 fibi
1801 406 1929 433 invicem
1937 388 2168 444 promiserunt,

1291 461 1325 487 ut
1340 452 1438 485 nullus
1459 462 1557 483 eorum
1579 462 1700 493 regnum
1711 452 1836 485 alterius
1840 449 1957 491 fratris
1974 448 2026 498 fibi
2046 450 2170 507 usurpa-

1291 510 1336 535 ret
1350 526 1361 544 ,
1388 512 1442 535 aut
1455 503 1570 535 omnino
1578 502 1762 542 pervaderet
1774 525 1781 532 .
1811 501 1939 538 Laudat
1965 499 2049 536 inita
2067 502 2101 538 ὃς
2121 501 2167 544 ju-

1292 562 1360 587 rata
1374 553 1462 596 pacta
1484 550 1553 593 post
1568 549 1710 593 praelium
1730 553 1816 594 apud
1830 551 2066 586 Fontiniacum
2081 550 2165 583 But-

1289 602 1423 645 gundiae
1435 627 1442 634 .
1470 601 1594 635 Verum
1610 600 1811 639 Hincmarus
1828 602 1868 635 ad
1882 600 1949 635 haec
1969 601 2123 642 rescripsit
2151 612 2163 635 .·

1292 655 1481 687 Reverentiae
1508 650 1610 690 vestrae
1637 650 1740 684 debita
1761 649 1931 687 humilitate
1948 649 2124 694 respondebo
2149 650 2164 689 ,'

1292 708 1435 744 quoniam
1458 699 1560 741 etfiita
1572 700 1644 744 effe,
1672 711 1704 734 ut
1716 699 1851 742 scribitis
1863 724 1873 739 ‚
1893 700 1999 744 ftirem
2013 726 2023 741 ‚
2047 701 2167 742 cumip-

1284 751 1318 794 se
1332 756 1398 784 Rex
1411 752 1536 785 Carolus
1549 758 1594 784 ita
1604 751 1652 794 esJe
1667 762 1723 784 non
1746 750 1917 792 confiteatur
1928 776 1939 791 ‚
1964 763 2015 785 nec
2027 753 2079 788 vel
2091 752 2172 794 lega-

1288 802 1310 835 li
1327 803 1379 835 vel
1388 803 1517 847 regulari
1524 803 1643 842 judicio
1655 803 1725 835 inde
1736 801 1889 835 convillus
1901 809 2048 845 appareat
2060 825 2071 841 ,
2097 800 2170 833 mul-

1289 858 1331 885 tis
1351 851 1560 892 attestantibus
1570 850 1716 893 fateatur
1727 851 1804 884 banc
1826 855 1922 894 Regni
1939 855 2058 893 partem
2071 849 2126 893 fibi
2148 852 2169 883 ὰ

1294 905 1383 935 Patre
1412 903 1560 938 Ludovico
1582 901 1726 949 Augusto²
1752 901 1886 944 consensu
1913 910 1977 933 tam
2014 899 2170 943 Episcopo-

1285 964 1354 993 rum
1366 977 1378 992 ,
1403 955 1495 997 quom
1508 961 1679 987 caeterorum
1695 955 1851 986 Procerum
1863 957 1955 984 totius
1967 955 2086 992 Imperii
2108 959 2166 982 tra.

1288 1004 1385 1034 diram
1408 1027 1419 1043 ,
1457 1004 1490 1036 (9⁶
1516 1003 1536 1036 ἄ
1551 1001 1653 1043 fratre
1678 1002 1822 1034 Lotbario
1845 1003 2036 1035 Sacramenta
2054 999 2169 1042 publice*

1286 1051 1513 1092 confirmatam,
1538 1054 1594 1087 &a
1620 1051 1758 1087 Accessit
1772 1053 1804 1089 ὅ(
1823 1053 1886 1085 alia
1910 1047 2022 1088 ratio.>
2045 1050 2164 1091 Genti,-

1289 1102 1333 1135 les
1344 1111 1380 1138 ac
1393 1101 1522 1138 Barbari
1535 1101 1739 1148 Nortmanni
1752 1113 1831 1136 tunc
1844 1102 2012 1136 vastabant
2024 1110 2162 1139 omnem

1288 1151 1451 1187 Galliam:
1495 1152 1530 1186 δε
1551 1151 1944 1195 Imperator-'Ludovicus
1964 1150 2165 1200 distraheba-

1286 1211 1336 1235 tur
1349 1201 1436 1239 bello
1462 1213 1576 1237 contra
1590 1202 1780 1237 Sarracenos
1792 1227 1799 1235 .
1829 1202 1921 1236 Hinc
1935 1200 2073 1237 Lothari
2083 1201 2140 1245 ngi
2152 1224 2165 1241 ‚

1285 1251 1352 1295 quo
1389 1252 1530 1286 Nortma
1542 1263 1626 1288 nnos
1648 1252 1820 1288 evaderent
1834 1277 1845 1293 ‚
1885 1252 2069 1298 maluerunt
2090 1251 2168 1285 vici-

1287 1311 1365 1334 num
1390 1300 1547 1337 Carolum
1567 1325 1585 1341 „
1610 1303 1709 1345 quam
1731 1302 1907 1337 dictantem
1931 1301 2166 1340 Ludovicurn,

1285 1362 1383 1395 atque
1394 1350 1543 1388 itaillum
1567 1350 1625 1386 sibi
1648 1351 1841 1398 elegerunt'
1833 1362 1866 1386 tn
1894 1351 2039 1394 Regem.
2067 1347 2167 1391 Certe

1287 1400 1426 1435 Carolus
1449 1402 1493 1434 ita
1512 1400 1695 1437 affirmabat
1722 1426 1729 1434 .
1766 1400 1944 1448 Qidquid
1982 1398 2101 1438 fuerit,
2123 1409 2167 1438 ex

1287 1452 1354 1485 istis
1375 1451 1557 1486 rationibus
1575 1451 1695 1486 invasit
1708 1450 1987 1496 Lotharingiam,
2012 1451 2046 1487 ὃς
2068 1447 2168 1484 armis

1292 1501 1438 1546 subegit.
1467 1500 1559 1533 Hinc
1571 1500 1729 1542 adipsum
1752 1500 1869 1542 scripsit
1893 1500 2060 1535 Adrianus
2072 1499 2166 1541 Pone·

1285 1552 1366 1585 tifex
1382 1564 1393 1584 .·
1420 1552 1515 1593 Quod
1526 1550 1557 1593 fi
1572 1550 1684 1585 tundis
1711 1549 1878 1590 pastoribus
1901 1554 2049 1583 Domintci
2060 1554 2165 1594 gregis

1289 1604 1432 1634 Dominus
1457 1609 1514 1642 pro
1527 1599 1637 1641 defidia
1652 1624 1662 1640 ‚
1689 1612 1740 1637 vae
1753 1624 1764 1640 ,
1784 1601 1967 1643 generaliter
1979 1602 2075 1641 diest,
2099 1608 2168 1638 tan-

1284 1654 1314 1684 to
1338 1655 1434 1693 magis
1447 1657 1501 1683 no's
1515 1652 1599 1682 illam
1618 1649 1806 1693 sententiam
1823 1650 1994 1693 formidare
2011 1650 2167 1692 debenus,

1285 1703 1395 1743 quanto
1415 1709 1484 1742 prae
1504 1699 1641 1733 omnibus
1669 1724 1680 1740 ,
1706 1702 1740 1734 (5
1759 1709 1816 1743 pro
1836 1700 1970 1735 ,omnibus
1990 1711 2049 1732 non
2069 1697 2168 1742 solum

1284 1750 1424 1791 honoris,
1447 1750 1503 1794 sed
1528 1757 1626 1785 etiam.
1642 1757 1739 1789 oneris
1762 1756 1796 1783 in
1819 1750 1952 1783 humeris
1974 1749 2077 1789 nostris
2093 1758 2168 1791 pon-

1284 1802 1358 1835 dera
1376 1811 1486 1845 quoque
1503 1799 1669 1845 gestamus.
1699 1805 1745 1833 An
1770 1810 1827 1834 non
1835 1808 1893 1843 pro
1912 1807 1944 1839 te,
1965 1824 1978 1840 ,
2001 1803 2068 1838 Rex
2083 1822 2094 1838 ‚
2118 1809 2169 1838 ra·

1285 1857 1394 1885 tionem
1417 1861 1514 1884 coram
1537 1854 1662 1882 Domino
1679 1858 1792 1893 ponere
1812 1851 2016 1892 compellemur
2030 1872 2041 1889 ,
2061 1847 2109 1890 fi,
2133 1855 2168 1881 ut

1285 1901 1364 1935 illud,
1384 1904 1506 1935 interim
1523 1899 1659 1942 fileamus
1673 1923 1683 1938 ‚
1710 1901 1786 1942 quod
1807 1900 1905 1943 Missos
1931 1898 2098 1942 apostolica
2121 1900 2169 1933 Se-

1285 1953 1331 1986 dis
1357 1962 1435 1990 more
1447 1952 1554 1994 Regali
1570 1956 1696 1993 recipere
1718 1950 1905 1992 contempfifli
1921 1976 1931 1991 ‚
1950 1949 2073 1992 saelum
2084 1958 2170 1983 tuum

1256 1996 1258 2025 ἶ
1287 2011 1343 2033 non
1361 1999 1613 2040 reprebendimus·
1632 2023 1642 2039 ,
1680 2002 1714 2033 <a
1733 1999 1871 2043 spiritali·
1908 2001 1970 2034 zelo
1990 2000 2171 2041 redarguere

1283 2048 1439 2090 defistimus
1455 2072 1466 2088 ‚
1504 2050 1624 2090 quando
1646 2058 1749 2090 contra
1777 2052 1928 2091 Divinam
1947 2072 1963 2090 Υ,
1986 2046 2172 2091 sant‘lorum-

1255 2107 1257 2109 ’
1284 2109 1340 2140 que
1357 2101 1482 2131 Parrum
1495 2097 1704 2133 aucqoritatem
1717 2122 1728 2137 ‚
1756 2106 1846 2142 atque
1866 2107 1969 2132 contra
1987 2097 2172 2141 propri-efi-

1255 2158 1259 2174 =
1285 2150 1332 2181 dei
1346 2146 1547 2191 sponsionem,
1575 2159 1635 2189 qua
1653 2150 1857 2188 jurejurando
1876 2149 2033 2192 pollicitus
2050 2158 2104 2189 es,
2122 2158 2170 2190 ne

1283 2197 1406 2236 aliena,
1434 2198 1468 2231 Θ·
1487 2199 1639 2237 praecipue
1657 2197 1798 2238 fratrum
1824 2207 1963 2239 tuorum,
1990 2202 2096 2242 Regna
2106 2207 2172 2230 con-

1282 2244 1441 2295 cupisceres
1454 2254 1508 2277 aut
1522 2247 1686 2278 invaderes
1702 2269 1711 2284 ,
1734 2259 1859 2289 regnum
1885 2250 2035 2288 quondam
2060 2246 2173 2280 Lotba·

1283 2301 1320 2328 rii
1349 2300 1541 2337 Imperatoris
1556 2319 1566 2335 ‚
1594 2297 1672 2337 quod
1678 2294 1908 2338 spiritualtfilio
1922 2296 2030 2335 nostro,
2059 2299 2168 2328 Domi·-

1284 2358 1320 2378 no
1345 2347 1495 2378 Ludovieo
1509 2346 1630 2388 Augusto
1644 2369 1653 2385 ‚
1676 2346 1739 2388 filio
1761 2348 1825 2387 ejus
1840 2369 1850 2384 ,
1871 2349 1967 2388 juxta
1989 2347 2117 2378 divinas
2133 2347 2168 2380 Θ

1283 2395 1431 2429 humanas
1449 2397 1524 2440 leges
1536 2395 1677 2436 debetur,
1705 2395 1909 2439 praesumpfisli
1934 2397 2084 2429 invadere
2097 2419 2109 2434 ,
2133 2397 2168 2429 Θ

1282 2452 1316 2478 in
1327 2454 1444 2478 reatum
1463 2446 1596 2487 perjuria·
1618 2449 1748 2482 incidere
1769 2458 1826 2479 non
1842 2446 2014 2489 formidasti
2030 2471 2037 2480 .
2067 2450 2174 2479 Num-

1284 2495 1359 2538 quid
1368 2508 1387 2527 a
1401 2504 1498 2528 mente
1509 2496 1622 2528 excidit
1644 2519 1655 2535 ,
1681 2498 1762 2538 quod
1771 2496 1869 2534 vestra
1892 2496 2107 2540 vestrorumque
2113 2497 2170 2535 ju·

1282 2553 1420 2579 ramenta
1432 2547 1451 2579 5
1452 2546 1501 2578 edi
1512 2545 1676 2587 Apostolicae
1689 2546 1836 2586 obstinata
1862 2545 2036 2589 discuffimus
2050 2570 2061 2586 ,
2089 2545 2171 2578 robo-

1282 2600 1421 2630 ravimus
1435 2618 1445 2634 ,
1473 2596 1506 2628 (9·
1520 2600 1552 2627 in
1573 2594 1696 2628 archivo
1717 2596 1808 2635 nostro
1831 2595 1916 2628 hodie
1934 2597 1989 2628 illa
2013 2595 2166 2639 recondita

1280 2651 1443 2679 retinemus
1456 2645 1473 2676 ?
1500 2644 1628 2687 ,Quodsi
1636 2657 1687 2679 nec
1699 2646 1753 2688 ista
1764 2646 1818 2678 tibi
1838 2644 2002 2689 sufficiunt,
2031 2656 2110 2690 nune
2123 2645 2168 2689 ad

1281 2698 1404 2736 majoris
1417 2694 1646 2736 reprebenfionis
1669 2705 1730 2730 tuae
1749 2697 1896 2730 cumulum
1909 2702 1969 2728 tuis
1986 2704 2014 2728 te
2022 2694 2160 2739 speciali-

1279 2745 1334 2778 bus
1342 2744 1503 2787 sententiis
1516 2752 1708 2779 convenimus
1722 2771 1733 2786 ,
1760 2748 1793 2781 Θ
1805 2755 1839 2783 ut
1852 2746 1896 2777 ad
1905 2756 1951 2778 cor
1965 2746 2073 2778 redeas
2090 2769 2109 2784 „
2123 2755 2165 2779 ere

1278 2801 1336 2828 oris
1350 2794 1616 2838 tuiprofeffionibus
1636 2801 1798 2829 incitamus
1809 2821 1817 2828 .
1845 2796 1980 2838 ,Quando
1991 2800 2086 2838 igitur
2098 2797 2159 2826 Lu·

1279 2848 1376 2879 devici
1389 2869 1399 2883 ‚
1422 2844 1538 2886 fratris
1566 2851 1608 2878 tui
1621 2846 1682 2888 filil
1695 2869 1706 2885 ,
1730 2846 1850 2881 viribus
1858 2845 2020 2890 superatus
2034 2854 2159 2886 regnum

1273 2894 1452 2938 perdidisti,
1479 2897 1630 2937 numquid
1645 2920 1648 2922 ,
1663 2907 1721 2928 non
1742 2896 1888 2938 epistolam
1914 2920 1925 2936 ,
1949 2906 2038 2937 quam
2063 2892 2160 2927 habe-

1277 2957 1341 2978 mus
1360 2954 1429 2987 prae
1450 2945 1585 2978 manibus
1607 2970 1619 2987 ,
1649 2946 1718 2979 sedi
1744 2946 1907 2988 apostolica
1928 2943 2063 2985 direxisti
2083 2945 2096 2977 ἒ
2123 2949 2158 2977 in

1277 3007 1356 3038 qua,
1380 3001 1461 3028 inter
1485 3005 1595 3029 caetera
1611 3020 1621 3036 ,
1647 2995 1787 3039 confeffus
1804 2995 1891 3037 fuist}
1915 2996 2037 3028 dicens:
2067 2993 2158 3027 Cum

1273 3045 1425 3080 fratribus
1454 3046 1573 3079 nostris
1602 3046 1670 3089 post
1693 3046 1936 3080 Fontaniacum
1959 3043 2089 3079 bellurn
2118 3044 2154 3078 in

1274 3107 1376 3130 unum
1388 3094 1626 3136 convenimus,
1653 3096 1783 3130 &inter
1798 3106 1859 3132 nos
1874 3119 1885 3135 ,
1911 3094 2072 3129 divisione
2093 3093 2159 3129 Re-

1275 3156 1421 3190 gnorum
1447 3146 1550 3185 fasta,
1579 3157 1690 3189 pacem
1702 3146 1863 3185 fecimus,
1890 3145 1922 3178 ἃ
1945 3144 2156 3188 jurejurando

1272 3196 1469 3240 juravimus,
1497 3195 1585 3238 quod
1611 3207 1708 3229 nemo
1723 3195 1868 3229 nostrum
1884 3194 1993 3239 Regni
2021 3194 2157 3229 alterius

1273 3256 1376 3279 metas
1390 3245 1578 3279 invaderet.
1605 3246 1708 3280 Nunc
1719 3255 1829 3280 autem
1841 3256 1944 3289 regno
1959 3256 2034 3279 meo
2053 3246 2156 3288 ‚spre-

1274 3294 1314 3329 tis
1329 3295 1535 3336 juramentis,
1563 3296 1677 3329 invaso
1702 3306 1799 3339 atque
1823 3295 1953 3329 sublato
1970 3297 2156 3330 misereatur

1273 3344 1373 3378 vester
1400 3343 1637 3401 Apostolatus‚
1663 3345 1751 3380 &ne
1779 3357 1901 3380 nomen
1929 3345 2051 3380 Christi
2079 3341 2159 3376 blas·

1272 3393 1442 3439 phemetur
1468 3394 1501 3426 in
1525 3394 1680 3439 gentibus
1705 3421 1715 3436 ,
1756 3397 1821 3430 sine
1857 3396 2048 3431 vindicante
2076 3391 2157 3424 faci-

1270 3446 1362 3490 cinus
1372 3456 1441 3480 non
1452 3445 1671 3490 relinquatur.
1703 3449 1779 3481 Ecce
1792 3447 1922 3491 qualiter
1946 3447 2046 3480 altena
2057 3451 2157 3475 concu

1998 3491 2112 3539 ptscere

2181 273 2240 319 Ep.
2276 283 2334 323 41.
