2366 3736
633 92 636 95 ·
664 84 736 124 ·.1N
772 67 1172 119 PELAGMNAM
1208 51 1512 114 firmum:

179 164 227 203 -ίη
249 173 312 207 qua
334 161 379 197 est
398 156 551 199 condita}
573 167 774 203 permaneret
796 182 807 198 ‚
840 155 932 191 nullo
971 156 1074 190 modo

192 214 346 259 seipsam,
366 210 521 250 „Creatore
543 211 600 244 suo
623 220 692 244 non
714 210 898 251 adjuvante,
925 206 1073 241 servaret.

193 262 303 298 Unde
326 260 403 295 cum
429 260 493 294 fine
521 260 587 295 Dei
612 258 715 304 gratia
741 259 878 297 salutern
907 266 974 289 non
1003 257 1074 298 pos-

193 315 235 347 fit
258 311 422 352 custodire
448 321 547 354 quarn
572 306 709 350 accepit,
737 307 910 352 quomodo
934 305 999 339 fine
1010 306 1075 340 Dei

196 362 300 408 gratia
325 359 610 406 poteritrepatare
634 358 726 410 quod
752 357 916 403 perdidit?

590 460 624 490 X
649 461 691 492 X.

323 511 417 546 Nihil
438 511 504 544 bom·
529 508 675 542 bominem
695 509 773 551 posse
791 506 853 550 fine
880 511 965 541 Deo.

247 560 358 596 Multa
380 562 470 595 Deus
495 560 621 593 facitin
644 557 781 594 homine
807 558 999 601 bona,quae
1011 568 1079 591 non

198 612 278 653 ‚facit
305 609 425 652 homo;
456 610 547 644 nulla
562 608 638 644 vero
665 609 743 644 facit
768 607 873 642 homo
901 607 999 650 bona,
1013 619 1083 652 quae

201 671 272 703 non
299 661 392 702 Deus
419 660 543 704 praestat
571 670 607 694 ut
633 658 733 701 faciat
758 658 887 699 homo.

578 758 612 794 X
640 761 673 792 X
697 759 723 801 Ι.

449 813 496 844 De
521 817 631 844 natura
658 811 693 846 <y
711 812 818 859 gratia
831 833 838 840 .

253 857 344 893 Sicut
359 859 408 894 eis
429 861 486 902 qui
498 860 646 896 volentes
658 860 691 893 in
718 859 789 902 lege
810 857 975 901 justificari
989 881 999 896 ,
1024 857 1086 892 &a

204 909 312 961 gratia
330 910 524 952 exciderunt
547 934 560 951 ,
596 907 754 944 veriffime
776 906 858 941 dicit
890 907 1087 951 Apostolus,

205 961 237 1000 ‚51
262 970 300 992 ex
326 961 388 1004 lege
406 960 528 1001 justitia
553 957 590 997 est
605 982 617 998 ,
641 969 710 1005 ergo
735 956 870 998 Christus
892 961 997 1002 gratis
1019 970 1089 991 mor·

205 1018 278 1048 tuus
301 1008 358 1051 est3
385 1008 427 1043 fic
439 1010 485 1049 eis
497 1009 553 1052 qui
565 1009 716 1052 gratiam,
728 1019 825 1053 quam
837 1008 1045 1042 commendat
1058 1008 1091 1042 δε

205 1057 345 1102 percipit
367 1057 446 1092 fides
475 1058 596 1096 Christi
610 1082 620 1097 ‚
643 1069 759 1101 putant
780 1061 842 1092 effe
857 1069 1019 1098 naturam,
1042 1069 1091 1091 ve-

205 1105 326 1147 rissime
350 1107 492 1151 dicitur,
519 1110 549 1142 51
564 1117 622 1150 per
641 1117 782 1145 naturam
790 1109 909 1149 jasi‘itia
933 1108 971 1149 est
993 1133 1003 1150 ,
1029 1109 1094 1152 erg&

208 1155 344 1196 cbristus
366 1161 471 1202 gratis
501 1168 635 1196 mortuus
661 1158 718 1198 est.
747 1159 818 1201 Jam
838 1158 893 1192 hic
916 1160 1005 1192 enim
1027 1169 1093 1195 erat

210 1207 288 1246 lex,
312 1207 346 1240 ἀ
366 1220 434 1243 non
452 1208 648 1251 justificabat
667 1222 675 1242 ι
690 1209 755 1252 jam
767 1208 822 1242 hic
836 1209 944 1243 erat&
957 1218 1068 1242 natura
1083 1231 1094 1254 ,

210 1257 246 1291 &
258 1268 326 1290 non
338 1257 540 1299 justificabat.
565 1258 645 1292 Ideo
658 1259 807 1296 Christus
820 1269 885 1292 non
900 1258 1000 1303 gratis
1012 1268 1097 1291 mor·

210 1315 287 1339 tuus
298 1306 360 1347 est,
380 1309 460 1342 ut&
474 1310 525 1341 lex
540 1309 698 1351 perillum
713 1309 900 1352 impleretur
909 1309 964 1353 qui
990 1307 1074 1342 dixit
1087 1330 1098 1351 ,

212 1359 287 1388 Non
303 1363 374 1398 ven}
388 1359 478 1401 legem
486 1356 600 1401 solvere
611 1382 621 1398 ‚
643 1357 702 1401 sed
709 1360 894 1400 adimplere:
925 1358 967 1391 Et
986 1368 1097 1393 natura

211 1415 268 1448 per
281 1406 388 1441 Adam
402 1409 525 1451 perdita
545 1409 703 1450 perillum
716 1419 931 1451 repararetur,
944 1408 998 1449 qui
1012 1407 1098 1440 dixit

212 1455 333 1490 venisse
352 1458 383 1491 se
406 1467 545 1501 quaerere
569 1457 604 1497 ὃς
630 1457 750 1493 salvare
777 1456 867 1500 quod
895 1457 1048 1499 perierat.

338 1607 387 1638 De
412 1603 461 1637 bis
487 1615 555 1648 quae
579 1604 730 1638 bominum
750 1610 876 1651 propria
897 1604 969 1648 siant
982 1630 989 1638 .

265 1653 378 1689 Nemo
399 1653 499 1690 habet
518 1655 559 1688 de
580 1656 638 1688 suo
653 1679 665 1696 ,
691 1654 748 1688 nifi
771 1655 1102 1701 mendacium&pec·

215 1714 337 1742 catum.
365 1704 491 1748 Siquid
505 1715 614 1737 autem
627 1702 722 1739 habet
735 1704 838 1744 homo
851 1705 995 1739 veritatis
1006 1715 1103 1749 atque

214 1753 366 1799 justitiae,
390 1754 434 1796 ab
450 1755 511 1789 illo
533 1755 626 1789 fonte
648 1754 709 1793 est,
736 1766 834 1799 quem
851 1756 1006 1790 debemus
1019 1757 1104 1789 sitire

215 1801 254 1845 in
278 1803 340 1838 hac
361 1815 496 1844 eremo,
523 1814 560 1838 ut
571 1815 612 1838 ex
634 1815 674 1838 eo
685 1804 772 1848 quafi
796 1806 898 1850 guttis
909 1805 1103 1851 quibusdam

216 1853 348 1895 irrorati
373 1865 442 1888 non
465 1854 654 1897 deficiamus
675 1855 710 1888 in
733 1854 807 1895 via,

546 1955 579 1984 X
605 1956 638 1985 Χ
664 1954 679 1986 1
707 1954 722 1986 Ι
751 1956 781 1992 1.

393 2006 440 2035 De
467 2003 619 2035 voluntate
647 2005 703 2035 Dei
731 2005 765 2037 <⁹⁰
791 2002 936 2041 bominis,

271 2052 371 2093 Suam
392 2052 600 2085 voluntatem
616 2050 765 2087 homines
789 2054 1017 2094 faciunt,non
1027 2051 1108 2092 Dei,

204 2102 354 2146 quando
376 2100 410 2135 id
438 2110 542 2146 agunt
568 2100 655 2144 quod
678 2103 753 2136 Deo
764 2102 932 2146 displicet.
961 2103 1110 2151 Qando.

220 2162 331 2186 autern
357 2152 391 2185 id
417 2152 542 2185 faciunt
566 2152 653 2194 quod
677 2151 791 2186 volunt
817 2163 852 2186 ut
874 2153 990 2189 divinat
1015 2153 1110 2186 servi-

221 2213 280 2236 ant
293 2200 618 2244 voluntati,quamvis
630 2201 774 2235 volentes
786 2212 885 2246 agant
897 2201 985 2244 quod
994 2210 1109 2246 agunt,

219 2250 311 2286 illius
322 2261 427 2285 tamen
445 2251 596 2284 voluntas
609 2250 654 2283 est
668 2274 679 2291 ,
701 2250 796 2295 aquo
819 2251 854 2291 ὃς
875 2252 1107 2295 praeparatur&

220 2300 350 2346 jubetur
373 2300 464 2342 quod
490 2300 627 2340 volunt,

561 2400 594 2430 X
621 2400 654 2431 X
680 2398 695 2432 1
723 2398 766 2434 V.

475 2452 520 2487 De
541 2449 720 2490 palmitibus,
747 2453 823 2483 vitis
839 2475 848 2487 .,

274 2502 325 2532 Ita
351 2499 428 2532 sunt
450 2498 485 2532 in
510 2499 577 2531 vite
595 2498 767 2541 palmites,
791 2510 826 2532 ut
846 2499 908 2534 viti
933 2497 1106 2535 nihilcon-

222 2549 351 2586 ferant,
374 2547 427 2580 sed
439 2546 517 2580 inde
529 2548 688 2589 accipiant
701 2547 786 2581 unde
801 2549 925 2583 vivant.
951 2550 1005 2585 Sic
1016 2552 1106 2593 quip-

224 2610 266 2642 pe
278 2597 353 2631 vitis
361 2596 405 2630 est
421 2597 454 2630 in
469 2596 709 2639 palmitibus,ut
723 2598 822 2631 vitale
833 2598 1026 2634 alimentum
1040 2600 1107 2634 sub-

225 2647 386 2686 ministret
400 2646 446 2680 eis
459 2669 470 2685 ,
497 2657 564 2680 non
580 2646 683 2680 sumat
692 2645 733 2681 ab
744 2648 790 2680 eis
803 2672 810 2679 .
838 2647 891 2681 Ac
916 2661 970 2691 per
990 2649 1054 2684 hoe
1076 2652 1108 2685 &

225 2707 417 2739 manentem
438 2695 472 2729 in
496 2696 526 2729 se
548 2694 664 2730 habere
685 2696 855 2732 Christum
878 2722 889 2738 ‚
923 2699 958 2732 ἂ·
980 2711 1109 2735 manere

227 2748 265 2782 in
291 2744 423 2780 Christo
447 2767 459 2784 ‚
487 2746 638 2789 discipuli
663 2747 788 2789 prodest
811 2757 985 2792 utrumque
1006 2774 1017 2791 ,
1041 2761 1106 2784 non

211 2795 380 2831 .Christo.
409 2794 498 2829 Nam
518 2796 646 2838 praeciso
668 2796 820 2838 palmite,
846 2798 949 2840 potest
973 2800 1013 2833 de
1037 2800 1108 2833 viva

226 2848 338 2887 radice
349 2845 432 2880 alius
454 2845 635 2889 pullulare.
665 2846 732 2893 Qi
754 2857 865 2884 autem
885 2850 1029 2892 praecisus
1050 2850 1109 2891 est,

224 2897 292 2939 {ine
314 2896 420 2931 radice
443 2907 512 2930 non
536 2897 640 2939 potest
668 2899 776 2932 vivere
792 2922 799 2930 .

595 2995 757 3030 XXV.

353 3099 398 3130 De
423 3094 573 3130 daemone
598 3107 658 3139 qua
686 3098 835 3141 diligimus
862 3100 976 3135 Deum.

285 3142 419 3182 Prorsus
445 3146 574 3180 donum
602 3148 668 3181 Dei
695 3147 741 3181 est
767 3148 903 3194 diligere
929 3151 1048 3183 Deum.
1066 3148 1111 3191 Ip-

229 3195 265 3229 se
290 3204 326 3228 ut
352 3194 542 3239 diligeretur
563 3196 667 3237 dedit,
694 3198 751 3240 qui
781 3210 847 3232 non
875 3199 1012 3233 dilectus
1039 3199 1111 3232 dili-

234 3244 304 3289 git.
332 3245 550 3286 Displicentes
575 3247 673 3280 amati
702 3249 822 3290 sumus,
850 3259 884 3283 ut
912 3250 1043 3284 fieretin
1058 3260 1113 3283 no-

234 3295 286 3330 bis
308 3294 397 3327 unde
425 3295 622 3337 placeremus
644 3322 651 3329 .
692 3298 836 3332 Diffudit
865 3300 954 3333 enim
981 3299 1112 3333 charita-

226 3354 304 3380 tem
331 3345 365 3377 in
394 3344 546 3381 cordibus
574 3347 690 3381 nostris
717 3349 859 3392 Spiritus
887 3349 993 3384 Patris
1019 3350 1114 3385 &Fi-

212 3415 215 3418 ·
238 3395 299 3437 lii,
326 3405 425 3438 quem
456 3405 532 3429 cum
559 3395 654 3430 Patre
681 3410 829 3434 amamus
850 3399 885 3434 ἀ
911 3400 1019 3436 Filio.

263 3476 273 3486 κ
340 3443 528 3488 σὶονιζβ.ιιιρὶ
540 3448 636 3487 Opera
648 3450 793 3483 Tole.

1892 78 1990 130 ‘195

1190 152 1243 187 Ac
1274 153 1315 186 fic
1347 154 1524 189 secundum
1571 152 1793 198 suprascriptas
1830 155 2014 190 sanctarum

1139 204 1374 247 Scripturarum
1401 205 1576 239 sententias
1596 230 1606 245 ,
1644 207 1694 240 vel
1723 205 1936 248 antiquorum
1956 206 2016 240 Pa-

1140 264 1226 287 trum
1248 253 1478 293 definitiones,
1506 254 1570 289 hoc
1591 256 1664 289 Deo
1682 255 1923 300 propitiante&
1947 268 2019 297 prae·

1138 304 1245 340 dicare
1256 303 1413 341 debemus
1434 304 1467 338 ὅ(
1492 307 1641 346 credere,
1664 308 1752 352 quod
1778 316 1832 349 per
1847 316 2019 351 peceatum

1142 355 1236 397 primi
1263 354 1409 388 hominis
1428 354 1677 390 itainclinatum
1699 360 1731 394 ὅ(
1753 366 1959 391 attenuatum
1970 356 2021 391 fu-

1141 404 1201 438 erit
1228 405 1368 438 liberum
1391 403 1579 444 arbitrium,
1606 417 1639 439 ut
1659 408 1767 441 nullus
1778 407 1886 449 postea
1910 405 2021 440 autdi·

1142 453 1241 499 ,ligere
1263 454 1373 488 Deum
1393 478 1404 494 ‚
1437 455 1515 488 sicut
1538 457 1684 497 oportuit
1705 482 1715 497 ,
1749 469 1804 491 aut
1828 458 1955 491 credere
1985 457 2019 489 in

1142 504 1250 537 Deum
1264 528 1274 545 ,
1299 505 1491 547 autoperari
1515 515 1642 547 propter
1661 507 1768 541 Deum
1782 509 1869 550 quod
1895 508 2022 541 bonum

1142 555 1186 588 est
1212 555 1323 597 poffit,
1354 555 1410 587 nisi
1434 565 1508 587 eum
1532 557 1634 598 gratia
1655 557 1882 591 misericordiae
1904 556 2022 590 divinae

1145 604 1345 648 praevenerit.
1377 604 1483 638 Unde
1508 603 1542 637 <Sc
1562 603 1645 638 Abel
1667 606 1770 648 justo,
1792 608 1825 641 ὅ(
1853 608 1926 640 Noe
1942 630 1952 644 ,
1987 607 2023 638 ὃς
2056 613 2062 615 *

1148 653 1309 694 Abrahae,
1331 655 1363 688 &
1382 654 1491 695 Isaac,
1514 655 1547 688 &
1569 655 1691 697 Jacob,
1714 658 1745 690 ὅ(
1770 658 1860 689 omni
1876 659 2025 697 antiquo-

1146 716 1217 738 rum
1242 705 1375 737 Patrum
1405 705 1635 745 multitudini,
1660 707 1749 740 illam
1773 707 1954 748 praeclaram
1975 705 2026 737 Fi-

1147 755 1220 788 dem
1235 779 1245 794 ,
1266 766 1362 797 quam
1386 755 1420 787 in
1446 755 1589 798 ipsorum
1611 756 1707 790 laude
1720 756 1867 799 praedicat
1890 755 2029 798 Aposto-

1147 805 1196 838 lus
1218 803 1362 844 Paulus‚
1384 816 1452 839 non
1478 816 1533 848 per
1557 805 1678 840 bonurn
1702 818 1832 847 naturae,
1855 806 1942 847 quod
1961 804 2029 847 pri--

1147 854 1185 894 us
1210 853 1244 887 in
1271 853 1380 888 Adam
1394 854 1506 892 datum
1520 856 1637 896 fuerat,
1661 856 1713 891 sed
1737 868 1792 900 per
1810 855 1946 901 gratiam
1963 854 2029 887 Dei

1149 903 1310 938 credimus
1332 904 1424 939 fuisse
1443 905 1596 941 collatam
1612 932 1619 938 .
1646 906 1756 953 Qam
1769 908 1917 951 gratiam,
1930 905 2030 940 etiam

1150 953 1220 1001 post
1244 954 1424 989 adventum
1444 954 1569 991 Christi
1595 957 1758 997 Domini,
1790 956 1945 990 omnibus
1973 954 2031 998 qui

1152 1003 1309 1047 baptizari
1332 1004 1534 1045 desiderant,
1559 1018 1626 1040 non
1650 1006 1684 1039 in
1709 1006 1809 1041 libero
1833 1006 1966 1041 arbitrio
1980 1006 2032 1037 ha-

1153 1055 1219 1090 beri
1243 1079 1253 1094 ‚
1287 1054 1338 1089 sed
1363 1053 1485 1089 Christi
1509 1057 1664 1090 novimus
1684 1058 1776 1095 fimul
1809 1058 1842 1091 ὃ(
1870 1057 2033 1090 credimus

1155 1105 1303 1147 largitate
1314 1106 1465 1148 conferri3
1488 1107 1663 1141 secundum
1689 1108 1770 1143 illud
1785 1107 1871 1152 quod
1883 1107 1957 1150 saepe
1967 1106 2034 1149 jam

1155 1156 1278 1188 dietum
1300 1154 1367 1195 est,
1388 1155 1421 1194 &
1449 1157 1537 1199 quod
1563 1158 1713 1200 praedicat
1745 1158 1870 1194 Paulus
1893 1155 2036 1200 Aposto-

1157 1205 1232 1237 lus:
1271 1203 1358 1236 VobIs
1403 1207 1545 1239 donatum
1576 1207 1614 1246 est
1646 1217 1704 1252 pro
1724 1208 1852 1249 Christo,
1878 1218 1935 1239 non
1944 1206 2036 1248 folum

1156 1263 1188 1286 ut
1208 1260 1240 1286 in
1260 1265 1325 1287 eum
1337 1256 1485 1300 credatis,
1496 1255 1556 1300 sed
1577 1263 1668 1293 ctiam
1679 1268 1712 1293 ut
1718 1267 1776 1302 pro
1797 1258 1844 1293 illo
1861 1261 2036 1300 patiamini.

1160 1304 1201 1337 Et
1229 1303 1310 1337 illud
1325 1316 1331 1335 :
1346 1308 1426 1337 Deus
1446 1312 1496 1346 qui
1514 1313 1598 1346 coepit
1610 1315 1644 1339 tn
1657 1309 1740 1342 vobis
1753 1309 1857 1344 bonum
1869 1315 1954 1347 opus,
1963 1314 2039 1346 per-

1156 1352 1237 1394 ficiet
1260 1352 1348 1395 usque
1367 1359 1399 1385 in
1419 1355 1498 1387 diem
1513 1358 1632 1389 Domini
1646 1357 1732 1395 nostri
1745 1354 1972 1401 Jesu-Cbnsti.
1997 1353 2039 1388 Et

1160 1402 1264 1436 illud.-
1291 1405 1402 1435 Gratia
1413 1402 1498 1445 salvi
1514 1402 1855 1449 fac‘liestisperfidem‚
1879 1404 1972 1436 &hoc
1984 1415 2040 1436 non

1161 1464 1198 1485 ex
1222 1452 1326 1495 τοίως
1350 1455 1403 1484 Dei
1426 1460 1506 1487 enim
1527 1455 1635 1489 donum
1647 1455 1693 1494 est.
1724 1457 1765 1489 Et
1789 1455 1876 1500 quod
1890 1454 1928 1488 de
1939 1455 2041 1497 seipso

1162 1503 1207 1536 ait
1236 1501 1435 1546 Apostolus:
1458 1504 1691 1547 Misericordiam
1703 1505 1868 1549 consecutus
1890 1503 1979 1547 sum,
2008 1513 2042 1536 ut

1160 1552 1261 1594 fidelis
1283 1553 1380 1594 essem.
1413 1553 1494 1590 Non
1522 1554 1628 1595 dixit,
1646 1557 1730 1598 ,Quia
1755 1567 1836 1590 eram
1852 1580 1860 1595 ‚
1887 1555 1936 1588 led
1960 1563 1990 1586 ut
2003 1551 2045 1595 es-

1149 1600 1222 1644 1sem
1238 1627 1245 1633 .
1278 1601 1321 1635 Et
1349 1603 1430 1636 illud
1447 1617 1458 1636 .-
1486 1605 1576 1648 ‚Quid
1596 1604 1686 1640 babes
1710 1607 1790 1648 quod
1809 1617 1864 1638 non
1887 1603 2018 1645 accepisti
2029 1604 2044 1634 ἓ

1166 1653 1207 1684 Et
1237 1651 1341 1685 illud:
1363 1657 1458 1686 Omne
1477 1656 1583 1691 datum
1604 1654 1712 1693 bonum
1730 1678 1739 1694 ‚
1777 1657 1811 1689 <9⁶
1831 1666 1913 1687 omne
1935 1656 2045 1686 donum

1160 1700 1326 1744 per-fraqam
1348 1701 1500 1745 desursum
1517 1703 1576 1743 est,
1601 1704 1776 1747 descendens
1801 1708 1822 1741 ἃ
1848 1707 1941 1737 Patre
1958 1704 2047 1735 lumi-

1165 1762 1253 1784 num.
1280 1751 1322 1785 Et
1335 1754 1423 1785 illud:
1436 1757 1535 1787 Nemo
1546 1753 1634 1787 babet
1647 1754 1815 1797 quicquam,
1829 1753 1882 1794 m’fi
1888 1756 1932 1786 illi
1942 1755 2046 1785 datum

1159 1801 1256 1849 fuerit
1267 1800 1389 1843 desuper
1400 1826 1407 1832 .
1436 1803 1694 1837 Innumerabilia
1710 1806 1782 1838 sunt
1794 1806 1952 1838 sacrarum
1967 1804 2048 1836 Scri-

1168 1861 1332 1894 pturarum
1343 1851 1530 1888 testimonia
1544 1878 1555 1893 ,
1571 1864 1640 1898 quae
1651 1856 1780 1897 possunt
1793 1855 1832 1888 ad
1846 1853 2047 1897 probandam

1166 1903 1304 1944 gratiam
1329 1902 1486 1944 proferri;
1517 1901 1764 1941 sed'brevitatis
1792 1904 1900 1938 studio
1926 1913 2048 1946 praetet-

1168 1949 1257 1983 miffa
1280 1951 1372 1991 sunt,
1400 1952 1474 1995 quia
1490 1954 1533 2003 ⁴<Sc
1559 1964 1664 1989 revera
1686 1953 1739 1989 cui
1762 1965 1863 1996 pauca
1886 1965 1954 1987 non
1979 1953 2048 1987 suf-

1168 1999 1308 2040 ficiunt,
1332 2001 1422 2043 plura
1448 2014 1516 2037 non
1538 2004 1713 2045 proderunt
1730 2029 1737 2036 .
1768 2003 1848 2039 Hoc
1877 2004 1976 2038 etiam
2006 2004 2048 2036 se-

1170 2049 1316 2083 cundum
1333 2050 1431 2086 fidem
1457 2052 1656 2087 catholicam
1681 2053 1845 2088 credimus
1863 2078 1873 2094 ,
1895 2053 1983 2097 quod
1997 2063 2047 2087 ac—

1169 2109 1262 2143 cepta
1273 2110 1327 2143 per
1337 2099 1530 2146 baptismum
1543 2105 1647 2146 gratia
1658 2115 1772 2138 ornnes
1782 2101 2048 2148 baptizati,Chri·

1172 2149 1221 2181 sto
1246 2149 1425 2185 auxiliante
1446 2152 1480 2185 &
1502 2163 1702 2195 cooperante
1723 2178 1733 2193 ,
1754 2165 1825 2195 quae
1851 2154 1890 2187 ad
1912 2154 2049 2186 salutern

1170 2198 1286 2231 animae
1307 2199 1472 2240 pertinent
1499 2202 1643 2243 poffint,
1664 2204 1697 2236 &
1719 2202 1878 2242 debeant,
1904 2202 1924 2234 fi
1948 2201 2050 2235 fideli-

1170 2256 1217 2281 ter
1241 2247 1386 2282 laborare
1409 2250 1595 2295 voluerint,
1617 2251 1815 2296 adimplere.
1844 2252 1986 2294 Aliquos
1999 2263 2051 2285 ve·

1170 2297 1206 2331 ro
1218 2297 1257 2330 ad
1273 2299 1394 2331 malum
1407 2299 1519 2338 divina
1544 2302 1701 2345 potestate
1724 2302 1962 2347 praedestinatos
1987 2304 2050 2335 effe

1166 2359 1239 2394 non
1260 2347 1366 2380 solum
1390 2359 1458 2383 non
1482 2352 1668 2393 credimus,
1686 2352 1849 2387 sedetiam
1871 2354 1890 2385 fi
1907 2353 1977 2384 sunt
1991 2351 2049 2394 qui

1170 2407 1298 2431 tantum
1323 2399 1444 2433 malum
1456 2401 1585 2436 credere
1599 2402 1724 2443 velint,
1749 2413 1824 2437 curn
1845 2400 1937 2435 omni
1961 2400 2051 2434 dete-

1170 2447 1313 2482 statione
1325 2448 1391 2482 illis
1406 2450 1580 2486 anathema
1596 2453 1743 2486 dicimus.
1770 2451 1847 2485 Hoc
1862 2452 1958 2486 etiam
1972 2450 2051 2484 salu-

1171 2497 1266 2531 briter
1274 2499 1465 2543 profitemur
1476 2502 1510 2534 &
1522 2501 1786 2545 credimus,qu0d
1802 2503 1835 2535 in
1848 2502 1938 2534 omni
1951 2511 2049 2543 opere

1170 2548 1260 2581 bono
1278 2559 1344 2581 non
1371 2559 1430 2582 nos
1454 2549 1653 2592 incipimus,
1675 2551 1707 2585 ὅ(
1721 2551 1833 2595 postea
1846 2563 1899 2593 per
1912 2550 1975 2583 Dei
1990 2551 2051 2583 mi-

1155 2590 1373 2632 'sericordiam
1394 2598 1584 2641 adjuvamur
1606 2614 1615 2644 3
1641 2602 1693 2635 sed
1715 2602 1779 2644 ipse
1802 2601 1896 2635 nobis
1916 2624 1926 2639 ‚
1949 2600 2047 2634 nullis

1172 2647 1420 2691 praecedentibus
1447 2649 1542 2683 bonis
1558 2652 1704 2691 meritis,
1725 2652 1757 2685 ὅς
1782 2650 1880 2685 fidem
1905 2653 1936 2684 ὃ(
1960 2662 2050 2685 amo-

1170 2709 1235 2730 rem
1260 2698 1306 2730 sui
1332 2696 1417 2739 prius
1439 2699 1580 2743 inspirat,
1606 2703 1688 2736 ut&
1703 2701 1851 2745 baptismi
1866 2703 2049 2735 Sacramen-

1170 2756 1201 2779 ta
1224 2746 1362 2780 fideliter
1382 2749 1601 2791 requiramus,
1620 2752 1652 2785 ὃς
1675 2752 1743 2795 post
1766 2751 1959 2794 baptismum
1970 2760 2047 2784 cum

1173 2796 1267 2839 ipsius
1283 2795 1444 2838 adjutorio
1457 2823 1467 2839 ,
1494 2811 1530 2833 ea
1552 2811 1621 2844 quae
1644 2802 1699 2835 fibi
1715 2802 1787 2834 sunt
1802 2802 1919 2843 placita
1935 2801 2049 2843 imple-

1172 2858 1203 2880 re
1215 2847 1374 2889 poffimus-
1407 2848 1511 2883 Unde
1524 2849 1777 2885 manifestissime
1790 2850 1986 2883 credendum
1998 2849 2044 2883 est

1172 2896 1260 2940 quod
1288 2897 1321 2931 δε
1348 2897 1436 2932 illius
1461 2899 1597 2934 latronis
1620 2925 1630 2940 ,
1666 2911 1762 2944 quem
1801 2900 1969 2934 Dominus
2004 2899 2046 2933 ad

1175 2946 1306 2990 paradisi
1331 2949 1468 2989 patriam
1493 2950 1685 2990 revocavit,
1709 2951 1741 2984 ὅ(
1763 2949 2047 2984 CorneliiCentu-

1173 2996 1294 3036 rionis,
1314 2996 1353 3031 ad
1374 3010 1470 3042 quem
1491 3000 1640 3043 Angelus
1661 2999 1803 3033 Domini
1818 3000 1927 3034 misius
1940 3002 1997 3039 est,
2011 3000 2047 3033 &

1174 3045 1343 3088 Zacchaei,
1364 3049 1419 3092 qui
1443 3050 1545 3092 ipsum
1570 3050 1754 3084 Dominum
1777 3051 1931 3092 suscipere
1946 3061 2047 3084 meru-

1176 3098 1226 3136 it,
1250 3098 1306 3130 illa
1331 3109 1396 3131 tam
1417 3098 1617 3133 admirabilis
1641 3100 1719 3133 fides
1747 3112 1815 3135 non
1839 3101 1901 3134 fuit
1928 3101 1971 3133 de·
1993 3110 2046 3133 na·

1175 3156 1265 3186 tura,
1289 3148 1338 3181 sed
1360 3148 1477 3181 divinae
1500 3147 1655 3192 largitatis
1676 3150 1802 3184 donum
1818 3175 1825 3182 .
1855 3150 1897 3184 Et
1910 3150 1983 3192 quia
1996 3150 2047 3183 de-

1176 3196 1360 3230 finitionem
1382 3198 1593 3242 antiquorum
1617 3198 1748 3234 Parrum
1769 3225 1779 3240 ,
1819 3200 2046 3242 nostramque,

1177 3257 1245 3294 quae
1267 3248 1471 3291 suprascripta
1498 3248 1540 3281 est
1565 3274 1575 3289 ‚
1607 3260 1674 3283 non
1712 3250 1814 3284 solum
1852 3247 2047 3292 Religiofis,

1177 3296 1229 3330 sed
1252 3298 1352 3331 etiam
1378 3298 1486 3331 Laicis
1511 3299 1785 3342 medicamentum
1805 3300 1885 3339 effe,
1920 3300 1951 3331 ὅ(
1973 3297 2047 3330 defi-

1177 3345 1324 3380 derarnus
1351 3348 1383 3380 ὅ(
1410 3347 1559 3391 cupimus
1583 3362 1592 3391 ;
1630 3344 1752 3392 placuit
1780 3360 1814 3383 ut
1840 3359 1910 3381 eam
1946 3349 2047 3381 etiam

1175 3395 1209 3430 δε
1234 3397 1372 3432 illustres
1398 3408 1436 3432 ac
1462 3399 1632 3443 magnifici
1658 3401 1728 3442 viri,
1756 3397 1993 3444 quinobiscum
2005 3396 2047 3432 ad

1567 3448 1599 3483 R
1651 3461 1674 3486 2
1920 3458 1993 3490 prae-
