2366 3736
648 122 742 154 AD
810 107 1294 154 HeNn1cuM
1362 102 1668 152 Nonis.

206 193 238 220 fe
248 189 343 231 nostra
353 187 571 232 desperandum
576 187 615 231 fit
624 203 635 224 :
658 191 784 234 ,Quippe
791 192 874 232 quod
881 187 976 228 nostra
983 195 1082 228 opera,

204 245 399 280 quantumvis
425 240 501 273 bona
514 242 674 274 videantur
687 263 698 278 ,
724 251 784 271 non
793 241 894 280 pffnt
903 249 999 271 coram
1004 235 1082 279 seve-

206 302 240 323 ro
257 291 403 323 tribunali
416 293 474 324 Dei
486 290 626 333 consistere
636 315 643 322 .
669 293 736 322 Nec
744 287 893 331 obscurum
907 287 987 320 nobis
1007 286 1043 324 est
1070 312 1080 327 ‚

204 341 286 382 quod
305 347 390 373 carni
400 341 505 380 nostrae
515 347 548 374 in
559 341 613 373 hac
621 341 763 379 corporali
774 346 842 372 vita
850 336 968 382 semper
978 336 1082 370 adhae·

203 399 271 423 reat
291 390 438 423 dubitatio
457 393 495 424 de
505 389 702 434 miJ'erIcordia
716 390 748 422 <5
758 391 911 422 clementia
925 392 1002 429 Dei‚·
1029 386 1084 430 scd

203 440 268 473 cum
281 442 359 474 Deus
366 446 517 482 promittit
525 438 606 473 nobis
615 445 786 482 gratuitam
793 438 883 482 suam
893 439 1079 472 clementiam

200 498 322 532 propter
332 490 480 530 Christum
490 490 602 522 Filium
608 488 696 532 suum
709 514 719 530 ‚
745 491 779 524 6·
789 495 883 533 exigit
894 498 927 521 ut
942 492 1083 531 Evange-

203 541 243 573 lio
261 542 335 574 Filii
354 543 422 581 ejus
439 541 605 572 obedienter
623 542 779 573 credamus
790 565 800 581 ‚
827 544 921 585 engit
943 544 1033 571 etiam
1054 549 1084 571 eo

204 590 267 633 ipso
283 615 293 630 ‚
317 599 350 622 ut
360 589 573 622 dubitationem
584 597 685 623 carnis
698 590 799 630 nostrae
810 588 1011 630 mortificemus
1027 612 1038 628 ,
1050 599 1084 621 ac

202 641 384 679 certifflmam
394 640 432 671 de
442 637 641 681 misericordia
647 640 706 683 sua
714 641 855 682 fiduciam
866 645 1081 680 concipiamus,

202 700 241 722 ne
263 700 315 721 nos
335 688 400 729 ejus
418 690 627 730 promiffionem
649 697 731 723 tanti
741 692 888 723 mendacii
897 687 1056 731 accusemus
1073 712 1083 727 ,

201 747 349 781 quantam
371 739 410 772 de
430 750 466 772 ea
475 740 693 775 dubitationem
702 740 865 773 babeamus
875 763 882 770 .
909 743 955 773 Et
967 748 999 770 ut
1007 738 1081 779 posss-

200 799 270 821 mus
279 798 390 822 certam
397 789 538 831 fiduciam
547 798 694 832 concipere
705 814 716 830 ‚
740 792 891 826 collocavit
897 787 1024 831 salutem
1037 800 1083 820 no·

198 837 293 878 stram
304 863 314 880 ,
342 845 442 872 nonin
453 847 569 873 meritis
579 840 810 880 nostraejustiriae
819 863 830 878 ,
855 851 920 881 quae
931 838 969 878 est
980 845 1081 879 imper»

194 887 303 931 fec‘la,
326 886 380 930 sed
396 891 517 923 tantum
536 896 570 924 in
592 896 710 923 meritis
725 888 876 932 Filia'sui,
904 892 1024 921 Domini
1037 900 1082 920 no-

195 937 273 979 stri,
290 937 372 983 Jesu
395 938 524 979 Christi,
549 941 637 980 cujus
645 940 779 983 Juflitia
790 965 799 979 ,
825 947 857 971 ut
867 939 904 979 est
912 938 1077 980 perfhstzffi-

200 999 252 1020 ma
264 1010 276 1026 ,
298 994 344 1020 ita
354 989 388 1024 ό*
397 993 429 1020 in
439 991 495 1021 Dei
501 993 535 1033 J
536 990 632 1021 udicio
638 990 797 1031 firmiffima
809 992 843 1023 (ς
853 988 1081 1028 constantiffima.

248 1037 338 1073 Inter
358 1036 594 1073 Poenitentiatn
606 1040 640 1074 ἀ
653 1039 902 1073 Contritionem
921 1041 965 1073 est
977 1039 1081 1072 omni·

197 1086 247 1121 ῃὸ
268 1087 392 1130 grande
401 1088 576 1123 discrimen
588 1113 597 1122 .
628 1090 760 1124 Etenim
772 1089 971 1123 Poenitentia
984 1089 1081 1123 etiam

197 1136 426 1173 satisfactionis
445 1138 697 1182 comprehendit
717 1151 816 1182 opera
837 1163 848 1179 ‚
876 1151 947 1183 qua:
975 1138 1082 1171 adim-

197 1186 317 1229 plenda
335 1188 497 1230 promittit
521 1191 555 1223 &
579 1190 712 1234 suscipit
724 1189 892 1225 Contritio
906 1203 917 1225 .-
944 1188 1006 1222 Ista
1020 1189 1083 1231 pas-

197 1237 257 1270 fim
279 1247 433 1271 vocamus
446 1235 656 1273 Poenitentiae
676 1240 855 1274 astionem.
884 1239 964 1272 Hoc
986 1239 1019 1272 in
1033 1238 1079 1272 di-

197 1287 351 1320 scrimine
373 1288 487 1322 omnia
502 1288 566 1323 fere
575 1288 643 1332 jam
655 1290 737 1324 dista
749 1290 900 1324 fundavit
912 1290 1010 1323 etiam
1022 1288 1083 1324 Lu·

199 1336 327 1370 therus.
351 1337 431 1380 Ejus
441 1338 564 1373 distum
576 1361 587 1377 ‚
614 1344 739 1381 optima
762 1343 946 1374 Poeniteniia
957 1339 994 1378 esi
1005 1349 1085 1371 nova

197 1392 269 1420 vita
281 1410 291 1426 ‚
317 1397 385 1420 non
398 1387 508 1422 minus
520 1391 554 1422 in
564 1389 800 1422 satisfactiones
809 1414 819 1429 ‚
840 1390 937 1431 quarn
949 1391 983 1420 in
995 1387 1082 1421 Con-

197 1436 368 1470 tritionem
382 1436 509 1471 videtur
519 1439 698 1480 proceffiffe
709 1463 716 1470 .
744 1437 915 1484 Quidquid
929 1438 967 1470 sit
977 1459 987 1475 ,
1002 1437 1081 1471 &in

196 1485 266 1528 ejus
288 1486 414 1526 verbis,
441 1486 475 1520 ὅ(
496 1486 531 1519 in
554 1485 705 1521 adductis
714 1485 979 1521 confessionibus
1002 1487 1080 1520 varii

195 1535 373 1570 miscentur
393 1546 517 1569 errores
529 1558 538 1567 .
562 1536 678 1570 Primo
689 1562 699 1578 ‚
725 1536 812 1580 quod
836 1538 936 1571 fidem
959 1537 1082 1571 adserat

195 1585 260 1619 effe
280 1584 488 1621 Poenitentiae
511 1597 637 1629 partem
660 1612 667 1619 .
696 1587 769 1621 Effe
792 1586 999 1620 Poenitentiae
1012 1609 1022 1625 ,
1048 1587 1081 1621 ὃς

195 1636 307 1668 omnis
318 1633 510 1669 Christianae
535 1636 672 1678 Jussitiae
693 1637 865 1670 dumtaxat
877 1636 1052 1670 exordium
1071 1660 1081 1676 ,

195 1685 338 1719 radicem
353 1709 364 1724 ,
390 1686 424 1719 ἀ
446 1685 699 1720 fundamentum
711 1686 825 1719 docuit
838 1687 960 1728 semper
971 1686 1080 1719 omnis

193 1734 255 1768 sub
275 1736 360 1769 coelo
374 1734 513 1768 Ecclesia
525 1760 535 1775 ‚
548 1747 626 1770 cnm
648 1747 709 1781 qua
731 1735 772 1771 ad
787 1735 869 1770 istud
882 1736 1081 1780 Augustanae

193 1785 405 1821 confessionis
424 1795 520 1827 caput
537 1784 708 1819 Dominus
719 1797 798 1819 tunc
813 1785 920 1818 noster
931 1786 1079 1819 Clemen-

193 1835 329 1871 tisfimus
353 1834 531 1876 Imperator
554 1835 697 1869 Carolus
710 1836 750 1869 V.
765 1833 988 1869 &orthodoxi
1001 1834 1078 1867 Ger·

192 1884 311 1918 maniae
323 1884 489 1927 Principes
499 1908 509 1924 ,
530 1884 615 1918 reiste
625 1885 858 1927 responderunt
871 1898 882 1917 .-
896 1888 967 1917 Haec
980 1908 990 1924 ‚
1001 1884 1080 1918 duas

193 1934 324 1968 tantum
338 1944 440 1976 partes
451 1933 625 1977 adsignans
637 1934 842 1969 Poenitentiae
852 1959 863 1974 ‚
876 1936 1079 1975 articulipars

194 1985 321 2017 admitti
340 1995 529 2025 nequaquam
536 1984 631 2025 potest
642 2009 653 2024 ,
674 1986 748 2027 ficut
761 1995 811 2018 nec
821 1996 856 2017 ea
870 2007 881 2024 ,
908 1995 973 2025 quae
983 1985 1079 2026 asserit

189 2033 286 2077 fidem
297 2035 346 2075 effe
357 2034 486 2065 alteram
494 2041 618 2074 partem
630 2037 818 2067 Poenitentiae
834 2058 843 2074 ,
869 2035 934 2067 cum
945 2033 1078 2066 omnibus

191 2092 373 2125 compertum
379 2081 417 2124 fit
427 2082 515 2123 fidem
526 2083 578 2125 effe·
585 2091 741 2126 praeviam
753 2087 940 2117 Poenitentiae
950 2108 958 2117 .
984 2084 1078 2117 Alter

192 2144 282 2166 error
304 2133 364 2171 est,
393 2134 481 2176 quod
506 2134 606 2167 fidem
619 2159 630 2174 ,
658 2146 698 2168 ex
709 2147 772 2179 qua
785 2133 953 2167 Poenitens
965 2144 1076 2177 purga-

192 2191 248 2216 tur
267 2183 302 2218 δε
328 2182 430 2226 justus
454 2183 554 2222 vivit,
580 2185 700 2227 garriat
721 2185 782 2217 esse
806 2194 924 2216 vanam
939 2183 1030 2216 istam
1043 2184 1076 2216 ὅ(

191 2233 391 2274 pertinacem
412 2232 454 2265 de
465 2232 607 2266 Domini
620 2234 693 2276 Jesu
706 2233 830 2267 Christi
844 2232 968 2266 metitis
983 2257 993 2272 ‚
1008 2244 1074 2266 non

191 2282 346 2317 fiduciam
359 2306 370 2322 ,
396 2281 449 2315 sed
464 2283 766 2325 praesutnptionem.
789 2283 843 2316 De
857 2284 928 2326 Jesu
952 2282 1074 2316 Christi

191 2332 315 2366 meritis
324 2332 423 2366 etiam
437 2343 498 2366 nos
507 2332 574 2365 sine
587 2331 786 2368 haesitatione
797 2333 994 2366 confidimus
1004 2355 1014 2371 ‚
1042 2334 1074 2366 ὅ(

191 2382 233 2415 ab
245 2383 318 2425 ipsis
329 2393 395 2416 non
407 2381 506 2415 solam
520 2392 726 2424 peccatorum
751 2383 970 2417 remissionem
982 2406 992 2421 ‚
1017 2383 1071 2415 sed

192 2432 228 2466 ee
239 2443 352 2465 omnes
364 2442 430 2465 tam
444 2433 606 2474 praesentis
620 2433 716 2472 quam
728 2434 845 2466 futurae
859 2433 929 2466 vitae
942 2434 1072 2475 promis·

192 2482 298 2515 siones
309 2482 546 2524 exspectamus:
576 2482 630 2516 Ad
642 2494 776 2516 omnem
790 2494 917 2525 precem
926 2507 936 2523 ‚
950 2483 991 2516 ad
1003 2494 1071 2516 om-

191 2541 268 2565 nem
292 2532 466 2575 gratiarum
479 2531 643 2565 actionem
661 2531 789 2565 adfidue
801 2533 956 2576 supplicat
969 2533 1001 2566 ἀ
1012 2533 1072 2565 cla-

191 2590 259 2615 mat
272 2581 412 2615 Ecclesia
423 2605 433 2621 ,
460 2582 519 2613 Per
540 2584 700 2613 Dominum
722 2582 845 2620 nostrum
860 2586 893 2627 J
895 2581 1071 2623 esumL'hri-

184 2631 282 2672 stum.
310 2630 433 2665 Verum
457 2631 580 2664 nostras
593 2655 603 2670 ‚
629 2630 647 2663 ὲ
657 2632 731 2665 Deo
745 2630 840 2666 Patre
853 2644 906 2675 per
919 2635 1070 2665 eumdem

191 2682 378 2715 Dominum
391 2682 547 2721 donatas,
559 2681 660 2714 bonas
672 2682 858 2716 voluntates
868 2706 879 2722 ‚
903 2682 934 2715 &
945 2693 985 2715 ex
999 2682 1070 2725 ipsis

190 2733 334 2775 profesta
362 2741 456 2773 opera
478 2730 563 2765 bona
585 2730 603 2763 a
617 2731 802 2774 dispositiva
815 2743 854 2766 ac
865 2733 1070 2775 praeparativa

191 2782 226 2815 in
241 2778 508 2825 Justificationem
522 2781 719 2816 caussalitate
732 2782 917 2822 excludere,
928 2782 960 2815 ἂ
971 2783 1011 2815 de
1025 2783 1070 2815 so·

193 2830 233 2865 lis
241 2832 354 2865 alienis
366 2830 524 2865 benedieti
540 2832 679 2865 Domini
692 2832 817 2866 meritis
826 2833 892 2866 fine
903 2831 1068 2866 haesitatio·

193 2892 233 2915 ne
245 2881 409 2916 confidere
421 2905 432 2922 ,
450 2881 494 2916 est
507 2882 711 2926 praesumptio
722 2881 864 2917 omnine>
874 2883 1022 2926 pertinax
1035 2884 1066 2916 δι

189 2941 273 2966 vana
286 2957 293 2964 .

242 2982 337 3016 Error
347 2982 497 3016 omnium
511 2981 677 3026 peffimus,
704 2983 737 3016 ὅ(
750 2981 879 3025 peffime
890 2981 1067 3017 calumnio-

190 3031 240 3064 sus
250 3031 294 3065 est
306 3055 316 3072 ,
337 3033 424 3076 quod
436 3033 621 3067 adseverent
634 3031 811 3067 Lutherani
820 3032 1065 3067 Contritionem

190 3081 251 3114 esse
274 3082 357 3115 solos
377 3094 417 3116 ex
438 3084 553 3127 agnito
566 3083 853 3125 peccatoincuffos
863 3082 1067 3117 conscientiae

191 3141 325 3165 terrores
338 3156 348 3170 ,
374 3142 429 3166 aut
447 3133 533 3166 certe
555 3132 660 3166 solum
672 3144 711 3166 ex
723 3132 879 3175 ejusmodi
894 3132 1066 3167 terroribus

191 3191 304 3215 natum
318 3181 531 3216 &formatum
543 3184 583 3217 de
595 3184 736 3225 peccatis
750 3183 898 3217 dolorem
909 3207 916 3214 .
945 3181 1065 3216 Adver-

191 3231 244 3265 sus
255 3232 343 3264 illam
357 3231 465 3266 statuit
478 3234 669 3268 sacrosansta
684 3233 836 3275 Synodus
847 3232 1062 3267 Tridentina:

1911 122 2004 168 251

1142 186 1196 227 fit.
1211 185 1253 218 Et
1264 183 1370 218 rursus
1385 197 1392 217 :
1412 188 1614 229 ,Quamobrem
1618 189 1704 230 falso
1715 188 1837 231 quidam
1846 188 2025 226 calumaian-

1144 246 1190 269 tur
1212 234 1379 268 catholicos
1405 239 1588 278 Scriptores,
1615 238 1698 281 quast
1714 240 1900 273 tradiderint
1921 242 2026 274 sacra-

1144 295 1273 320 mentum
1288 288 1479 319 Paent'tentiae
1491 311 1501 326 ,
1522 288 1630 331 absque
1642 289 1712 323 bono
1722 299 1798 322 motu
1802 287 2023 332 susi-[pientiam

1138 343 1273 380 gratiam
1283 336 1413 376 conferre
1425 359 1436 374 ‚
1463 340 1541 378 quod
1549 350 1698 380 nunquam
1711 338 1835 380 Ecclesia
1848 341 1904 373 Dei
1915 343 2023 380 docuit,

1145 385 1302 429 necsenfit.
1330 385 1529 420 Pronuntiat
1550 388 1700 423 adversus
1723 390 1826 430 ipsum
1839 390 2023 425 Mai-tinum

1145 437 1326 473 Lutherum
1340 461 1349 475 ‚
1363 448 1423 468 nec
1437 448 1504 470 non
1517 437 1667 471 adversus
1680 439 1851 473 melioratae
1862 440 2022 484 Augusta-

1145 499 1193 521 nae
1209 487 1427 520 Confeffionis
1441 486 1634 530 Apologum
1648 513 1658 528 ,
1684 488 1875 531 Philippum
1898 491 2022 524 Melan·

1144 537 1293 571 &bouem
1307 560 1317 575 ,
1343 536 1433 578 cujus
1447 534 1511 570 haec
1523 538 1595 570 sunt
1608 537 1701 572 verba
1713 552 1723 570 :
1738 540 1911 582 Intelltgunt
1922 551 2023 572 omnes·

1144 589 1211 621 bom'
1232 587 1296 620 virs'
1312 588 1426 619 utiliter
1447 588 1481 619 (9⁶
1497 589 1549 628 pie*
1571 586 1772 628 reprehensam
1794 589 1845 630 effe
1858 589 2023 622 doctrinam

1143 636 1339 680 sophistarum
1354 662 1363 677 ‚
1374 638 1407 670 (9¹
1420 636 1648 675 canonistarum
1660 639 1698 670 de
1710 640 1894 671 Paenitentia
1905 663 1911 670 .
1938 643 2023 671 Nam

1143 687 1206 721 baec
1228 689 1368 730 dogmata
1379 684 1571 728 aperte‘falsa
1580 686 1654 729 sunt
1670 712 1680 725 ‚
1705 687 1738 718 Θ·
1759 699 1814 719 non
1821 686 1913 728 solum
1927 689 2024 720 aliena

1142 739 1331 779 aScripturis
1343 761 1352 777 ‚
1377 735 1435 779 sed
1455 743 1548 770 etiam
1572 736 1610 769 ab
1622 735 1824 776 Ecclefiasticn
1843 736 1988 770 Patribus
2014 762 2023 770 .

1143 788 1236 830 ,Quod
1242 794 1297 827 per
1307 791 1498 820 attritionem
1511 798 1679 820 mereamur
1684 791 1837 830 gratiam.
1867 789 1961 830 ,Quod
1976 784 2026 829 fu·

1138 837 1248 882 sceptio
1259 838 1278 868 5
1279 841 1441 870 aeramenti
1460 840 1651 870 Poenitentiae
1661 849 1699 870 ex
1711 845 1797 878 opere
1812 845 1930 878 operato
1941 860 1950 875 ,
1963 836 2025 876 fine

1143 888 1213 921 bono
1224 896 1300 919 motu
1311 893 1420 919 utentis
1433 909 1443 925 ,
1470 886 1521 919 boc
1529 888 1568 927 est
1581 911 1592 927 ‚
1596 887 1660 928 fine
1665 887 1727 929 fide
1737 894 1769 919 in
1783 886 1949 925 Christum,
1962 897 2027 918 con-

1138 937 1280 981 sequatur
1297 943 1433 978 gratiam
1451 960 1459 970 .
1488 937 1520 970 A
1543 937 1734 971 Canonistis
1759 938 1793 973 &
1816 935 2024 971 Scholasticis

1145 986 1328 1030 Theologis
1341 987 1492 1021 traditam
1507 986 1725 1022 Attritionem
1738 997 1844 1020 errant
1856 997 1911 1021 aut
1923 988 2028 1029 impo-

1145 1048 1226 1070 nunt
1245 1038 1306 1070 esse
1326 1038 1429 1071 solum
1453 1035 1677 1081 gehennarum
1704 1037 1849 1072 servilem
1862 1047 1986 1071 metum
2010 1059 2024 1076 ‚

1143 1096 1199 1123 aut
1210 1099 1250 1120 ex
1268 1086 1339 1129 ipso
1352 1088 1422 1121 solo
1436 1097 1546 1121 natum
1558 1088 1601 1122 de
1612 1089 1753 1130 peccatis
1763 1087 1929 1122 dolorem:
1944 1086 2027 1119 Eam

1144 1137 1224 1171 reete
1239 1135 1364 1170 addunt
1387 1147 1515 1171 motum
1536 1139 1597 1171 effe
1608 1138 1785 1172 salutariter
1798 1150 1864 1172 non
1880 1139 2003 1171 bonum
2014 1159 2027 1176 ,

1145 1188 1284 1230 ideoque
1307 1187 1398 1220 istius
1422 1187 1576 1221 doetrinae
1588 1187 1817 1230 probratticem
1831 1187 2027 1230 Papisticam

1148 1237 1322 1271 Ecclesiam
1346 1237 1492 1280 garriunt
1516 1237 1654 1271 deviasse
1670 1239 1688 1272 ὸ.
1700 1238 1869 1280 Scripturis
1882 1236 2028 1271 Canoni-

1145 1289 1192 1321 cis
1214 1288 1247 1321 δε
1270 1287 1414 1328 antiquis
1425 1287 1575 1320 Patribus
1585 1313 1595 1327 ,
1621 1288 1735 1330 utpote
1748 1299 1817 1331 quae
1827 1288 1943 1321 doceat
1955 1286 2029 1320 Poe-

1145 1338 1305 1370 nitentem
1323 1334 1391 1369 fine
1420 1336 1485 1370 fide
1506 1336 1540 1369 in
1555 1339 1664 1370 Deum
1679 1349 1731 1378 per
1744 1338 1844 1370 solam
1857 1336 1979 1379 operati
1992 1336 2028 1368 iu

1145 1388 1353 1420 Sacramento
1364 1387 1470 1429 operis
1493 1386 1645 1420 virtutem
1660 1387 1734 1419 Deo
1746 1386 1948 1420 reconciliari
1958 1409 1965 1416 .
1985 1385 2029 1419 Et

1145 1436 1234 1470 hisce
1258 1436 1425 1479 principiis
1452 1437 1567 1470 nititur
1587 1436 1803 1470 duodecimus
1816 1448 1869 1479 per
1881 1435 2031 1469 Leonem

1144 1487 1187 1520 X.
1200 1485 1403 1519 Pontificem
1415 1485 1588 1519 damnatus
1600 1487 1772 1520 articulus:
1802 1488 1899 1528 siper
1915 1486 2035 1527 impoffl·

1143 1537 1200 1569 bile
1212 1535 1350 1579 confessus
1359 1546 1416 1568 non
1427 1536 1492 1577 effer
1503 1541 1646 1569 contritus
1654 1561 1665 1576 ,
1685 1535 1716 1576 fi
1723 1547 1825 1568 tamen
1837 1538 1939 1569 credat
1948 1534 1981 1578 se
1992 1533 2034 1578 es-

1138 1585 1173 1629 se
1183 1584 1345 1628 absolutum
1359 1608 1369 1623 ,
1396 1586 1539 1625 veriffime=
1550 1584 1588 1624 est
1599 1585 1763 1627 absolutus.
1789 1585 1893 1632 Qod
1916 1595 2033 1627 nempe

1143 1636 1160 1668 a
1181 1633 1328 1670 Luthero
1350 1636 1510 1678 garriatur
1533 1636 1704 1670 Conttitio
1730 1636 1792 1669 esse
1814 1636 1900 1669 solus
1913 1635 2035 1669 servilis

1142 1685 1367 1730 gehennarum
1384 1695 1488 1718 metus
1500 1708 1510 1723 ‚
1537 1696 1647 1719 motus
1670 1686 1950 1728 supernaturaliter
1963 1697 2034 1720 non

1143 1736 1249 1769 bonus
1261 1759 1271 1774 ,
1298 1734 1439 1777 ideoque
1461 1734 1665 1777 justificantis
1699 1736 1809 1778 gratiae
1835 1735 2034 1769 infusionem

1142 1784 1292 1818 comitari
1313 1794 1368 1817 aut
1390 1785 1564 1827 praecedere
1585 1784 1716 1828 quidem
1739 1784 1833 1829 poffit
1855 1809 1865 1826 ‚
1892 1795 1925 1820 at
1939 1784 2033 1819 nullo

1141 1833 1349 1868 cauffalitatis
1372 1832 1473 1867 modo
1487 1835 1662 1877 praevenire
1675 1857 1682 1866 .

1192 1883 1294 1930 Qod
1309 1883 1429 1927 dogma
1446 1884 1492 1918 est
1510 1886 1596 1919 varia
1609 1885 1695 1929 lepra
1712 1884 1933 1921 maculosum.
1956 1884 2032 1918 Pri·-

1142 1944 1193 1967 ma
1202 1936 1245 1967 est
1260 1933 1325 1976 jam
1341 1934 1423 1967 dista
1436 1934 1601 1969 calumnia
1616 1960 1622 1967 .
1649 1935 1714 1970 Dei
1730 1947 1869 1979 namque
1880 1936 2033 1978 Ecclesia,

1141 1994 1177 2016 ac
1199 1995 1253 2027 per
1274 1985 1373 2025 ipsam
1386 1984 1510 2027 probati
1524 2010 1533 2024 ,
1562 1987 1615 2019 seu
1630 1986 1846 2026 recentiores,
1872 1987 1925 2020 seu
1947 1986 2033 2019 anti-

1141 2033 1196 2076 qui
1210 2034 1371 2067 Dostores
1382 2032 1421 2066 de
1434 2035 1618 2070 Attritione
1630 2035 1714 2070 nihil
1730 2036 1794 2069 tale
1807 2047 1961 2078 umquam
1975 2034 2033 2069 do-

1141 2095 1250 2117 cuere.
1281 2083 1391 2116 Altera
1403 2083 1486 2127 lepra
1500 2085 1545 2118 est
1558 2110 1568 2126 ,
1583 2086 1671 2130 quod
1686 2087 1846 2120 incussum
1866 2086 2034 2121 conscien-

1141 2134 1191 2166 tiae
1205 2143 1326 2166 metum
1339 2134 1439 2168 velint
1452 2137 1518 2169 esse
1532 2134 1635 2178 ipsam
1650 2138 1896 2171 Contritionem
1908 2161 1918 2177 ,
1945 2147 1982 2169 ac
1997 2135 2031 2169 fi-

1142 2194 1181 2215 ne
1200 2183 1267 2225 ipso
1296 2183 1364 2216 fieri
1389 2194 1457 2216 non
1485 2186 1578 2227 posse
1604 2187 1800 2221 infufinnsm
1813 2187 1924 2232 gratiae
1935 2199 1947 2218 .·
1974 2185 2031 2219 Est

1139 2231 1226 2266 enim
1240 2232 1343 2265 solum
1357 2256 1367 2271 ,
1389 2233 1421 2267 &
1433 2234 1565 2276 quidem
1578 2238 1796 2271 extrinsecum
1811 2260 1821 2276 ,
1849 2235 2030 2269 Contritio—

1141 2283 1188 2315 nis
1199 2282 1371 2315 exordium
1388 2307 1397 2322 ‚
1422 2294 1463 2316 ex
1474 2295 1542 2327 quo
1554 2284 1611 2318 ista
1628 2286 1784 2329 sapientia
1798 2310 1808 2326 ‚
1821 2286 1896 2320 licet
1910 2288 2030 2329 semper

1142 2333 1173 2365 in
1198 2330 1473 2374 Catechumenis‚
1501 2335 1535 2368 in
1554 2335 1799 2370 Poeniteniibus
1811 2347 1918 2371 tamen
1934 2336 2029 2370 dum-

1137 2392 1226 2416 taxat
1243 2383 1464 2416 communicer
1486 2386 1674 2428 concipitur
1691 2398 1729 2420 ac
1745 2396 1889 2428 paratur.
1918 2386 2027 2420 Nullo

1138 2432 1238 2465 modo
1249 2432 1293 2465 est
1306 2444 1376 2474 pars
1389 2432 1594 2468 Poenitentiae
1608 2459 1614 2466 .
1628 2436 1743 2470 Tertia
1758 2437 1842 2477 lepra
1853 2435 1897 2468 est
1912 2460 1922 2474 ‚
1936 2434 2026 2480 quod

1139 2494 1190 2523 pet
1202 2482 1299 2516 fidem
1314 2484 1346 2515 in
1361 2482 1526 2516 Christum
1542 2508 1553 2523 ‚
1580 2496 1646 2517 non
1660 2485 1741 2518 casta
1755 2485 1821 2527 ejus
1849 2485 2025 2520 dileffione

1137 2533 1311 2566 formatum
1344 2544 1381 2565 ac
1415 2533 1632 2567 faecundatum
1659 2534 1844 2569 Christiane
1870 2535 2024 2569 credendi

1135 2583 1239 2615 astum
1252 2581 1460 2626 intelligant,
1482 2582 1533 2616 sed
1549 2585 1760 2625 pertinaciam
1776 2597 1862 2619 vanae
1876 2586 1935 2619 suae
1950 2598 2023 2628 prae-

1136 2633 1351 2675 sumptionis:
1378 2632 1458 2679 Qo
1481 2633 1513 2665 in
1542 2636 1660 2676 pun-sto
1676 2635 1835 2677 quantum
1851 2636 2021 2670 discedant

1135 2682 1174 2715 ab
1186 2682 1274 2716 avito
1288 2681 1419 2715 Parrum
1434 2683 1522 2715 sensu
1537 2707 1547 2722 ‚
1560 2683 1607 2717 est
1617 2685 1650 2718 in
1667 2685 1902 2719 Dissertatione
1914 2687 2021 2719 osten·

1135 2732 1219 2765 sum.
1250 2732 1408 2778 Qartam
1434 2732 1552 2774 lepram
1566 2735 1704 2776 exponit
1728 2746 1903 2769 memorata
1930 2735 2020 2769 Con·

1136 2781 1226 2815 feffio
1245 2781 1534 2826 Wirtenbergenfis
1546 2796 1556 2816 t
1584 2787 1694 2818 Demus
1708 2795 1824 2825 operam
1837 2810 1845 2824 ,
1857 2795 2018 2828 uigenera·

1130 2833 1167 2864 lis
1185 2840 1367 2872 peccatorum
1378 2831 1470 2873 Conse
1488 2845 1513 2866 so
1524 2858 1534 2873 ‚
1561 2837 1706 2876 quantiam
1712 2835 1780 2877 fieri
1788 2834 1881 2876 potest
1892 2837 1925 2867 (5
1934 2836 2017 2876 licet,

1131 2887 1161 2912 in
1178 2884 1207 2912 E
1209 2881 1311 2922 eclesiis
1326 2882 1429 2922 nostris
1443 2882 1646 2925 conservetur,
1673 2887 1759 2927 idque
1773 2885 1888 2917 duabus
1899 2886 1938 2918 de
1949 2896 2016 2918 cau·

1123 2931 1164 2972 fis
1185 2955 1192 2963 .
1222 2931 1325 2964 Altera
1346 2955 1357 2971 ,
1392 2943 1426 2964 ut
1448 2933 1503 2966 hac
1537 2933 1669 2973 occasione
1698 2940 1851 2975 privatim
1870 2936 2016 2968 audiatur

1130 2982 1331 3024 Evangelium
1351 2981 1462 3021 Christi
1490 2984 1527 3016 de
1550 2985 1701 3022 remiffione
1709 2993 1913 3024 peccatorum,
1938 2986 2020 3027 quod

1131 3033 1332 3074 Evangelium
1353 3032 1390 3072 est
1414 3044 1486 3065 vera
1497 3034 1594 3066 clavis
1607 3039 1692 3076 regni
1702 3035 1854 3076 coelorum,
1882 3036 1915 3069 Θ
1930 3034 2018 3078 Δόβ-

1127 3083 1228 3114 Ιιιηοᾱ
1240 3088 1368 3123 peccatis
1386 3095 1392 3113 :
1422 3086 1464 3114 Et
1488 3093 1521 3115 ut
1540 3090 1596 3123 per
1619 3086 1757 3117 auditum
1781 3086 1945 3128 Evangelii
1961 3085 2017 3127 seu

1129 3130 1323 3173 AbsolutIonis
1332 3132 1410 3174 fides
1423 3156 1433 3171 ,
1459 3133 1511 3165 vel
1520 3139 1702 3174 concipiatur
1715 3160 1725 3174 ‚
1753 3137 1804 3168 vel
1818 3135 2010 3177 confirmetur.

1128 3181 1373 3215 Confeffionem
1400 3182 1448 3215 vel
1465 3183 1719 3218 Absolutionem
1747 3196 1867 3230 negant
1881 3185 1945 3219 esse
1965 3194 2016 3217 ve·

1128 3242 1199 3265 rum
1212 3256 1222 3272 ,
1236 3233 1340 3274 operis
1354 3232 1475 3274 operati
1492 3233 1609 3266 virtute
1622 3234 1768 3269 validum
1780 3258 1790 3274 ‚
1806 3236 1885 3268 novi
1899 3234 2015 3268 Testa-

1127 3283 1227 3315 menti
1243 3283 1483 3315 Sacramentum
1497 3304 1506 3320 ,
1532 3283 1582 3315 sed
1609 3284 1698 3326 pium
1711 3285 1880 3319 dumtaxat
1905 3283 2015 3316 Poeni-

1127 3332 1226 3365 tentis
1239 3343 1313 3365 cum
1332 3331 1477 3365 Ecclesiae
1492 3330 1649 3367 Ministro
1663 3335 1863 3378 colloquium
1876 3357 1886 3373 ,
1897 3332 2013 3367 iterum

1132 3382 1310 3423 parturiens
1333 3392 1386 3414 aut
1412 3382 1561 3424 plantans
1572 3395 1707 3426 peccato
1721 3385 1854 3427 sopitam
1868 3382 1964 3416 fidem
1977 3384 2012 3417 in

1131 3430 1299 3470 Christum
1309 3454 1322 3475 ,
1335 3430 1368 3467 id
1381 3431 1424 3467 est
1443 3455 1456 3475 ,
1466 3443 1677 3471 memoratam
1690 3445 1779 3471 vanae
1790 3434 2014 3479 praesumptio·

1916 3493 1968 3517 nis

24 3268 99 3303 sess·
125 3278 175 3316 14.
192 3283 221 3315 5i
241 3286 306 3323 quis
327 3283 441 3314 dixerit
453 3284 530 3314 duas
542 3285 661 3317 tantum
672 3284 925 3325 effe-Poenitentiae
935 3291 1040 3325 partes
1055 3307 1064 3322 ‚

74 3332 103 3353 Π·
122 3331 167 3366 24
193 3331 319 3365 terrores
328 3330 442 3374 scilicet
461 3333 579 3375 incussos
591 3333 792 3376 conscientiae,
810 3339 917 3378 ¹agnito
925 3342 1043 3374 peccato
1055 3357 1064 3372 ‚

192 3384 225 3415 <9
232 3382 324 3424 fidem
335 3390 500 3423 conceptam
511 3393 548 3415 ex
561 3385 730 3427 Evangelio
742 3386 792 3417 vel
801 3379 995 3426 Absolutum,
1007 3394 1064 3425 qua

14 3444 99 3491 Cap.
112 3458 145 3496 4.
189 3433 285 3467 ‘mm
294 3438 425 3477 quisper
437 3430 585 3474 Christum
597 3435 710 3479 remiffa
726 3442 866 3478 peccata,
895 3433 1064 3469 Anatbema
