<?xml version="1.0" encoding="UTF-8"?>
<!DOCTYPE html PUBLIC "-//W3C//DTD XHTML 1.0 Transitional//EN"
    "http://www.w3.org/TR/xhtml1/DTD/xhtml1-transitional.dtd">
<html xmlns="http://www.w3.org/1999/xhtml" xml:lang="en" lang="en">
 <head>
  <title>
</title>
<meta http-equiv="Content-Type" content="text/html;charset=utf-8" />
  <meta name='ocr-system' content='tesseract 3.04.00' />
  <meta name='ocr-capabilities' content='ocr_page ocr_carea ocr_par ocr_line ocrx_word'/>
</head>
<body>
  <div class='ocr_page' id='page_1' title='image "./operaomniastudio11lupuuoft/operaomniastudio11lupuuoft_0104.png"; bbox 0 0 2366 3736; ppageno 0'>
   <div class='ocr_carea' id='block_1_1' title="bbox 397 167 463 202">
    <p class='ocr_par' dir='ltr' id='par_1_1' title="bbox 397 167 463 202">
     <span class='ocr_line' id='line_1_1' title="bbox 397 167 463 202; baseline -0.045 0"><span class='ocrx_word' id='word_1_1' title='bbox 397 167 463 202; x_wconf 85' lang='lat'><em>90</em></span> 
     </span>
    </p>
   </div>
   <div class='ocr_carea' id='block_1_2' title="bbox 951 156 1583 204">
    <p class='ocr_par' dir='ltr' id='par_1_2' title="bbox 951 156 1583 204">
     <span class='ocr_line' id='line_1_2' title="bbox 951 156 1583 204; baseline 0.002 -1"><span class='ocrx_word' id='word_1_2' title='bbox 951 156 1583 204; x_wconf 70' lang='lat' dir='ltr'><em>DissenrAr1o</em></span> 
     </span>
    </p>
   </div>
   <div class='ocr_carea' id='block_1_3' title="bbox 413 240 2179 302">
    <p class='ocr_par' dir='ltr' id='par_1_3' title="bbox 413 240 2179 302">
     <span class='ocr_line' id='line_1_3' title="bbox 413 240 2179 302; baseline 0.004 -28"><span class='ocrx_word' id='word_1_3' title='bbox 413 242 508 276; x_wconf 86' lang='lat' dir='ltr'><em>Hinc</em></span> <span class='ocrx_word' id='word_1_4' title='bbox 527 242 678 288; x_wconf 84' lang='lat' dir='ltr'><em>quaeritur</em></span> <span class='ocrx_word' id='word_1_5' title='bbox 699 267 708 284; x_wconf 92' lang='lat'><em>‚</em></span> <span class='ocrx_word' id='word_1_6' title='bbox 738 240 791 275; x_wconf 82' lang='lat' dir='ltr'><em>An</em></span> <span class='ocrx_word' id='word_1_7' title='bbox 817 244 1035 286; x_wconf 82' lang='lat' dir='ltr'><em>quorumdam</em></span> <span class='ocrx_word' id='word_1_8' title='bbox 1062 245 1262 289; x_wconf 72' lang='lat' dir='ltr'><em>sententia‚1</em></span> <span class='ocrx_word' id='word_1_9' title='bbox 1306 246 1496 285; x_wconf 86' lang='lat' dir='ltr'><em>Articulus.</em></span> <span class='ocrx_word' id='word_1_10' title='bbox 1523 249 1638 282; x_wconf 87' lang='lat' dir='ltr'><em>Nullus</em></span> <span class='ocrx_word' id='word_1_11' title='bbox 1652 246 1842 291; x_wconf 80' lang='lat' dir='ltr'><em>vestrumpro</em></span> <span class='ocrx_word' id='word_1_12' title='bbox 1853 251 2047 294; x_wconf 72' lang='lat' dir='ltr'><em>baptizandis</em></span> <span class='ocrx_word' id='word_1_13' title='bbox 2069 259 2179 302; x_wconf 59' lang='lat' dir='ltr'><em>msa„-</em></span> 
     </span>
    </p>
   </div>
   <div class='ocr_carea' id='block_1_4' title="bbox 344 292 1261 848">
    <p class='ocr_par' dir='ltr' id='par_1_4' title="bbox 344 292 1261 848">
     <span class='ocr_line' id='line_1_4' title="bbox 361 292 1261 339; baseline 0.004 -14"><span class='ocrx_word' id='word_1_14' title='bbox 361 293 498 328; x_wconf 69' lang='lat' dir='ltr'><em>asserens</em></span> <span class='ocrx_word' id='word_1_15' title='bbox 509 295 526 328; x_wconf 71' lang='lat' dir='ltr'><em>a</em></span> <span class='ocrx_word' id='word_1_16' title='bbox 539 293 783 327; x_wconf 78' lang='lat' dir='ltr'>parochialibus</span> <span class='ocrx_word' id='word_1_17' title='bbox 796 292 992 338; x_wconf 76' lang='lat' dir='ltr'><em>presbyteris</em></span> <span class='ocrx_word' id='word_1_18' title='bbox 1004 319 1014 334; x_wconf 87' lang='lat'><strong>,</strong></span> <span class='ocrx_word' id='word_1_19' title='bbox 1041 295 1095 339; x_wconf 87' lang='lat' dir='ltr'><em>qui</em></span> <span class='ocrx_word' id='word_1_20' title='bbox 1110 295 1242 329; x_wconf 77' lang='lat' dir='ltr'><em>aliunde</em></span> <span class='ocrx_word' id='word_1_21' title='bbox 1258 301 1261 324; x_wconf 77' lang='lat' dir='ltr'><em>i</em></span> 
     </span>
     <span class='ocr_line' id='line_1_5' title="bbox 361 343 1242 396; baseline -0.007 -10"><span class='ocrx_word' id='word_1_22' title='bbox 361 354 490 396; x_wconf 81' lang='lat' dir='ltr'><strong>plenam</strong></span> <span class='ocrx_word' id='word_1_23' title='bbox 502 362 538 383; x_wconf 86' lang='lat' dir='ltr'><em>ac</em></span> <span class='ocrx_word' id='word_1_24' title='bbox 551 345 720 382; x_wconf 83' lang='lat' dir='ltr'><em>honestam</em></span> <span class='ocrx_word' id='word_1_25' title='bbox 732 355 800 378; x_wconf 84' lang='lat' dir='ltr'><em>non</em></span> <span class='ocrx_word' id='word_1_26' title='bbox 813 343 934 379; x_wconf 90' lang='lat' dir='ltr'><em>habent</em></span> <span class='ocrx_word' id='word_1_27' title='bbox 951 345 1220 380; x_wconf 76' lang='lat' dir='ltr'><em>sustentationem</em></span> <span class='ocrx_word' id='word_1_28' title='bbox 1231 373 1242 389; x_wconf 92' lang='lat'>‚</span> 
     </span>
     <span class='ocr_line' id='line_1_6' title="bbox 360 395 1241 447; baseline -0.005 -12"><span class='ocrx_word' id='word_1_29' title='bbox 360 403 449 447; x_wconf 72' lang='lat' dir='ltr'><em>posse</em></span> <span class='ocrx_word' id='word_1_30' title='bbox 473 399 526 433; x_wconf 90' lang='lat' dir='ltr'><em>hic</em></span> <span class='ocrx_word' id='word_1_31' title='bbox 546 396 669 441; x_wconf 81' lang='lat' dir='ltr'><em>aliquid</em></span> <span class='ocrx_word' id='word_1_32' title='bbox 683 395 795 440; x_wconf 83' lang='lat' dir='ltr'>exigi,</span> <span class='ocrx_word' id='word_1_33' title='bbox 822 395 859 429; x_wconf 85' lang='lat' dir='ltr'><em>sit</em></span> <span class='ocrx_word' id='word_1_34' title='bbox 881 395 1076 429; x_wconf 82' lang='lat' dir='ltr'><em>tolerabilis?</em></span> <span class='ocrx_word' id='word_1_35' title='bbox 1099 396 1241 439; x_wconf 85' lang='lat' dir='ltr'><em>Respon-</em></span> 
     </span>
     <span class='ocr_line' id='line_1_7' title="bbox 358 445 1240 487; baseline -0.002 -3"><span class='ocrx_word' id='word_1_36' title='bbox 358 454 423 487; x_wconf 86' lang='lat' dir='ltr'><em>deo</em></span> <span class='ocrx_word' id='word_1_37' title='bbox 445 460 511 482; x_wconf 92' lang='lat' dir='ltr'><em>non</em></span> <span class='ocrx_word' id='word_1_38' title='bbox 533 448 595 482; x_wconf 82' lang='lat' dir='ltr'><em>effe</em></span> <span class='ocrx_word' id='word_1_39' title='bbox 616 472 623 479; x_wconf 95' lang='lat'>.</span> <span class='ocrx_word' id='word_1_40' title='bbox 652 446 708 480; x_wconf 84' lang='lat' dir='ltr'><em>Est</em></span> <span class='ocrx_word' id='word_1_41' title='bbox 732 445 823 480; x_wconf 75' lang='lat' dir='ltr'><em>certo</em></span> <span class='ocrx_word' id='word_1_42' title='bbox 846 445 1036 480; x_wconf 80' lang='lat' dir='ltr'><em>simoniaca</em></span> <span class='ocrx_word' id='word_1_43' title='bbox 1056 470 1064 478; x_wconf 93' lang='lat'>.</span> <span class='ocrx_word' id='word_1_44' title='bbox 1106 445 1240 482; x_wconf 88' lang='lat' dir='ltr'>Etenim</span> 
     </span>
     <span class='ocr_line' id='line_1_8' title="bbox 356 496 1239 541; baseline -0.009 -3"><span class='ocrx_word' id='word_1_45' title='bbox 356 500 550 539; x_wconf 82' lang='lat' dir='ltr'><em>venerabilis</em></span> <span class='ocrx_word' id='word_1_46' title='bbox 561 497 749 533; x_wconf 79' lang='lat' dir='ltr'>Alexander</span> <span class='ocrx_word' id='word_1_47' title='bbox 771 496 995 540; x_wconf 85' lang='lat' dir='ltr'><em>Canigianus,</em></span> <span class='ocrx_word' id='word_1_48' title='bbox 1025 496 1149 530; x_wconf 85' lang='lat' dir='ltr'><em>Archi·</em></span> <span class='ocrx_word' id='word_1_49' title='bbox 1164 498 1239 541; x_wconf 88' lang='lat' dir='ltr'><em>Epi—</em></span> 
     </span>
     <span class='ocr_line' id='line_1_9' title="bbox 356 546 1235 596; baseline -0.008 -7"><span class='ocrx_word' id='word_1_50' title='bbox 356 555 469 596; x_wconf 84' lang='lat' dir='ltr'>scopus</span> <span class='ocrx_word' id='word_1_51' title='bbox 503 549 665 593; x_wconf 85' lang='lat' dir='ltr'><em>Aquenfis</em></span> <span class='ocrx_word' id='word_1_52' title='bbox 688 573 699 589; x_wconf 92' lang='lat'>,</span> <span class='ocrx_word' id='word_1_53' title='bbox 745 546 786 580; x_wconf 86' lang='lat' dir='ltr'><em>ad</em></span> <span class='ocrx_word' id='word_1_54' title='bbox 816 547 1046 591; x_wconf 58' lang='lat' dir='ltr'><em>odiogesimum</em></span> <span class='ocrx_word' id='word_1_55' title='bbox 1060 566 1069 572; x_wconf 97' lang='lat'>-</span> <span class='ocrx_word' id='word_1_56' title='bbox 1082 549 1235 591; x_wconf 86' lang='lat' dir='ltr'><em>quintum</em></span> 
     </span>
     <span class='ocr_line' id='line_1_10' title="bbox 354 596 1237 647; baseline -0.008 -9"><span class='ocrx_word' id='word_1_57' title='bbox 354 603 449 647; x_wconf 84' lang='lat' dir='ltr'><em>elapsi</em></span> <span class='ocrx_word' id='word_1_58' title='bbox 462 602 563 635; x_wconf 82' lang='lat' dir='ltr'><em>saeculi</em></span> <span class='ocrx_word' id='word_1_59' title='bbox 575 609 698 634; x_wconf 87' lang='lat' dir='ltr'><em>annum</em></span> <span class='ocrx_word' id='word_1_60' title='bbox 710 596 836 640; x_wconf 75' lang='lat' dir='ltr'><em>optime</em></span> <span class='ocrx_word' id='word_1_61' title='bbox 848 597 952 630; x_wconf 80' lang='lat' dir='ltr'>sanxit</span> <span class='ocrx_word' id='word_1_62' title='bbox 974 598 1006 629; x_wconf 92' lang='lat' dir='ltr'><em>in</em></span> <span class='ocrx_word' id='word_1_63' title='bbox 1023 599 1084 631; x_wconf 85' lang='lat' dir='ltr'><em>suae</em></span> <span class='ocrx_word' id='word_1_64' title='bbox 1099 598 1237 632; x_wconf 85' lang='lat' dir='ltr'><em>Provin-</em></span> 
     </span>
     <span class='ocr_line' id='line_1_11' title="bbox 353 646 1232 695; baseline -0.008 -7"><span class='ocrx_word' id='word_1_65' title='bbox 353 654 411 689; x_wconf 76' lang='lat' dir='ltr'><em>cia:</em></span> <span class='ocrx_word' id='word_1_66' title='bbox 424 650 580 695; x_wconf 89' lang='lat' dir='ltr'><em>Synodo:</em></span> <span class='ocrx_word' id='word_1_67' title='bbox 607 649 688 682; x_wconf 85' lang='lat' dir='ltr'><em>Illud</em></span> <span class='ocrx_word' id='word_1_68' title='bbox 692 655 837 690; x_wconf 86' lang='lat' dir='ltr'><em>praeterea</em></span> <span class='ocrx_word' id='word_1_69' title='bbox 854 646 981 679; x_wconf 85' lang='lat' dir='ltr'><em>Parocbi</em></span> <span class='ocrx_word' id='word_1_70' title='bbox 1003 649 1164 691; x_wconf 79' lang='lat' dir='ltr'><em>diligenter</em></span> <span class='ocrx_word' id='word_1_71' title='bbox 1188 660 1232 683; x_wconf 88' lang='lat' dir='ltr'><em>ca-</em></span> 
     </span>
     <span class='ocr_line' id='line_1_12' title="bbox 353 696 1232 744; baseline -0.006 -8"><span class='ocrx_word' id='word_1_72' title='bbox 353 713 448 738; x_wconf 87' lang='lat' dir='ltr'><em>veant</em></span> <span class='ocrx_word' id='word_1_73' title='bbox 463 727 474 743; x_wconf 87' lang='lat'><strong><em>,</em></strong></span> <span class='ocrx_word' id='word_1_74' title='bbox 499 713 535 735; x_wconf 92' lang='lat' dir='ltr'><em>ne</em></span> <span class='ocrx_word' id='word_1_75' title='bbox 544 710 597 744; x_wconf 84' lang='lat' dir='ltr'><em>pro</em></span> <span class='ocrx_word' id='word_1_76' title='bbox 609 699 804 732; x_wconf 70' lang='lat' dir='ltr'><em>sacramentis</em></span> <span class='ocrx_word' id='word_1_77' title='bbox 817 696 1063 737; x_wconf 81' lang='lat' dir='ltr'><em>administrandis</em></span> <span class='ocrx_word' id='word_1_78' title='bbox 1076 698 1115 731; x_wconf 88' lang='lat' dir='ltr'><em>ab</em></span> <span class='ocrx_word' id='word_1_79' title='bbox 1139 700 1195 731; x_wconf 91' lang='lat' dir='ltr'><em>ullo</em></span> <span class='ocrx_word' id='word_1_80' title='bbox 1221 723 1232 740; x_wconf 86' lang='lat'><strong>,</strong></span> 
     </span>
     <span class='ocr_line' id='line_1_13' title="bbox 351 747 1230 790; baseline -0.008 -4"><span class='ocrx_word' id='word_1_81' title='bbox 351 756 404 787; x_wconf 78' lang='lat' dir='ltr'><em>vel</em></span> <span class='ocrx_word' id='word_1_82' title='bbox 413 757 541 785; x_wconf 87' lang='lat' dir='ltr'><em>omnium</em></span> <span class='ocrx_word' id='word_1_83' title='bbox 552 762 649 783; x_wconf 85' lang='lat' dir='ltr'><em>rerum</em></span> <span class='ocrx_word' id='word_1_84' title='bbox 661 755 745 790; x_wconf 85' lang='lat' dir='ltr'><em>inope</em></span> <span class='ocrx_word' id='word_1_85' title='bbox 757 748 910 781; x_wconf 83' lang='lat' dir='ltr'><em>sacerdote</em></span> <span class='ocrx_word' id='word_1_86' title='bbox 923 771 933 787; x_wconf 90' lang='lat'><strong>,</strong></span> <span class='ocrx_word' id='word_1_87' title='bbox 960 747 1061 780; x_wconf 82' lang='lat' dir='ltr'><em>verbis</em></span> <span class='ocrx_word' id='word_1_88' title='bbox 1072 757 1125 780; x_wconf 86' lang='lat' dir='ltr'><em>aut</em></span> <span class='ocrx_word' id='word_1_89' title='bbox 1137 754 1230 782; x_wconf 81' lang='lat' dir='ltr'><em>etiam</em></span> 
     </span>
     <span class='ocr_line' id='line_1_14' title="bbox 344 797 1230 848; baseline -0.008 -11"><span class='ocrx_word' id='word_1_90' title='bbox 344 800 437 848; x_wconf 44' lang='lat' dir='ltr'><em>fig&#39;nis</em></span> <span class='ocrx_word' id='word_1_91' title='bbox 451 804 615 845; x_wconf 78' lang='lat' dir='ltr'><em>quidquam</em></span> <span class='ocrx_word' id='word_1_92' title='bbox 626 800 746 842; x_wconf 74' lang='lat' dir='ltr'><em>prorsus</em></span> <span class='ocrx_word' id='word_1_93' title='bbox 759 797 812 830; x_wconf 83' lang='lat' dir='ltr'><em>vel</em></span> <span class='ocrx_word' id='word_1_94' title='bbox 832 802 986 830; x_wconf 89' lang='lat' dir='ltr'><em>minimum</em></span> <span class='ocrx_word' id='word_1_95' title='bbox 1010 804 1119 839; x_wconf 86' lang='lat' dir='ltr'><em>quovis</em></span> <span class='ocrx_word' id='word_1_96' title='bbox 1145 802 1230 832; x_wconf 85' lang='lat' dir='ltr'><em>moda</em></span> 
     </span>
    </p>
   </div>
   <div class='ocr_carea' id='block_1_5' title="bbox 162 846 1229 3491">
    <p class='ocr_par' dir='ltr' id='par_1_5' title="bbox 162 846 1229 3491">
     <span class='ocr_line' id='line_1_15' title="bbox 344 846 1229 895; baseline -0.007 -8"><span class='ocrx_word' id='word_1_97' title='bbox 344 863 470 895; x_wconf 87' lang='lat' dir='ltr'><em>petatur</em></span> <span class='ocrx_word' id='word_1_98' title='bbox 486 862 540 885; x_wconf 88' lang='lat' dir='ltr'><em>aut</em></span> <span class='ocrx_word' id='word_1_99' title='bbox 550 856 701 894; x_wconf 82' lang='lat' dir='ltr'><em>exigatur.</em></span> <span class='ocrx_word' id='word_1_100' title='bbox 733 848 828 890; x_wconf 65' lang='lat' dir='ltr'><em>Quod</em></span> <span class='ocrx_word' id='word_1_101' title='bbox 840 846 947 888; x_wconf 78' lang='lat' dir='ltr'><em>siquis</em></span> <span class='ocrx_word' id='word_1_102' title='bbox 971 856 1072 881; x_wconf 89' lang='lat' dir='ltr'><em>contra</em></span> <span class='ocrx_word' id='word_1_103' title='bbox 1083 848 1193 889; x_wconf 75' lang='lat' dir='ltr'><em>fecerit</em></span> <span class='ocrx_word' id='word_1_104' title='bbox 1219 872 1229 888; x_wconf 94' lang='lat'>,</span> 
     </span>
     <span class='ocr_line' id='line_1_16' title="bbox 347 897 1227 948; baseline -0.006 -12"><span class='ocrx_word' id='word_1_105' title='bbox 347 910 376 936; x_wconf 79' lang='lat' dir='ltr'><em>is</em></span> <span class='ocrx_word' id='word_1_106' title='bbox 382 908 523 948; x_wconf 87' lang='lat' dir='ltr'><em>graviter</em></span> <span class='ocrx_word' id='word_1_107' title='bbox 533 902 572 934; x_wconf 89' lang='lat' dir='ltr'><em>ab</em></span> <span class='ocrx_word' id='word_1_108' title='bbox 596 897 740 941; x_wconf 75' lang='lat' dir='ltr'><em>Episcopo</em></span> <span class='ocrx_word' id='word_1_109' title='bbox 746 907 802 939; x_wconf 90' lang='lat' dir='ltr'><em>pro</em></span> <span class='ocrx_word' id='word_1_110' title='bbox 814 898 907 938; x_wconf 80' lang='lat' dir='ltr'><em>culpae</em></span> <span class='ocrx_word' id='word_1_111' title='bbox 920 904 1034 931; x_wconf 84' lang='lat' dir='ltr'><em>ratione</em></span> <span class='ocrx_word' id='word_1_112' title='bbox 1057 904 1205 939; x_wconf 88' lang='lat' dir='ltr'><em>puniatur</em></span> <span class='ocrx_word' id='word_1_113' title='bbox 1217 924 1227 940; x_wconf 95' lang='lat'>,</span> 
     </span>
     <span class='ocr_line' id='line_1_17' title="bbox 346 946 1219 992; baseline -0.007 -5"><span class='ocrx_word' id='word_1_114' title='bbox 346 965 404 987; x_wconf 88' lang='lat' dir='ltr'><em>non</em></span> <span class='ocrx_word' id='word_1_115' title='bbox 416 958 561 986; x_wconf 67' lang='lat' dir='ltr'><em>avaritia</em></span> <span class='ocrx_word' id='word_1_116' title='bbox 580 951 698 982; x_wconf 73' lang='lat' dir='ltr'><em>tantum</em></span> <span class='ocrx_word' id='word_1_117' title='bbox 708 948 775 982; x_wconf 88' lang='lat' dir='ltr'><em>labe</em></span> <span class='ocrx_word' id='word_1_118' title='bbox 789 957 908 980; x_wconf 88' lang='lat' dir='ltr'><em>notatus</em></span> <span class='ocrx_word' id='word_1_119' title='bbox 922 972 931 988; x_wconf 93' lang='lat'>,</span> <span class='ocrx_word' id='word_1_120' title='bbox 951 946 1009 992; x_wconf 83' lang='lat' dir='ltr'><em>sed</em></span> <span class='ocrx_word' id='word_1_121' title='bbox 1018 955 1109 981; x_wconf 85' lang='lat' dir='ltr'><em>etiam</em></span> <span class='ocrx_word' id='word_1_122' title='bbox 1121 952 1219 982; x_wconf 89' lang='lat' dir='ltr'><em>simo-</em></span> 
     </span>
     <span class='ocr_line' id='line_1_18' title="bbox 345 997 1225 1045; baseline -0.006 -8"><span class='ocrx_word' id='word_1_123' title='bbox 345 1010 440 1037; x_wconf 82' lang='lat' dir='ltr'><em>niacae</em></span> <span class='ocrx_word' id='word_1_124' title='bbox 447 1007 618 1045; x_wconf 77' lang='lat' dir='ltr'><em>pravitatis</em></span> <span class='ocrx_word' id='word_1_125' title='bbox 631 1011 697 1033; x_wconf 88' lang='lat' dir='ltr'><em>reus</em></span> <span class='ocrx_word' id='word_1_126' title='bbox 711 1023 718 1030; x_wconf 91' lang='lat'><strong>.</strong></span> <span class='ocrx_word' id='word_1_127' title='bbox 747 997 871 1041; x_wconf 78' lang='lat' dir='ltr'><em>,Quodfi</em></span> <span class='ocrx_word' id='word_1_128' title='bbox 886 999 958 1031; x_wconf 88' lang='lat' dir='ltr'><em>laici</em></span> <span class='ocrx_word' id='word_1_129' title='bbox 979 998 1110 1032; x_wconf 83' lang='lat' dir='ltr'><em>homines</em></span> <span class='ocrx_word' id='word_1_130' title='bbox 1121 1024 1132 1040; x_wconf 87' lang='lat'>‚</span> <span class='ocrx_word' id='word_1_131' title='bbox 1160 1002 1225 1032; x_wconf 91' lang='lat' dir='ltr'><em>elee-</em></span> 
     </span>
     <span class='ocr_line' id='line_1_19' title="bbox 343 1048 1226 1095; baseline -0.005 -9"><span class='ocrx_word' id='word_1_132' title='bbox 343 1052 472 1095; x_wconf 70' lang='lat' dir='ltr'><em>mosvnas</em></span> <span class='ocrx_word' id='word_1_133' title='bbox 484 1054 556 1085; x_wconf 90' lang='lat' dir='ltr'><em>dare</em></span> <span class='ocrx_word' id='word_1_134' title='bbox 567 1048 718 1092; x_wconf 81' lang='lat' dir='ltr'><em>consuetas</em></span> <span class='ocrx_word' id='word_1_135' title='bbox 733 1073 743 1089; x_wconf 91' lang='lat'>‚</span> <span class='ocrx_word' id='word_1_136' title='bbox 770 1049 992 1091; x_wconf 84' lang='lat' dir='ltr'><em>impendereque</em></span> <span class='ocrx_word' id='word_1_137' title='bbox 1005 1058 1133 1082; x_wconf 86' lang='lat' dir='ltr'><em>renuant</em></span> <span class='ocrx_word' id='word_1_138' title='bbox 1145 1073 1155 1089; x_wconf 90' lang='lat'>,</span> <span class='ocrx_word' id='word_1_139' title='bbox 1181 1061 1226 1082; x_wconf 90' lang='lat' dir='ltr'><em>eos</em></span> 
     </span>
     <span class='ocr_line' id='line_1_20' title="bbox 342 1099 1215 1145; baseline -0.008 -9"><span class='ocrx_word' id='word_1_140' title='bbox 342 1102 507 1145; x_wconf 82' lang='lat' dir='ltr'><em>Episcopus</em></span> <span class='ocrx_word' id='word_1_141' title='bbox 520 1114 558 1135; x_wconf 85' lang='lat' dir='ltr'><em>ex</em></span> <span class='ocrx_word' id='word_1_142' title='bbox 583 1104 738 1132; x_wconf 86' lang='lat' dir='ltr'><em>Canonum</em></span> <span class='ocrx_word' id='word_1_143' title='bbox 743 1102 775 1143; x_wconf 87' lang='lat' dir='ltr'><em>J</em></span> <span class='ocrx_word' id='word_1_144' title='bbox 777 1110 826 1131; x_wconf 84' lang='lat' dir='ltr'><em>ure</em></span> <span class='ocrx_word' id='word_1_145' title='bbox 839 1100 884 1131; x_wconf 88' lang='lat' dir='ltr'><em>ad</em></span> <span class='ocrx_word' id='word_1_146' title='bbox 888 1100 941 1140; x_wconf 68' lang='lat' dir='ltr'><em>pie</em></span> <span class='ocrx_word' id='word_1_147' title='bbox 951 1099 1152 1133; x_wconf 64' lang='lat' dir='ltr'><em>introdudlam</em></span> <span class='ocrx_word' id='word_1_148' title='bbox 1164 1111 1215 1132; x_wconf 86' lang='lat' dir='ltr'><em>con</em></span> 
     </span>
     <span class='ocr_line' id='line_1_21' title="bbox 336 1149 1224 1195; baseline -0.005 -10"><span class='ocrx_word' id='word_1_149' title='bbox 336 1151 527 1195; x_wconf 73' lang='lat' dir='ltr'><em>suetudinem</em></span> <span class='ocrx_word' id='word_1_150' title='bbox 547 1152 692 1193; x_wconf 72' lang='lat' dir='ltr'><em>perpetuo</em></span> <span class='ocrx_word' id='word_1_151' title='bbox 701 1149 889 1182; x_wconf 71' lang='lat' dir='ltr'><em>retinendam</em></span> <span class='ocrx_word' id='word_1_152' title='bbox 896 1158 980 1192; x_wconf 88' lang='lat' dir='ltr'><em>cogat</em></span> <span class='ocrx_word' id='word_1_153' title='bbox 994 1157 1083 1189; x_wconf 89' lang='lat' dir='ltr'><em>atque</em></span> <span class='ocrx_word' id='word_1_154' title='bbox 1104 1150 1224 1189; x_wconf 87' lang='lat' dir='ltr'><em>compel-</em></span> 
     </span>
     <span class='ocr_line' id='line_1_22' title="bbox 339 1198 1221 1236; baseline -0.005 -1"><span class='ocrx_word' id='word_1_155' title='bbox 339 1204 402 1235; x_wconf 83' lang='lat' dir='ltr'><em>lat.</em></span> <span class='ocrx_word' id='word_1_156' title='bbox 431 1203 582 1235; x_wconf 69' lang='lat' dir='ltr'><em>sancium</em></span> <span class='ocrx_word' id='word_1_157' title='bbox 595 1202 638 1233; x_wconf 70' lang='lat' dir='ltr'><em>esi</em></span> <span class='ocrx_word' id='word_1_158' title='bbox 654 1199 738 1232; x_wconf 81' lang='lat' dir='ltr'><em>istud</em></span> <span class='ocrx_word' id='word_1_159' title='bbox 753 1199 930 1236; x_wconf 80' lang='lat' dir='ltr'><em>Decretum</em></span> <span class='ocrx_word' id='word_1_160' title='bbox 947 1221 955 1229; x_wconf 89' lang='lat'>.</span> <span class='ocrx_word' id='word_1_161' title='bbox 983 1198 1129 1231; x_wconf 77' lang='lat' dir='ltr'><em>SanCtius</em></span> <span class='ocrx_word' id='word_1_162' title='bbox 1153 1198 1191 1231; x_wconf 88' lang='lat' dir='ltr'><em>ed</em></span> <span class='ocrx_word' id='word_1_163' title='bbox 1201 1199 1221 1231; x_wconf 85' lang='lat' dir='ltr'><em>i-</em></span> 
     </span>
     <span class='ocr_line' id='line_1_23' title="bbox 338 1248 1223 1294; baseline -0.003 -9"><span class='ocrx_word' id='word_1_164' title='bbox 338 1251 386 1285; x_wconf 91' lang='lat' dir='ltr'><em>dit</em></span> <span class='ocrx_word' id='word_1_165' title='bbox 400 1252 439 1285; x_wconf 87' lang='lat' dir='ltr'><em>ad</em></span> <span class='ocrx_word' id='word_1_166' title='bbox 460 1250 601 1294; x_wconf 84' lang='lat' dir='ltr'><em>ejusdem</em></span> <span class='ocrx_word' id='word_1_167' title='bbox 623 1248 727 1282; x_wconf 86' lang='lat' dir='ltr'><em>saeculi</em></span> <span class='ocrx_word' id='word_1_168' title='bbox 758 1256 880 1279; x_wconf 87' lang='lat' dir='ltr'><em>annum</em></span> <span class='ocrx_word' id='word_1_169' title='bbox 892 1248 1134 1291; x_wconf 85' lang='lat' dir='ltr'><em>nonagesimum</em></span> <span class='ocrx_word' id='word_1_170' title='bbox 1161 1248 1223 1282; x_wconf 85' lang='lat' dir='ltr'><em>Ve-</em></span> 
     </span>
     <span class='ocr_line' id='line_1_24' title="bbox 338 1296 1222 1339; baseline -0.01 -4"><span class='ocrx_word' id='word_1_171' title='bbox 338 1302 490 1335; x_wconf 83' lang='lat' dir='ltr'><em>nerabilis</em></span> <span class='ocrx_word' id='word_1_172' title='bbox 503 1298 740 1334; x_wconf 76' lang='lat' dir='ltr'><em>Franciscusde</em></span> <span class='ocrx_word' id='word_1_173' title='bbox 763 1296 865 1339; x_wconf 78' lang='lat' dir='ltr'><em>Jojosa</em></span> <span class='ocrx_word' id='word_1_174' title='bbox 880 1320 892 1336; x_wconf 82' lang='lat'>‚</span> <span class='ocrx_word' id='word_1_175' title='bbox 919 1298 1040 1332; x_wconf 67' lang='lat' dir='ltr'><em>Sanstae</em></span> <span class='ocrx_word' id='word_1_176' title='bbox 1064 1297 1222 1332; x_wconf 60' lang='lat' dir='ltr'><em>Romana,</em></span> 
     </span>
     <span class='ocr_line' id='line_1_25' title="bbox 336 1345 1217 1389; baseline -0.006 -4"><span class='ocrx_word' id='word_1_177' title='bbox 336 1351 488 1385; x_wconf 85' lang='lat' dir='ltr'><em>Ecclesiae</em></span> <span class='ocrx_word' id='word_1_178' title='bbox 499 1346 686 1383; x_wconf 84' lang='lat' dir='ltr'><em>Cardinalis</em></span> <span class='ocrx_word' id='word_1_179' title='bbox 698 1371 707 1386; x_wconf 84' lang='lat'>,</span> <span class='ocrx_word' id='word_1_180' title='bbox 734 1348 766 1380; x_wconf 76' lang='grc' dir='ltr'><em>ὅ(</em></span> <span class='ocrx_word' id='word_1_181' title='bbox 781 1345 884 1379; x_wconf 85' lang='lat' dir='ltr'><em>Archi</em></span> <span class='ocrx_word' id='word_1_182' title='bbox 896 1364 905 1370; x_wconf 93' lang='lat'>-</span> <span class='ocrx_word' id='word_1_183' title='bbox 921 1347 1103 1389; x_wconf 86' lang='lat' dir='ltr'><strong>Episcopus</strong></span> <span class='ocrx_word' id='word_1_184' title='bbox 1117 1347 1217 1381; x_wconf 83' lang='lat' dir='ltr'><em>Tho-</em></span> 
     </span>
     <span class='ocr_line' id='line_1_26' title="bbox 337 1394 1217 1439; baseline -0.005 -4"><span class='ocrx_word' id='word_1_185' title='bbox 337 1401 490 1435; x_wconf 85' lang='lat' dir='ltr'><em>losanus:</em></span> <span class='ocrx_word' id='word_1_186' title='bbox 519 1403 586 1432; x_wconf 85' lang='lat' dir='ltr'><em>Nec</em></span> <span class='ocrx_word' id='word_1_187' title='bbox 597 1399 667 1432; x_wconf 76' lang='lat' dir='ltr'><em>vero</em></span> <span class='ocrx_word' id='word_1_188' title='bbox 690 1394 838 1439; x_wconf 73' lang='lat' dir='ltr'><em>quispiam</em></span> <span class='ocrx_word' id='word_1_189' title='bbox 849 1395 967 1438; x_wconf 87' lang='lat' dir='ltr'><em>aliquid</em></span> <span class='ocrx_word' id='word_1_190' title='bbox 975 1411 986 1437; x_wconf 68' lang='lat'><em>5</em></span> <span class='ocrx_word' id='word_1_191' title='bbox 1015 1398 1065 1430; x_wconf 87' lang='lat' dir='ltr'><em>vel</em></span> <span class='ocrx_word' id='word_1_192' title='bbox 1085 1397 1217 1438; x_wconf 64' lang='lat' dir='ltr'><em>ditem,</em></span> 
     </span>
     <span class='ocr_line' id='line_1_27' title="bbox 339 1446 1216 1491; baseline -0.007 -7"><span class='ocrx_word' id='word_1_193' title='bbox 339 1452 391 1491; x_wconf 79' lang='lat' dir='ltr'><em>vel</em></span> <span class='ocrx_word' id='word_1_194' title='bbox 402 1449 544 1484; x_wconf 75' lang='lat' dir='ltr'><em>indirec‘le</em></span> <span class='ocrx_word' id='word_1_195' title='bbox 557 1474 566 1488; x_wconf 88' lang='lat'><strong>,</strong></span> <span class='ocrx_word' id='word_1_196' title='bbox 596 1454 627 1481; x_wconf 86' lang='lat' dir='ltr'><em>in</em></span> <span class='ocrx_word' id='word_1_197' title='bbox 638 1446 811 1490; x_wconf 84' lang='lat' dir='ltr'><em>confeffionis</em></span> <span class='ocrx_word' id='word_1_198' title='bbox 825 1470 836 1486; x_wconf 90' lang='lat'>,</span> <span class='ocrx_word' id='word_1_199' title='bbox 860 1446 919 1490; x_wconf 86' lang='lat' dir='ltr'><em>sed</em></span> <span class='ocrx_word' id='word_1_200' title='bbox 926 1457 977 1480; x_wconf 91' lang='lat' dir='ltr'><em>nec</em></span> <span class='ocrx_word' id='word_1_201' title='bbox 987 1452 1019 1479; x_wconf 82' lang='lat' dir='ltr'><em>in</em></span> <span class='ocrx_word' id='word_1_202' title='bbox 1031 1447 1154 1479; x_wconf 84' lang='lat' dir='ltr'><em>aliorum</em></span> <span class='ocrx_word' id='word_1_203' title='bbox 1167 1450 1216 1481; x_wconf 77' lang='lat' dir='ltr'><em>sa-</em></span> 
     </span>
     <span class='ocr_line' id='line_1_28' title="bbox 336 1497 1215 1541; baseline -0.005 -7"><span class='ocrx_word' id='word_1_204' title='bbox 336 1511 551 1534; x_wconf 85' lang='lat' dir='ltr'><em>cramentorum</em></span> <span class='ocrx_word' id='word_1_205' title='bbox 597 1497 851 1536; x_wconf 67' lang='lat' dir='ltr'><em>administratione</em></span> <span class='ocrx_word' id='word_1_206' title='bbox 899 1498 1055 1531; x_wconf 81' lang='lat' dir='ltr'><em>mercedem</em></span> <span class='ocrx_word' id='word_1_207' title='bbox 1079 1503 1182 1541; x_wconf 75' lang='lat' dir='ltr'><em>exigat</em></span> <span class='ocrx_word' id='word_1_208' title='bbox 1208 1523 1215 1530; x_wconf 90' lang='lat'>.</span> 
     </span>
     <span class='ocr_line' id='line_1_29' title="bbox 336 1548 1216 1589; baseline -0.001 -7"><span class='ocrx_word' id='word_1_209' title='bbox 336 1554 396 1584; x_wconf 88' lang='lat' dir='ltr'><em>Pro</em></span> <span class='ocrx_word' id='word_1_210' title='bbox 407 1552 614 1584; x_wconf 84' lang='lat' dir='ltr'><em>Communione</em></span> <span class='ocrx_word' id='word_1_211' title='bbox 637 1548 755 1589; x_wconf 75' lang='lat' dir='ltr'><em>aliquid</em></span> <span class='ocrx_word' id='word_1_212' title='bbox 772 1551 915 1588; x_wconf 85' lang='lat' dir='ltr'><em>accipiens</em></span> <span class='ocrx_word' id='word_1_213' title='bbox 940 1570 951 1587; x_wconf 91' lang='lat'>‚</span> <span class='ocrx_word' id='word_1_214' title='bbox 983 1549 1080 1588; x_wconf 68' lang='lat' dir='ltr'><em>juxta</em></span> <span class='ocrx_word' id='word_1_215' title='bbox 1114 1549 1216 1581; x_wconf 86' lang='lat' dir='ltr'><em>sacros</em></span> 
     </span>
     <span class='ocr_line' id='line_1_30' title="bbox 336 1596 1215 1644; baseline -0.003 -11"><span class='ocrx_word' id='word_1_216' title='bbox 336 1606 475 1634; x_wconf 88' lang='lat' dir='ltr'><em>Canones</em></span> <span class='ocrx_word' id='word_1_217' title='bbox 484 1605 624 1644; x_wconf 84' lang='lat' dir='ltr'><em>graviter</em></span> <span class='ocrx_word' id='word_1_218' title='bbox 632 1604 778 1639; x_wconf 78' lang='lat' dir='ltr'><em>puniatur</em></span> <span class='ocrx_word' id='word_1_219' title='bbox 792 1622 799 1629; x_wconf 92' lang='lat'><strong>.</strong></span> <span class='ocrx_word' id='word_1_220' title='bbox 825 1599 855 1630; x_wconf 86' lang='lat' dir='ltr'><em>si</em></span> <span class='ocrx_word' id='word_1_221' title='bbox 870 1606 970 1629; x_wconf 90' lang='lat' dir='ltr'><em>tamen</em></span> <span class='ocrx_word' id='word_1_222' title='bbox 981 1596 1042 1638; x_wconf 78' lang='lat' dir='ltr'><em>post</em></span> <span class='ocrx_word' id='word_1_223' title='bbox 1050 1597 1215 1639; x_wconf 81' lang='lat' dir='ltr'><em>praesti&#39;tum</em></span> 
     </span>
     <span class='ocr_line' id='line_1_31' title="bbox 333 1645 1215 1690; baseline -0.006 -5"><span class='ocrx_word' id='word_1_224' title='bbox 333 1653 427 1685; x_wconf 72' lang='lat' dir='ltr'><em>libere</em></span> <span class='ocrx_word' id='word_1_225' title='bbox 438 1655 658 1685; x_wconf 86' lang='lat' dir='ltr'><em>sacramentum</em></span> <span class='ocrx_word' id='word_1_226' title='bbox 672 1649 791 1690; x_wconf 86' lang='lat' dir='ltr'><em>aliquid</em></span> <span class='ocrx_word' id='word_1_227' title='bbox 807 1655 863 1690; x_wconf 87' lang='lat' dir='ltr'><em>pro</em></span> <span class='ocrx_word' id='word_1_228' title='bbox 873 1645 1042 1689; x_wconf 61' lang='lat' dir='ltr'><em>eleemosina</em></span> <span class='ocrx_word' id='word_1_229' title='bbox 1062 1649 1082 1679; x_wconf 76' lang='lat' dir='ltr'><em>a</em></span> <span class='ocrx_word' id='word_1_230' title='bbox 1107 1647 1215 1687; x_wconf 84' lang='lat' dir='ltr'><em>Christi</em></span> 
     </span>
     <span class='ocr_line' id='line_1_32' title="bbox 329 1697 1213 1744; baseline -0.005 -10"><span class='ocrx_word' id='word_1_231' title='bbox 329 1703 466 1744; x_wconf 86' lang='lat' dir='ltr'><em>fidelibus</em></span> <span class='ocrx_word' id='word_1_232' title='bbox 476 1700 581 1744; x_wconf 76' lang='lat' dir='ltr'><em>sponte</em></span> <span class='ocrx_word' id='word_1_233' title='bbox 588 1700 719 1732; x_wconf 85' lang='lat' dir='ltr'><em>oblatum</em></span> <span class='ocrx_word' id='word_1_234' title='bbox 723 1697 822 1739; x_wconf 84' lang='lat' dir='ltr'><em>fuerit</em></span> <span class='ocrx_word' id='word_1_235' title='bbox 836 1721 847 1738; x_wconf 94' lang='lat'>,</span> <span class='ocrx_word' id='word_1_236' title='bbox 871 1707 940 1731; x_wconf 85' lang='lat' dir='ltr'><em>tunc</em></span> <span class='ocrx_word' id='word_1_237' title='bbox 952 1705 1084 1739; x_wconf 86' lang='lat' dir='ltr'><em>accipere</em></span> <span class='ocrx_word' id='word_1_238' title='bbox 1104 1699 1194 1731; x_wconf 87' lang='lat' dir='ltr'><em>liceat</em></span> <span class='ocrx_word' id='word_1_239' title='bbox 1206 1724 1213 1730; x_wconf 96' lang='lat'>.</span> 
     </span>
     <span class='ocr_line' id='line_1_33' title="bbox 333 1747 1214 1794; baseline -0.005 -9"><span class='ocrx_word' id='word_1_240' title='bbox 333 1753 377 1786; x_wconf 85' lang='lat' dir='ltr'><em>Et</em></span> <span class='ocrx_word' id='word_1_241' title='bbox 389 1751 428 1785; x_wconf 92' lang='lat' dir='ltr'><em>ad</em></span> <span class='ocrx_word' id='word_1_242' title='bbox 441 1750 599 1794; x_wconf 72' lang='lat' dir='ltr'><em>praesentis</em></span> <span class='ocrx_word' id='word_1_243' title='bbox 611 1747 712 1782; x_wconf 84' lang='lat' dir='ltr'><em>saeculi</em></span> <span class='ocrx_word' id='word_1_244' title='bbox 729 1759 853 1782; x_wconf 87' lang='lat' dir='ltr'><em>annum</em></span> <span class='ocrx_word' id='word_1_245' title='bbox 867 1759 993 1781; x_wconf 88' lang='lat' dir='ltr'><em>nonum</em></span> <span class='ocrx_word' id='word_1_246' title='bbox 1006 1747 1214 1782; x_wconf 83' lang='lat' dir='ltr'>Venerabilis</span> 
     </span>
     <span class='ocr_line' id='line_1_34' title="bbox 332 1795 1212 1840; baseline -0.005 -5"><span class='ocrx_word' id='word_1_247' title='bbox 332 1801 521 1836; x_wconf 85' lang='lat' dir='ltr'><em>Ludovicus</em></span> <span class='ocrx_word' id='word_1_248' title='bbox 544 1799 708 1833; x_wconf 88' lang='lat' dir='ltr'><em>Vervinus</em></span> <span class='ocrx_word' id='word_1_249' title='bbox 720 1821 729 1836; x_wconf 89' lang='lat'>,</span> <span class='ocrx_word' id='word_1_250' title='bbox 759 1795 1057 1840; x_wconf 81' lang='lat' dir='ltr'><em>Archi-Episcopus</em></span> <span class='ocrx_word' id='word_1_251' title='bbox 1083 1797 1212 1831; x_wconf 82' lang='lat' dir='ltr'><em>Narbo-</em></span> 
     </span>
     <span class='ocr_line' id='line_1_35' title="bbox 164 1835 1214 1887; baseline -0.008 0"><span class='ocrx_word' id='word_1_252' title='bbox 164 1835 235 1878; x_wconf 74' lang='lat' dir='ltr'><em>C²P</em></span> <span class='ocrx_word' id='word_1_253' title='bbox 247 1843 316 1882; x_wconf 76' lang='lat'>105.</span> <span class='ocrx_word' id='word_1_254' title='bbox 333 1852 436 1886; x_wconf 83' lang='lat' dir='ltr'><em>nensis</em></span> <span class='ocrx_word' id='word_1_255' title='bbox 447 1865 458 1884; x_wconf 89' lang='grc'><em>.-</em></span> <span class='ocrx_word' id='word_1_256' title='bbox 488 1851 535 1882; x_wconf 79' lang='lat' dir='ltr'><em>Ad</em></span> <span class='ocrx_word' id='word_1_257' title='bbox 544 1849 607 1882; x_wconf 83' lang='lat' dir='ltr'><em>haec</em></span> <span class='ocrx_word' id='word_1_258' title='bbox 621 1853 755 1882; x_wconf 76' lang='lat' dir='ltr'><em>noverint</em></span> <span class='ocrx_word' id='word_1_259' title='bbox 769 1847 903 1880; x_wconf 75' lang='lat' dir='ltr'><em>Ret‘lores</em></span> <span class='ocrx_word' id='word_1_260' title='bbox 928 1853 1099 1879; x_wconf 82' lang='lat' dir='ltr'><em>animarum</em></span> <span class='ocrx_word' id='word_1_261' title='bbox 1111 1872 1120 1887; x_wconf 96' lang='lat'>,</span> <span class='ocrx_word' id='word_1_262' title='bbox 1145 1848 1214 1880; x_wconf 71' lang='lat' dir='ltr'><em>cum</em></span> 
     </span>
     <span class='ocr_line' id='line_1_36' title="bbox 333 1897 1213 1941; baseline -0.006 -6"><span class='ocrx_word' id='word_1_263' title='bbox 333 1905 525 1935; x_wconf 87' lang='lat' dir='ltr'><em>sacramenta</em></span> <span class='ocrx_word' id='word_1_264' title='bbox 533 1899 593 1941; x_wconf 83' lang='lat' dir='ltr'><em>sint</em></span> <span class='ocrx_word' id='word_1_265' title='bbox 615 1900 692 1931; x_wconf 85' lang='lat' dir='ltr'><em>dona</em></span> <span class='ocrx_word' id='word_1_266' title='bbox 720 1901 797 1937; x_wconf 89' lang='lat' dir='ltr'><em>Dei,</em></span> <span class='ocrx_word' id='word_1_267' title='bbox 828 1897 990 1931; x_wconf 85' lang='lat' dir='ltr'><em>liberaliter</em></span> <span class='ocrx_word' id='word_1_268' title='bbox 1002 1900 1139 1941; x_wconf 75' lang='lat' dir='ltr'><em>&amp;gratis</em></span> <span class='ocrx_word' id='word_1_269' title='bbox 1151 1909 1213 1930; x_wconf 86' lang='lat' dir='ltr'><em>con-</em></span> 
     </span>
     <span class='ocr_line' id='line_1_37' title="bbox 333 1947 1211 1995; baseline -0.006 -10"><span class='ocrx_word' id='word_1_270' title='bbox 333 1953 425 1995; x_wconf 76' lang='lat' dir='ltr'><em>cessa,</em></span> <span class='ocrx_word' id='word_1_271' title='bbox 453 1962 509 1984; x_wconf 91' lang='lat' dir='ltr'><em>non</em></span> <span class='ocrx_word' id='word_1_272' title='bbox 517 1949 611 1994; x_wconf 75' lang='lat' dir='ltr'><em>solum</em></span> <span class='ocrx_word' id='word_1_273' title='bbox 630 1947 688 1989; x_wconf 85' lang='lat' dir='ltr'><em>fine</em></span> <span class='ocrx_word' id='word_1_274' title='bbox 710 1950 847 1981; x_wconf 85' lang='lat' dir='ltr'><em>simoniae</em></span> <span class='ocrx_word' id='word_1_275' title='bbox 873 1948 940 1980; x_wconf 88' lang='lat' dir='ltr'><em>labe</em></span> <span class='ocrx_word' id='word_1_276' title='bbox 955 1972 965 1987; x_wconf 92' lang='lat'>,</span> <span class='ocrx_word' id='word_1_277' title='bbox 993 1950 1098 1980; x_wconf 79' lang='lat' dir='ltr'><em>verum</em></span> <span class='ocrx_word' id='word_1_278' title='bbox 1119 1954 1211 1981; x_wconf 84' lang='lat' dir='ltr'><em>etiam</em></span> 
     </span>
     <span class='ocr_line' id='line_1_38' title="bbox 327 1997 1213 2044; baseline -0.007 -9"><span class='ocrx_word' id='word_1_279' title='bbox 327 2002 387 2044; x_wconf 87' lang='lat' dir='ltr'><em>fine</em></span> <span class='ocrx_word' id='word_1_280' title='bbox 400 2005 417 2034; x_wconf 86' lang='lat'>5</span> <span class='ocrx_word' id='word_1_281' title='bbox 420 2007 542 2034; x_wconf 83' lang='lat' dir='ltr'><em>imoniae</em></span> <span class='ocrx_word' id='word_1_282' title='bbox 552 1998 712 2043; x_wconf 79' lang='lat' dir='ltr'><em>suspicione</em></span> <span class='ocrx_word' id='word_1_283' title='bbox 723 1998 774 2039; x_wconf 81' lang='lat' dir='ltr'><em>effe</em></span> <span class='ocrx_word' id='word_1_284' title='bbox 786 1997 958 2030; x_wconf 80' lang='lat' dir='ltr'><em>exbibenda</em></span> <span class='ocrx_word' id='word_1_285' title='bbox 970 2022 981 2037; x_wconf 88' lang='lat'><strong>,</strong></span> <span class='ocrx_word' id='word_1_286' title='bbox 1008 2009 1043 2029; x_wconf 84' lang='lat' dir='ltr'><em>ac</em></span> <span class='ocrx_word' id='word_1_287' title='bbox 1051 2000 1213 2038; x_wconf 76' lang='lat' dir='ltr'><em>propterea</em></span> 
     </span>
     <span class='ocr_line' id='line_1_39' title="bbox 162 2036 1209 2089; baseline -0.004 -7"><span class='ocrx_word' id='word_1_288' title='bbox 162 2039 208 2073; x_wconf 72' lang='lat' dir='ltr'><em>C³</em></span> <span class='ocrx_word' id='word_1_289' title='bbox 215 2036 314 2082; x_wconf 74' lang='lat' dir='ltr'>P·¹08·</span> <span class='ocrx_word' id='word_1_290' title='bbox 332 2054 466 2085; x_wconf 70' lang='lat' dir='ltr'><em>maximi?</em></span> <span class='ocrx_word' id='word_1_291' title='bbox 477 2058 606 2084; x_wconf 80' lang='lat' dir='ltr'><em>caveant</em></span> <span class='ocrx_word' id='word_1_292' title='bbox 618 2073 629 2087; x_wconf 87' lang='lat'>,</span> <span class='ocrx_word' id='word_1_293' title='bbox 655 2060 690 2080; x_wconf 89' lang='lat' dir='ltr'><em>ne</em></span> <span class='ocrx_word' id='word_1_294' title='bbox 703 2050 735 2079; x_wconf 78' lang='lat' dir='ltr'><em>in</em></span> <span class='ocrx_word' id='word_1_295' title='bbox 745 2059 844 2080; x_wconf 89' lang='lat' dir='ltr'><em>eorum</em></span> <span class='ocrx_word' id='word_1_296' title='bbox 854 2046 1111 2085; x_wconf 77' lang='lat' dir='ltr'><em>administratione</em></span> <span class='ocrx_word' id='word_1_297' title='bbox 1124 2049 1209 2089; x_wconf 87' lang='lat' dir='ltr'><em>quid-</em></span> 
     </span>
     <span class='ocr_line' id='line_1_40' title="bbox 332 2095 1212 2145; baseline -0.008 -11"><span class='ocrx_word' id='word_1_298' title='bbox 332 2114 421 2145; x_wconf 87' lang='lat' dir='ltr'><em>quam</em></span> <span class='ocrx_word' id='word_1_299' title='bbox 435 2101 563 2143; x_wconf 72' lang='lat' dir='ltr'><em>prorsus</em></span> <span class='ocrx_word' id='word_1_300' title='bbox 586 2098 688 2132; x_wconf 84' lang='lat' dir='ltr'><em>verbis</em></span> <span class='ocrx_word' id='word_1_301' title='bbox 703 2122 713 2136; x_wconf 87' lang='lat'><strong><em>‚</em></strong></span> <span class='ocrx_word' id='word_1_302' title='bbox 741 2106 794 2130; x_wconf 87' lang='lat' dir='ltr'><em>aut</em></span> <span class='ocrx_word' id='word_1_303' title='bbox 812 2103 902 2130; x_wconf 87' lang='lat' dir='ltr'><em>etiam</em></span> <span class='ocrx_word' id='word_1_304' title='bbox 918 2095 1028 2140; x_wconf 77' lang='lat' dir='ltr'><em>signis,</em></span> <span class='ocrx_word' id='word_1_305' title='bbox 1056 2099 1106 2129; x_wconf 87' lang='lat' dir='ltr'><em>vel</em></span> <span class='ocrx_word' id='word_1_306' title='bbox 1128 2103 1212 2129; x_wconf 86' lang='lat' dir='ltr'><em>mini-</em></span> 
     </span>
     <span class='ocr_line' id='line_1_41' title="bbox 334 2147 1212 2193; baseline -0.009 -8"><span class='ocrx_word' id='word_1_307' title='bbox 334 2164 414 2185; x_wconf 89' lang='lat' dir='ltr'><em>mum</em></span> <span class='ocrx_word' id='word_1_308' title='bbox 426 2156 530 2193; x_wconf 83' lang='lat' dir='ltr'><em>quovis</em></span> <span class='ocrx_word' id='word_1_309' title='bbox 541 2151 624 2181; x_wconf 89' lang='lat' dir='ltr'><em>modo</em></span> <span class='ocrx_word' id='word_1_310' title='bbox 641 2156 766 2189; x_wconf 86' lang='lat' dir='ltr'><em>petatur</em></span> <span class='ocrx_word' id='word_1_311' title='bbox 788 2158 842 2179; x_wconf 89' lang='lat' dir='ltr'><em>aut</em></span> <span class='ocrx_word' id='word_1_312' title='bbox 862 2152 1017 2189; x_wconf 77' lang='lat' dir='ltr'><em>exigatur.</em></span> <span class='ocrx_word' id='word_1_313' title='bbox 1050 2147 1110 2178; x_wconf 84' lang='lat' dir='ltr'><em>Sub</em></span> <span class='ocrx_word' id='word_1_314' title='bbox 1121 2155 1212 2187; x_wconf 82' lang='lat' dir='ltr'><em>poena</em></span> 
     </span>
     <span class='ocr_line' id='line_1_42' title="bbox 335 2194 1212 2237; baseline -0.008 -3"><span class='ocrx_word' id='word_1_315' title='bbox 335 2205 365 2234; x_wconf 83' lang='lat' dir='ltr'><strong><em>E</em></strong></span> <span class='ocrx_word' id='word_1_316' title='bbox 370 2204 660 2233; x_wconf 80' lang='lat' dir='ltr'><em>xcommunicationis</em></span> <span class='ocrx_word' id='word_1_317' title='bbox 671 2195 857 2237; x_wconf 87' lang='lat' dir='ltr'><em>prohibemus</em></span> <span class='ocrx_word' id='word_1_318' title='bbox 869 2194 1076 2227; x_wconf 84' lang='lat' dir='ltr'><em>sacerdotibus</em></span> <span class='ocrx_word' id='word_1_319' title='bbox 1093 2197 1212 2227; x_wconf 87' lang='lat' dir='ltr'><em>sacram</em></span> 
     </span>
     <span class='ocr_line' id='line_1_43' title="bbox 336 2242 1211 2290; baseline -0.009 -6"><span class='ocrx_word' id='word_1_320' title='bbox 336 2249 557 2290; x_wconf 81' lang='lat' dir='ltr'><em>Eucharistiam</em></span> <span class='ocrx_word' id='word_1_321' title='bbox 569 2244 845 2285; x_wconf 74' lang='lat' dir='ltr'><em>administrantibus</em></span> <span class='ocrx_word' id='word_1_322' title='bbox 858 2270 868 2284; x_wconf 94' lang='lat'>,</span> <span class='ocrx_word' id='word_1_323' title='bbox 895 2245 1090 2286; x_wconf 85' lang='lat' dir='ltr'><em>quoquomodo</em></span> <span class='ocrx_word' id='word_1_324' title='bbox 1101 2242 1211 2287; x_wconf 74' lang='lat' dir='ltr'><em>asusci-</em></span> 
     </span>
     <span class='ocr_line' id='line_1_44' title="bbox 333 2294 1208 2344; baseline -0.006 -12"><span class='ocrx_word' id='word_1_325' title='bbox 333 2300 485 2344; x_wconf 86' lang='lat' dir='ltr'><em>pientibus</em></span> <span class='ocrx_word' id='word_1_326' title='bbox 501 2302 724 2331; x_wconf 89' lang='lat' dir='ltr'><em>sacramentum</em></span> <span class='ocrx_word' id='word_1_327' title='bbox 738 2296 858 2337; x_wconf 83' lang='lat' dir='ltr'><em>aliquid</em></span> <span class='ocrx_word' id='word_1_328' title='bbox 866 2301 1042 2336; x_wconf 82' lang='lat' dir='ltr'><em>quaeritare.</em></span> <span class='ocrx_word' id='word_1_329' title='bbox 1073 2294 1127 2327; x_wconf 85' lang='lat' dir='ltr'><em>Est</em></span> <span class='ocrx_word' id='word_1_330' title='bbox 1148 2296 1208 2327; x_wconf 86' lang='lat' dir='ltr'><em>avi-</em></span> 
     </span>
     <span class='ocr_line' id='line_1_45' title="bbox 337 2343 1211 2387; baseline -0.01 -2"><span class='ocrx_word' id='word_1_331' title='bbox 337 2362 370 2384; x_wconf 87' lang='lat' dir='ltr'><em>ta</em></span> <span class='ocrx_word' id='word_1_332' title='bbox 381 2362 419 2384; x_wconf 90' lang='lat' dir='ltr'><em>ac</em></span> <span class='ocrx_word' id='word_1_333' title='bbox 431 2348 600 2383; x_wconf 77' lang='lat' dir='ltr'><em>necessaria</em></span> <span class='ocrx_word' id='word_1_334' title='bbox 612 2347 731 2379; x_wconf 69' lang='lat' dir='ltr'><em>cuneiae</em></span> <span class='ocrx_word' id='word_1_335' title='bbox 745 2345 802 2378; x_wconf 87' lang='lat' dir='ltr'><em>sub</em></span> <span class='ocrx_word' id='word_1_336' title='bbox 825 2345 904 2378; x_wconf 86' lang='lat' dir='ltr'><em>caelo</em></span> <span class='ocrx_word' id='word_1_337' title='bbox 916 2369 926 2384; x_wconf 87' lang='lat'>,</span> <span class='ocrx_word' id='word_1_338' title='bbox 953 2343 1133 2378; x_wconf 75' lang='lat' dir='ltr'><em>Gallicanae</em></span> <span class='ocrx_word' id='word_1_339' title='bbox 1145 2355 1211 2387; x_wconf 84' lang='lat' dir='ltr'><em>prae·</em></span> 
     </span>
     <span class='ocr_line' id='line_1_46' title="bbox 337 2393 1214 2438; baseline -0.008 -4"><span class='ocrx_word' id='word_1_340' title='bbox 337 2401 442 2434; x_wconf 84' lang='lat' dir='ltr'><em>sertim</em></span> <span class='ocrx_word' id='word_1_341' title='bbox 456 2422 466 2438; x_wconf 91' lang='lat'><strong>,</strong></span> <span class='ocrx_word' id='word_1_342' title='bbox 493 2397 638 2432; x_wconf 85' lang='lat' dir='ltr'><em>Ecclefiae</em></span> <span class='ocrx_word' id='word_1_343' title='bbox 665 2395 850 2438; x_wconf 74' lang='lat' dir='ltr'><em>Disciplina</em></span> <span class='ocrx_word' id='word_1_344' title='bbox 865 2419 872 2426; x_wconf 91' lang='lat'>.</span> <span class='ocrx_word' id='word_1_345' title='bbox 901 2394 966 2428; x_wconf 91' lang='lat' dir='ltr'><em>Cui</em></span> <span class='ocrx_word' id='word_1_346' title='bbox 993 2395 1026 2427; x_wconf 75' lang='grc' dir='ltr'><em>δε</em></span> <span class='ocrx_word' id='word_1_347' title='bbox 1054 2393 1120 2426; x_wconf 83' lang='lat' dir='ltr'><em>haec</em></span> <span class='ocrx_word' id='word_1_348' title='bbox 1142 2395 1214 2427; x_wconf 89' lang='lat' dir='ltr'><em>sunt</em></span> 
     </span>
     <span class='ocr_line' id='line_1_47' title="bbox 336 2442 1215 2493; baseline -0.008 -9"><span class='ocrx_word' id='word_1_349' title='bbox 336 2449 484 2485; x_wconf 85' lang='lat' dir='ltr'><em>addenda</em></span> <span class='ocrx_word' id='word_1_350' title='bbox 496 2473 504 2480; x_wconf 91' lang='lat'><strong>.</strong></span> <span class='ocrx_word' id='word_1_351' title='bbox 531 2447 680 2493; x_wconf 80' lang='lat' dir='ltr'><em>antus</em></span> <span class='ocrx_word' id='word_1_352' title='bbox 703 2445 942 2487; x_wconf 83' lang='lat' dir='ltr'><em>Capitularium</em></span> <span class='ocrx_word' id='word_1_353' title='bbox 975 2443 1055 2476; x_wconf 79' lang='lat' dir='ltr'><em>liber</em></span> <span class='ocrx_word' id='word_1_354' title='bbox 1077 2442 1175 2477; x_wconf 84' lang='lat' dir='ltr'><em>habet</em></span> <span class='ocrx_word' id='word_1_355' title='bbox 1204 2457 1215 2477; x_wconf 92' lang='grc'><em>.-</em></span> 
     </span>
     <span class='ocr_line' id='line_1_48' title="bbox 337 2493 1212 2540; baseline -0.008 -7"><span class='ocrx_word' id='word_1_356' title='bbox 337 2505 373 2533; x_wconf 87' lang='lat' dir='ltr'><em>N</em></span> <span class='ocrx_word' id='word_1_357' title='bbox 376 2511 436 2533; x_wconf 89' lang='lat' dir='ltr'><em>emo</em></span> <span class='ocrx_word' id='word_1_358' title='bbox 450 2498 681 2536; x_wconf 76' lang='lat' dir='ltr'><em>Presbyterorum</em></span> <span class='ocrx_word' id='word_1_359' title='bbox 687 2503 743 2537; x_wconf 90' lang='lat' dir='ltr'><em>pro</em></span> <span class='ocrx_word' id='word_1_360' title='bbox 762 2493 918 2537; x_wconf 85' lang='lat' dir='ltr'><em>Baptismo</em></span> <span class='ocrx_word' id='word_1_361' title='bbox 926 2499 1059 2540; x_wconf 84' lang='lat' dir='ltr'><em>pretium</em></span> <span class='ocrx_word' id='word_1_362' title='bbox 1082 2499 1212 2535; x_wconf 85' lang='lat' dir='ltr'><em>accipere</em></span> 
     </span>
     <span class='ocr_line' id='line_1_49' title="bbox 333 2542 1214 2592; baseline -0.008 -10"><span class='ocrx_word' id='word_1_363' title='bbox 333 2548 501 2592; x_wconf 66' lang='lat' dir='ltr'><em>prasumat</em></span> <span class='ocrx_word' id='word_1_364' title='bbox 511 2572 519 2581; x_wconf 91' lang='lat'>.</span> <span class='ocrx_word' id='word_1_365' title='bbox 548 2547 640 2590; x_wconf 75' lang='lat' dir='ltr'><em>‚Quod</em></span> <span class='ocrx_word' id='word_1_366' title='bbox 642 2545 668 2587; x_wconf 82' lang='lat' dir='ltr'><em>fi</em></span> <span class='ocrx_word' id='word_1_367' title='bbox 669 2545 777 2587; x_wconf 84' lang='lat' dir='ltr'><em>fecerit</em></span> <span class='ocrx_word' id='word_1_368' title='bbox 790 2568 801 2584; x_wconf 91' lang='lat'><strong>,</strong></span> <span class='ocrx_word' id='word_1_369' title='bbox 822 2543 902 2587; x_wconf 51' lang='lat' dir='ltr'><em>‚si-iat</em></span> <span class='ocrx_word' id='word_1_370' title='bbox 909 2542 941 2587; x_wconf 89' lang='lat' dir='ltr'><em>se</em></span> <span class='ocrx_word' id='word_1_371' title='bbox 953 2548 1103 2576; x_wconf 82' lang='lat' dir='ltr'><em>Canonica</em></span> <span class='ocrx_word' id='word_1_372' title='bbox 1114 2545 1214 2587; x_wconf 84' lang='lat' dir='ltr'><em>regula</em></span> 
     </span>
     <span class='ocr_line' id='line_1_50' title="bbox 335 2592 1215 2643; baseline -0.009 -10"><span class='ocrx_word' id='word_1_373' title='bbox 335 2600 388 2643; x_wconf 81' lang='lat' dir='ltr'><em>effe</em></span> <span class='ocrx_word' id='word_1_374' title='bbox 409 2599 632 2632; x_wconf 86' lang='lat' dir='ltr'><em>damnandum.</em></span> <span class='ocrx_word' id='word_1_375' title='bbox 664 2596 704 2628; x_wconf 80' lang='lat' dir='ltr'><em>Et</em></span> <span class='ocrx_word' id='word_1_376' title='bbox 724 2595 831 2628; x_wconf 84' lang='lat' dir='ltr'><em>sextus</em></span> <span class='ocrx_word' id='word_1_377' title='bbox 855 2592 936 2627; x_wconf 84' lang='lat' dir='ltr'><em>liber</em></span> <span class='ocrx_word' id='word_1_378' title='bbox 953 2606 960 2625; x_wconf 74' lang='grc' dir='ltr'>ε</span> <span class='ocrx_word' id='word_1_379' title='bbox 991 2594 1089 2626; x_wconf 87' lang='lat' dir='ltr'><em>Nulla</em></span> <span class='ocrx_word' id='word_1_380' title='bbox 1107 2599 1215 2635; x_wconf 88' lang='lat' dir='ltr'><em>pretia</em></span> 
     </span>
     <span class='ocr_line' id='line_1_51' title="bbox 336 2642 1209 2690; baseline -0.008 -8"><span class='ocrx_word' id='word_1_381' title='bbox 336 2651 375 2682; x_wconf 87' lang='lat' dir='ltr'><em>de</em></span> <span class='ocrx_word' id='word_1_382' title='bbox 383 2648 575 2690; x_wconf 86' lang='lat' dir='ltr'><em>baptizandis</em></span> <span class='ocrx_word' id='word_1_383' title='bbox 588 2671 598 2686; x_wconf 91' lang='lat'>,</span> <span class='ocrx_word' id='word_1_384' title='bbox 622 2643 883 2689; x_wconf 77' lang='lat' dir='ltr'><em>consignandisque</em></span> <span class='ocrx_word' id='word_1_385' title='bbox 894 2642 1028 2684; x_wconf 80' lang='lat' dir='ltr'><em>fidelibus</em></span> <span class='ocrx_word' id='word_1_386' title='bbox 1043 2649 1209 2687; x_wconf 79' lang='lat' dir='ltr'><em>exigantur.</em></span> 
     </span>
     <span class='ocr_line' id='line_1_52' title="bbox 336 2691 1218 2743; baseline -0.008 -11"><span class='ocrx_word' id='word_1_387' title='bbox 336 2701 431 2743; x_wconf 65' lang='lat' dir='ltr'><em>‚Quod</em></span> <span class='ocrx_word' id='word_1_388' title='bbox 451 2705 502 2741; x_wconf 86' lang='lat' dir='ltr'><em>qui</em></span> <span class='ocrx_word' id='word_1_389' title='bbox 521 2702 767 2740; x_wconf 81' lang='lat' dir='ltr'><em>perpetraverint</em></span> <span class='ocrx_word' id='word_1_390' title='bbox 792 2719 803 2733; x_wconf 93' lang='lat'>‚</span> <span class='ocrx_word' id='word_1_391' title='bbox 841 2693 956 2726; x_wconf 84' lang='lat' dir='ltr'><em>honoris</em></span> <span class='ocrx_word' id='word_1_392' title='bbox 981 2691 1029 2736; x_wconf 84' lang='lat' dir='ltr'><em>sui</em></span> <span class='ocrx_word' id='word_1_393' title='bbox 1055 2695 1218 2735; x_wconf 85' lang='lat' dir='ltr'><em>periculum</em></span> 
     </span>
     <span class='ocr_line' id='line_1_53' title="bbox 332 2743 1218 2793; baseline -0.007 -10"><span class='ocrx_word' id='word_1_394' title='bbox 332 2748 403 2793; x_wconf 83' lang='lat' dir='ltr'><em>sunt</em></span> <span class='ocrx_word' id='word_1_395' title='bbox 410 2748 553 2793; x_wconf 84' lang='lat' dir='ltr'><em>subituri.</em></span> <span class='ocrx_word' id='word_1_396' title='bbox 569 2746 804 2780; x_wconf 76' lang='lat' dir='ltr'><em>Prumienfium</em></span> <span class='ocrx_word' id='word_1_397' title='bbox 819 2743 929 2778; x_wconf 81' lang='lat' dir='ltr'><em>Abbas</em></span> <span class='ocrx_word' id='word_1_398' title='bbox 941 2743 1075 2788; x_wconf 83' lang='lat' dir='ltr'><em>Regino</em></span> <span class='ocrx_word' id='word_1_399' title='bbox 1089 2744 1145 2776; x_wconf 91' lang='lat' dir='ltr'><em>suo</em></span> <span class='ocrx_word' id='word_1_400' title='bbox 1159 2744 1218 2777; x_wconf 90' lang='lat' dir='ltr'><em>Ca-</em></span> 
     </span>
     <span class='ocr_line' id='line_1_54' title="bbox 334 2794 1218 2844; baseline -0.006 -12"><span class='ocrx_word' id='word_1_401' title='bbox 334 2799 464 2844; x_wconf 83' lang='lat' dir='ltr'><em>pitulari</em></span> <span class='ocrx_word' id='word_1_402' title='bbox 480 2797 611 2831; x_wconf 87' lang='lat' dir='ltr'><em>inseruit</em></span> <span class='ocrx_word' id='word_1_403' title='bbox 626 2797 709 2830; x_wconf 84' lang='lat' dir='ltr'><em>hanc</em></span> <span class='ocrx_word' id='word_1_404' title='bbox 721 2794 924 2838; x_wconf 85' lang='lat' dir='ltr'><em>Episcopalis</em></span> <span class='ocrx_word' id='word_1_405' title='bbox 946 2794 1140 2827; x_wconf 79' lang='lat' dir='ltr'><em>visitationis</em></span> <span class='ocrx_word' id='word_1_406' title='bbox 1153 2795 1218 2828; x_wconf 86' lang='lat' dir='ltr'><em>for-</em></span> 
     </span>
     <span class='ocr_line' id='line_1_55' title="bbox 335 2842 1216 2890; baseline -0.008 -7"><span class='ocrx_word' id='word_1_407' title='bbox 335 2861 422 2883; x_wconf 88' lang='lat' dir='ltr'><em>mam</em></span> <span class='ocrx_word' id='word_1_408' title='bbox 436 2874 446 2889; x_wconf 94' lang='lat'>,</span> <span class='ocrx_word' id='word_1_409' title='bbox 471 2849 504 2882; x_wconf 87' lang='lat'>&amp;</span> <span class='ocrx_word' id='word_1_410' title='bbox 524 2847 692 2890; x_wconf 75' lang='lat' dir='ltr'><em>inquisitio</em></span> <span class='ocrx_word' id='word_1_411' title='bbox 705 2844 800 2879; x_wconf 83' lang='lat' dir='ltr'><em>habet</em></span> <span class='ocrx_word' id='word_1_412' title='bbox 823 2842 912 2877; x_wconf 87' lang='lat' dir='ltr'><em>hunc</em></span> <span class='ocrx_word' id='word_1_413' title='bbox 935 2842 1089 2877; x_wconf 88' lang='lat' dir='ltr'><em>Articulu</em></span> <span class='ocrx_word' id='word_1_414' title='bbox 1103 2855 1155 2877; x_wconf 92' lang='lat' dir='ltr'><em>m:</em></span> <span class='ocrx_word' id='word_1_415' title='bbox 1185 2845 1216 2877; x_wconf 84' lang='lat' dir='ltr'><em>si</em></span> 
     </span>
     <span class='ocr_line' id='line_1_56' title="bbox 337 2893 1209 2940; baseline -0.003 -10"><span class='ocrx_word' id='word_1_416' title='bbox 337 2900 492 2938; x_wconf 83' lang='lat' dir='ltr'><em>Presbyter</em></span> <span class='ocrx_word' id='word_1_417' title='bbox 503 2908 558 2940; x_wconf 84' lang='lat' dir='ltr'><em>pro</em></span> <span class='ocrx_word' id='word_1_418' title='bbox 570 2898 767 2939; x_wconf 83' lang='lat' dir='ltr'><em>baptizandis</em></span> <span class='ocrx_word' id='word_1_419' title='bbox 782 2893 951 2935; x_wconf 84' lang='lat' dir='ltr'><em>infantibus</em></span> <span class='ocrx_word' id='word_1_420' title='bbox 966 2918 977 2933; x_wconf 90' lang='lat'>,</span> <span class='ocrx_word' id='word_1_421' title='bbox 1002 2903 1054 2926; x_wconf 89' lang='lat' dir='ltr'><em>aut</em></span> <span class='ocrx_word' id='word_1_422' title='bbox 1080 2894 1209 2935; x_wconf 81' lang='lat' dir='ltr'><em>infirmis</em></span> 
     </span>
     <span class='ocr_line' id='line_1_57' title="bbox 338 2943 1216 2988; baseline -0.007 -7"><span class='ocrx_word' id='word_1_423' title='bbox 338 2950 557 2981; x_wconf 79' lang='lat' dir='ltr'><em>reconciliandis</em></span> <span class='ocrx_word' id='word_1_424' title='bbox 571 2973 581 2988; x_wconf 94' lang='lat'>,</span> <span class='ocrx_word' id='word_1_425' title='bbox 604 2947 656 2981; x_wconf 84' lang='lat' dir='ltr'><em>vel</em></span> <span class='ocrx_word' id='word_1_426' title='bbox 679 2945 800 2978; x_wconf 73' lang='lat' dir='ltr'><em>mortuis</em></span> <span class='ocrx_word' id='word_1_427' title='bbox 819 2943 997 2988; x_wconf 77' lang='lat' dir='ltr'><em>sepeliendis</em></span> <span class='ocrx_word' id='word_1_428' title='bbox 1018 2950 1177 2984; x_wconf 73' lang='lat' dir='ltr'><em>proemium</em></span> <span class='ocrx_word' id='word_1_429' title='bbox 1205 2968 1216 2985; x_wconf 91' lang='lat'>‚</span> 
     </span>
     <span class='ocr_line' id='line_1_58' title="bbox 336 2993 1206 3041; baseline -0.005 -10"><span class='ocrx_word' id='word_1_430' title='bbox 336 2999 389 3031; x_wconf 82' lang='lat' dir='ltr'><em>vel</em></span> <span class='ocrx_word' id='word_1_431' title='bbox 406 3010 509 3031; x_wconf 87' lang='lat' dir='ltr'><em>munus</em></span> <span class='ocrx_word' id='word_1_432' title='bbox 531 3005 647 3041; x_wconf 81' lang='lat' dir='ltr'><em>exigat.</em></span> <span class='ocrx_word' id='word_1_433' title='bbox 677 2996 812 3030; x_wconf 77' lang='lat' dir='ltr'><em>Inseruit</em></span> <span class='ocrx_word' id='word_1_434' title='bbox 852 2995 884 3028; x_wconf 77' lang='grc' dir='ltr'><em>δε</em></span> <span class='ocrx_word' id='word_1_435' title='bbox 921 2993 1009 3027; x_wconf 91' lang='lat' dir='ltr'><em>hunc</em></span> <span class='ocrx_word' id='word_1_436' title='bbox 1030 2994 1206 3028; x_wconf 88' lang='lat' dir='ltr'><em>Canonem</em></span> 
     </span>
     <span class='ocr_line' id='line_1_59' title="bbox 338 3042 1220 3087; baseline -0.005 -6"><span class='ocrx_word' id='word_1_437' title='bbox 338 3046 605 3081; x_wconf 85' lang='lat' dir='ltr'><em>Triburiensem:</em></span> <span class='ocrx_word' id='word_1_438' title='bbox 637 3045 802 3086; x_wconf 77' lang='lat' dir='ltr'><em>Du‘i&#39;umest</em></span> <span class='ocrx_word' id='word_1_439' title='bbox 824 3051 856 3078; x_wconf 91' lang='lat' dir='ltr'><em>in</em></span> <span class='ocrx_word' id='word_1_440' title='bbox 878 3042 1055 3087; x_wconf 86' lang='lat' dir='ltr'><em>quibusdam</em></span> <span class='ocrx_word' id='word_1_441' title='bbox 1074 3044 1143 3076; x_wconf 81' lang='lat' dir='ltr'><em>locis</em></span> <span class='ocrx_word' id='word_1_442' title='bbox 1162 3052 1220 3085; x_wconf 84' lang='lat' dir='ltr'><em>pro</em></span> 
     </span>
     <span class='ocr_line' id='line_1_60' title="bbox 331 3092 1219 3140; baseline -0.005 -12"><span class='ocrx_word' id='word_1_443' title='bbox 331 3102 516 3140; x_wconf 81' lang='lat' dir='ltr'><em>perceptione</em></span> <span class='ocrx_word' id='word_1_444' title='bbox 527 3095 706 3139; x_wconf 80' lang='lat' dir='ltr'><em>chrismatis</em></span> <span class='ocrx_word' id='word_1_445' title='bbox 720 3108 851 3128; x_wconf 87' lang='lat' dir='ltr'><em>nummos</em></span> <span class='ocrx_word' id='word_1_446' title='bbox 864 3097 933 3128; x_wconf 87' lang='lat' dir='ltr'><em>dari</em></span> <span class='ocrx_word' id='word_1_447' title='bbox 941 3092 1031 3137; x_wconf 86' lang='lat' dir='ltr'><em>solere</em></span> <span class='ocrx_word' id='word_1_448' title='bbox 1044 3118 1053 3133; x_wconf 81' lang='lat'>,</span> <span class='ocrx_word' id='word_1_449' title='bbox 1062 3102 1117 3135; x_wconf 81' lang='lat' dir='ltr'><em>pro</em></span> <span class='ocrx_word' id='word_1_450' title='bbox 1132 3095 1180 3125; x_wconf 88' lang='lat' dir='ltr'><em>Ba</em></span> <span class='ocrx_word' id='word_1_451' title='bbox 1185 3103 1219 3135; x_wconf 88' lang='lat' dir='ltr'><em>p-</em></span> 
     </span>
     <span class='ocr_line' id='line_1_61' title="bbox 331 3142 1220 3192; baseline -0.004 -10"><span class='ocrx_word' id='word_1_452' title='bbox 331 3147 420 3192; x_wconf 76' lang='lat' dir='ltr'><em>tismo</em></span> <span class='ocrx_word' id='word_1_453' title='bbox 432 3171 443 3187; x_wconf 90' lang='lat'><strong>,</strong></span> <span class='ocrx_word' id='word_1_454' title='bbox 458 3156 514 3189; x_wconf 88' lang='lat' dir='ltr'><em>pro</em></span> <span class='ocrx_word' id='word_1_455' title='bbox 521 3151 741 3178; x_wconf 76' lang='lat' dir='ltr'><em>communione.</em></span> <span class='ocrx_word' id='word_1_456' title='bbox 757 3151 815 3178; x_wconf 86' lang='lat' dir='ltr'><em>Hoc</em></span> <span class='ocrx_word' id='word_1_457' title='bbox 826 3149 845 3178; x_wconf 90' lang='lat' dir='ltr'><em>s</em></span> <span class='ocrx_word' id='word_1_458' title='bbox 847 3150 995 3178; x_wconf 82' lang='lat' dir='ltr'><em>imoniacae</em></span> <span class='ocrx_word' id='word_1_459' title='bbox 1005 3142 1220 3185; x_wconf 84' lang='lat' dir='ltr'><em>baerefissemen</em></span> 
     </span>
     <span class='ocr_line' id='line_1_62' title="bbox 333 3194 1218 3239; baseline -0.007 -8"><span class='ocrx_word' id='word_1_460' title='bbox 333 3197 476 3239; x_wconf 84' lang='lat' dir='ltr'><em>detestata</em></span> <span class='ocrx_word' id='word_1_461' title='bbox 489 3197 526 3236; x_wconf 80' lang='lat' dir='ltr'><em>est</em></span> <span class='ocrx_word' id='word_1_462' title='bbox 533 3194 640 3239; x_wconf 73' lang='lat' dir='ltr'><em>sanc‘la</em></span> <span class='ocrx_word' id='word_1_463' title='bbox 653 3198 778 3235; x_wconf 76' lang='lat' dir='ltr'><em>synodus</em></span> <span class='ocrx_word' id='word_1_464' title='bbox 791 3219 801 3235; x_wconf 89' lang='lat'>‚</span> <span class='ocrx_word' id='word_1_465' title='bbox 816 3198 850 3230; x_wconf 61' lang='grc' dir='ltr'>Θ</span> <span class='ocrx_word' id='word_1_466' title='bbox 861 3195 1133 3229; x_wconf 82' lang='lat' dir='ltr'><em>anathematizavit</em></span> <span class='ocrx_word' id='word_1_467' title='bbox 1149 3219 1159 3234; x_wconf 90' lang='lat'>,</span> <span class='ocrx_word' id='word_1_468' title='bbox 1184 3198 1218 3229; x_wconf 67' lang='lat' dir='ltr'><em>(vr</em></span> 
     </span>
     <span class='ocr_line' id='line_1_63' title="bbox 331 3242 1215 3288; baseline -0.009 -5"><span class='ocrx_word' id='word_1_469' title='bbox 331 3259 368 3283; x_wconf 86' lang='lat' dir='ltr'><em>ut</em></span> <span class='ocrx_word' id='word_1_470' title='bbox 376 3250 411 3282; x_wconf 90' lang='lat' dir='ltr'><em>de</em></span> <span class='ocrx_word' id='word_1_471' title='bbox 423 3257 528 3281; x_wconf 84' lang='lat' dir='ltr'><em>caetero</em></span> <span class='ocrx_word' id='word_1_472' title='bbox 539 3256 588 3279; x_wconf 87' lang='lat' dir='ltr'><em>nec</em></span> <span class='ocrx_word' id='word_1_473' title='bbox 597 3253 651 3286; x_wconf 88' lang='lat' dir='ltr'><em>pro</em></span> <span class='ocrx_word' id='word_1_474' title='bbox 664 3245 833 3288; x_wconf 78' lang='lat' dir='ltr'><em>chrismate</em></span> <span class='ocrx_word' id='word_1_475' title='bbox 848 3270 858 3284; x_wconf 89' lang='lat'>‚</span> <span class='ocrx_word' id='word_1_476' title='bbox 885 3247 935 3279; x_wconf 87' lang='lat' dir='ltr'><em>vel</em></span> <span class='ocrx_word' id='word_1_477' title='bbox 946 3242 1106 3286; x_wconf 85' lang='lat' dir='ltr'><em>Baptismo</em></span> <span class='ocrx_word' id='word_1_478' title='bbox 1117 3269 1126 3284; x_wconf 87' lang='lat'>‚</span> <span class='ocrx_word' id='word_1_479' title='bbox 1157 3255 1215 3279; x_wconf 82' lang='lat' dir='ltr'><em>nec</em></span> 
     </span>
     <span class='ocr_line' id='line_1_64' title="bbox 329 3296 1216 3342; baseline -0.007 -10"><span class='ocrx_word' id='word_1_480' title='bbox 329 3308 390 3342; x_wconf 79' lang='lat' dir='ltr'><em>pro</em></span> <span class='ocrx_word' id='word_1_481' title='bbox 406 3297 584 3342; x_wconf 76' lang='lat' dir='ltr'><em>sepultura,</em></span> <span class='ocrx_word' id='word_1_482' title='bbox 610 3297 660 3327; x_wconf 81' lang='lat' dir='ltr'><em>vel</em></span> <span class='ocrx_word' id='word_1_483' title='bbox 681 3300 889 3329; x_wconf 85' lang='lat' dir='ltr'><em>Communione</em></span> <span class='ocrx_word' id='word_1_484' title='bbox 913 3296 1076 3338; x_wconf 82' lang='lat' dir='ltr'><em>quidquam</em></span> <span class='ocrx_word' id='word_1_485' title='bbox 1098 3301 1216 3337; x_wconf 81' lang='lat' dir='ltr'><em>exiga-</em></span> 
     </span>
     <span class='ocr_line' id='line_1_65' title="bbox 333 3342 1210 3392; baseline -0.006 -10"><span class='ocrx_word' id='word_1_486' title='bbox 333 3358 382 3382; x_wconf 88' lang='lat' dir='ltr'><em>tur</em></span> <span class='ocrx_word' id='word_1_487' title='bbox 394 3372 404 3388; x_wconf 93' lang='lat'><strong>,</strong></span> <span class='ocrx_word' id='word_1_488' title='bbox 427 3345 483 3392; x_wconf 85' lang='lat' dir='ltr'><em>sed</em></span> <span class='ocrx_word' id='word_1_489' title='bbox 498 3351 601 3391; x_wconf 86' lang='lat' dir='ltr'><em>gratis</em></span> <span class='ocrx_word' id='word_1_490' title='bbox 614 3346 691 3377; x_wconf 89' lang='lat' dir='ltr'><em>dona</em></span> <span class='ocrx_word' id='word_1_491' title='bbox 702 3345 811 3381; x_wconf 70' lang='lat' dir='ltr'><em>Christi</em></span> <span class='ocrx_word' id='word_1_492' title='bbox 828 3353 966 3389; x_wconf 87' lang='lat' dir='ltr'><em>gratuita</em></span> <span class='ocrx_word' id='word_1_493' title='bbox 977 3342 1186 3388; x_wconf 85' lang='lat' dir='ltr'><em>dispensentur</em></span> <span class='ocrx_word' id='word_1_494' title='bbox 1204 3370 1210 3377; x_wconf 89' lang='lat'><em>.</em></span> 
     </span>
     <span class='ocr_line' id='line_1_66' title="bbox 333 3393 1212 3440; baseline -0.005 -9"><span class='ocrx_word' id='word_1_495' title='bbox 333 3397 514 3440; x_wconf 73' lang='lat' dir='ltr'><em>Stephanus</em></span> <span class='ocrx_word' id='word_1_496' title='bbox 527 3394 679 3429; x_wconf 82' lang='lat' dir='ltr'><em>Baluzius</em></span> <span class='ocrx_word' id='word_1_497' title='bbox 699 3395 815 3437; x_wconf 80' lang='lat' dir='ltr'><em>adjecit</em></span> <span class='ocrx_word' id='word_1_498' title='bbox 835 3394 1026 3439; x_wconf 83' lang='lat' dir='ltr'><em>Episcopale</em></span> <span class='ocrx_word' id='word_1_499' title='bbox 1048 3394 1088 3429; x_wconf 89' lang='lat' dir='ltr'><em>ad</em></span> <span class='ocrx_word' id='word_1_500' title='bbox 1114 3393 1212 3428; x_wconf 88' lang='lat' dir='ltr'><em>Paro·</em></span> 
     </span>
     <span class='ocr_line' id='line_1_67' title="bbox 332 3443 1206 3491; baseline -0.001 -12"><span class='ocrx_word' id='word_1_501' title='bbox 332 3446 451 3481; x_wconf 78' lang='lat' dir='ltr'><em>chiales</em></span> <span class='ocrx_word' id='word_1_502' title='bbox 469 3444 678 3490; x_wconf 87' lang='lat' dir='ltr'><em>Presbyteros</em></span> <span class='ocrx_word' id='word_1_503' title='bbox 699 3444 871 3486; x_wconf 69' lang='lat' dir='ltr'><em>Edictum,</em></span> <span class='ocrx_word' id='word_1_504' title='bbox 898 3446 932 3480; x_wconf 89' lang='lat' dir='ltr'><em>in</em></span> <span class='ocrx_word' id='word_1_505' title='bbox 956 3457 1024 3491; x_wconf 86' lang='lat' dir='ltr'><em>quo</em></span> <span class='ocrx_word' id='word_1_506' title='bbox 1045 3443 1136 3481; x_wconf 87' lang='lat' dir='ltr'><em>est&amp;</em></span> <span class='ocrx_word' id='word_1_507' title='bbox 1151 3443 1206 3479; x_wconf 87' lang='lat' dir='ltr'><em>hic</em></span> 
     </span>
    </p>
   </div>
   <div class='ocr_carea' id='block_1_6' title="bbox 1219 1360 1245 3519">
    <p class='ocr_par' dir='ltr' id='par_1_6' title="bbox 1219 1360 1245 3519">
     <span class='ocr_line' id='line_1_68' title="bbox 1219 1360 1245 3519; baseline 0 0"><span class='ocrx_word' id='word_1_508' title='bbox 1219 1360 1245 3519; x_wconf 95' lang='lat' dir='ltr'><em>   </em></span> 
     </span>
    </p>
   </div>
   <div class='ocr_carea' id='block_1_7' title="bbox 1269 298 2177 3436">
    <p class='ocr_par' dir='ltr' id='par_1_7' title="bbox 1299 298 2177 444">
     <span class='ocr_line' id='line_1_69' title="bbox 1304 298 2177 352; baseline 0.006 -22"><span class='ocrx_word' id='word_1_509' title='bbox 1304 298 1381 331; x_wconf 82' lang='lat' dir='ltr'><em>tibus</em></span> <span class='ocrx_word' id='word_1_510' title='bbox 1395 322 1405 336; x_wconf 94' lang='lat'>‚</span> <span class='ocrx_word' id='word_1_511' title='bbox 1432 309 1485 332; x_wconf 89' lang='lat' dir='ltr'><em>aut</em></span> <span class='ocrx_word' id='word_1_512' title='bbox 1495 298 1619 342; x_wconf 85' lang='lat' dir='ltr'><em>infirmis</em></span> <span class='ocrx_word' id='word_1_513' title='bbox 1643 300 1887 340; x_wconf 76' lang='lat' dir='ltr'><em>reconciliandis,</em></span> <span class='ocrx_word' id='word_1_514' title='bbox 1912 315 1965 338; x_wconf 83' lang='lat' dir='ltr'><em>aut</em></span> <span class='ocrx_word' id='word_1_515' title='bbox 1987 316 2110 342; x_wconf 82' lang='lat' dir='ltr'><em>mortuis</em></span> <span class='ocrx_word' id='word_1_516' title='bbox 2130 308 2177 352; x_wconf 68' lang='lat' dir='ltr'><em>fia.</em></span> 
     </span>
     <span class='ocr_line' id='line_1_70' title="bbox 1299 350 2177 395; baseline 0.015 -15"><span class='ocrx_word' id='word_1_517' title='bbox 1299 350 1447 389; x_wconf 74' lang='lat' dir='ltr'><em>peirendis</em></span> <span class='ocrx_word' id='word_1_518' title='bbox 1455 355 1615 391; x_wconf 77' lang='lat' dir='ltr'><em>proemium</em></span> <span class='ocrx_word' id='word_1_519' title='bbox 1626 351 1678 383; x_wconf 78' lang='lat' dir='ltr'><em>vel</em></span> <span class='ocrx_word' id='word_1_520' title='bbox 1693 362 1800 383; x_wconf 86' lang='lat' dir='ltr'><em>munus</em></span> <span class='ocrx_word' id='word_1_521' title='bbox 1827 357 1949 395; x_wconf 81' lang='lat' dir='ltr'><em>exigat.</em></span> <span class='ocrx_word' id='word_1_522' title='bbox 1978 355 2074 393; x_wconf 77' lang='lat' dir='ltr'><em>Plura</em></span> <span class='ocrx_word' id='word_1_523' title='bbox 2104 360 2177 394; x_wconf 86' lang='lat' dir='ltr'><em>sunt</em></span> 
     </span>
     <span class='ocr_line' id='line_1_71' title="bbox 1301 398 2029 444; baseline 0.007 -13"><span class='ocrx_word' id='word_1_524' title='bbox 1301 398 1414 433; x_wconf 71' lang='lat' dir='ltr'><em>similia</em></span> <span class='ocrx_word' id='word_1_525' title='bbox 1426 400 1634 443; x_wconf 84' lang='lat' dir='ltr'><em>antiquorum</em></span> <span class='ocrx_word' id='word_1_526' title='bbox 1651 400 1884 444; x_wconf 83' lang='lat' dir='ltr'><em>Episcoporum</em></span> <span class='ocrx_word' id='word_1_527' title='bbox 1899 402 2010 440; x_wconf 68' lang='lat' dir='ltr'><em>Edicta</em></span> <span class='ocrx_word' id='word_1_528' title='bbox 2021 433 2029 440; x_wconf 83' lang='lat'><em>,</em></span> 
     </span>
    </p>

    <p class='ocr_par' dir='ltr' id='par_1_8' title="bbox 1280 449 2175 1345">
     <span class='ocr_line' id='line_1_72' title="bbox 1351 449 2175 500; baseline 0.011 -18"><span class='ocrx_word' id='word_1_529' title='bbox 1351 449 1406 483; x_wconf 82' lang='lat' dir='ltr'><em>Ad</em></span> <span class='ocrx_word' id='word_1_530' title='bbox 1418 449 1536 484; x_wconf 86' lang='lat' dir='ltr'><em>decimi</em></span> <span class='ocrx_word' id='word_1_531' title='bbox 1550 465 1566 470; x_wconf 94' lang='lat'><em>-</em></span> <span class='ocrx_word' id='word_1_532' title='bbox 1579 451 1664 482; x_wconf 85' lang='lat' dir='ltr'><em>tertii</em></span> <span class='ocrx_word' id='word_1_533' title='bbox 1677 451 1781 485; x_wconf 80' lang='lat' dir='ltr'><em>saecuii</em></span> <span class='ocrx_word' id='word_1_534' title='bbox 1795 463 1916 485; x_wconf 84' lang='lat' dir='ltr'><em>annum</em></span> <span class='ocrx_word' id='word_1_535' title='bbox 1930 459 2175 500; x_wconf 86' lang='lat' dir='ltr'><em>nonagesimum</em></span> 
     </span>
     <span class='ocr_line' id='line_1_73' title="bbox 1300 497 2173 550; baseline 0.014 -19"><span class='ocrx_word' id='word_1_536' title='bbox 1300 497 1498 533; x_wconf 88' lang='lat' dir='ltr'><em>Guilielmus</em></span> <span class='ocrx_word' id='word_1_537' title='bbox 1527 498 1636 541; x_wconf 80' lang='lat' dir='ltr'><em>Major</em></span> <span class='ocrx_word' id='word_1_538' title='bbox 1655 501 1699 533; x_wconf 86' lang='lat' dir='ltr'><em>est</em></span> <span class='ocrx_word' id='word_1_539' title='bbox 1729 512 1895 543; x_wconf 86' lang='lat' dir='ltr'><em>promotus</em></span> <span class='ocrx_word' id='word_1_540' title='bbox 1915 504 1948 536; x_wconf 91' lang='lat' dir='ltr'><em>in</em></span> <span class='ocrx_word' id='word_1_541' title='bbox 1976 505 2173 550; x_wconf 83' lang='lat' dir='ltr'><em>Episcopum</em></span> 
     </span>
     <span class='ocr_line' id='line_1_74' title="bbox 1299 546 2174 593; baseline 0.015 -14"><span class='ocrx_word' id='word_1_542' title='bbox 1299 546 1570 593; x_wconf 84' lang='lat' dir='ltr'><em>Andegavensem</em></span> <span class='ocrx_word' id='word_1_543' title='bbox 1585 573 1591 581; x_wconf 91' lang='lat'><strong>.</strong></span> <span class='ocrx_word' id='word_1_544' title='bbox 1622 548 1684 582; x_wconf 85' lang='lat' dir='ltr'><em>Vir</em></span> <span class='ocrx_word' id='word_1_545' title='bbox 1710 561 1762 592; x_wconf 83' lang='lat' dir='ltr'><em>per</em></span> <span class='ocrx_word' id='word_1_546' title='bbox 1772 552 1885 586; x_wconf 83' lang='lat' dir='ltr'><em>omnia</em></span> <span class='ocrx_word' id='word_1_547' title='bbox 1897 555 2057 589; x_wconf 83' lang='lat' dir='ltr'><em>eximius.</em></span> <span class='ocrx_word' id='word_1_548' title='bbox 2086 558 2174 592; x_wconf 83' lang='lat' dir='ltr'><em>luter</em></span> 
     </span>
     <span class='ocr_line' id='line_1_75' title="bbox 1296 597 2175 647; baseline 0.01 -16"><span class='ocrx_word' id='word_1_549' title='bbox 1296 597 1362 640; x_wconf 85' lang='lat' dir='ltr'><em>ejus</em></span> <span class='ocrx_word' id='word_1_550' title='bbox 1384 601 1486 642; x_wconf 87' lang='lat' dir='ltr'><em>prima</em></span> <span class='ocrx_word' id='word_1_551' title='bbox 1522 600 1601 632; x_wconf 72' lang='lat' dir='ltr'><em>Aeta</em></span> <span class='ocrx_word' id='word_1_552' title='bbox 1624 597 1781 633; x_wconf 85' lang='lat' dir='ltr'><em>habemus</em></span> <span class='ocrx_word' id='word_1_553' title='bbox 1796 601 1878 636; x_wconf 81' lang='lat' dir='ltr'><em>haec:</em></span> <span class='ocrx_word' id='word_1_554' title='bbox 1907 607 2103 647; x_wconf 60' lang='lat' dir='ltr'><em>Loqtuena&#39;um</em></span> <span class='ocrx_word' id='word_1_555' title='bbox 2136 608 2175 646; x_wconf 68' lang='lat' dir='ltr'><em>effi</em></span> 
     </span>
     <span class='ocr_line' id='line_1_76' title="bbox 1296 650 2174 698; baseline 0.013 -18"><span class='ocrx_word' id='word_1_556' title='bbox 1296 658 1361 680; x_wconf 88' lang='lat' dir='ltr'><em>cum</em></span> <span class='ocrx_word' id='word_1_557' title='bbox 1374 650 1509 693; x_wconf 86' lang='lat' dir='ltr'><em>Magistro</em></span> <span class='ocrx_word' id='word_1_558' title='bbox 1521 650 1676 682; x_wconf 82' lang='lat' dir='ltr'><em>Guilielmo</em></span> <span class='ocrx_word' id='word_1_559' title='bbox 1699 652 1807 688; x_wconf 71' lang='lat' dir='ltr'><em>Barjl,</em></span> <span class='ocrx_word' id='word_1_560' title='bbox 1835 653 1955 687; x_wconf 54' lang='lat' dir='ltr'><em>Rectore</em></span> <span class='ocrx_word' id='word_1_561' title='bbox 1980 657 2111 698; x_wconf 70' lang='lat' dir='ltr'><em>Eccleliae</em></span> <span class='ocrx_word' id='word_1_562' title='bbox 2137 660 2174 691; x_wconf 80' lang='lat' dir='ltr'><em>de</em></span> 
     </span>
     <span class='ocr_line' id='line_1_77' title="bbox 1298 697 2175 744; baseline 0.011 -15"><span class='ocrx_word' id='word_1_563' title='bbox 1298 697 1431 744; x_wconf 81' lang='lat' dir='ltr'><em>Bagofiis</em></span> <span class='ocrx_word' id='word_1_564' title='bbox 1450 698 1540 742; x_wconf 84' lang='lat' dir='ltr'><em>super</em></span> <span class='ocrx_word' id='word_1_565' title='bbox 1552 698 1602 732; x_wconf 85' lang='lat' dir='ltr'><em>hoc</em></span> <span class='ocrx_word' id='word_1_566' title='bbox 1612 701 1692 743; x_wconf 88' lang='lat' dir='ltr'><em>quod</em></span> <span class='ocrx_word' id='word_1_567' title='bbox 1700 702 1763 740; x_wconf 85' lang='lat' dir='ltr'><em>ejus</em></span> <span class='ocrx_word' id='word_1_568' title='bbox 1777 704 1959 743; x_wconf 74' lang='lat' dir='ltr'><em>Capelianus</em></span> <span class='ocrx_word' id='word_1_569' title='bbox 1971 708 2009 739; x_wconf 91' lang='lat' dir='ltr'><em>de</em></span> <span class='ocrx_word' id='word_1_570' title='bbox 2020 719 2096 740; x_wconf 80' lang='lat' dir='ltr'><em>novo</em></span> <span class='ocrx_word' id='word_1_571' title='bbox 2108 713 2175 741; x_wconf 85' lang='lat' dir='ltr'><em>exi-</em></span> 
     </span>
     <span class='ocr_line' id='line_1_78' title="bbox 1290 748 2171 797; baseline 0.012 -18"><span class='ocrx_word' id='word_1_572' title='bbox 1290 748 1339 791; x_wconf 82' lang='lat' dir='ltr'><em>git</em></span> <span class='ocrx_word' id='word_1_573' title='bbox 1350 773 1361 788; x_wconf 91' lang='lat'>,</span> <span class='ocrx_word' id='word_1_574' title='bbox 1388 752 1421 783; x_wconf 67' lang='lat'><em>(5</em></span> <span class='ocrx_word' id='word_1_575' title='bbox 1433 759 1602 794; x_wconf 81' lang='lat' dir='ltr'><em>extorquere</em></span> <span class='ocrx_word' id='word_1_576' title='bbox 1614 756 1723 782; x_wconf 84' lang='lat' dir='ltr'><em>nititur</em></span> <span class='ocrx_word' id='word_1_577' title='bbox 1734 751 1914 785; x_wconf 86' lang='lat' dir='ltr'><em>linteamina</em></span> <span class='ocrx_word' id='word_1_578' title='bbox 1924 756 1944 786; x_wconf 82' lang='grc' dir='ltr'><em>ἃ</em></span> <span class='ocrx_word' id='word_1_579' title='bbox 1959 757 2171 797; x_wconf 74' lang='lat' dir='ltr'><em>parochianis,</em></span> 
     </span>
     <span class='ocr_line' id='line_1_79' title="bbox 1292 800 2170 842; baseline 0.015 -13"><span class='ocrx_word' id='word_1_580' title='bbox 1292 800 1409 839; x_wconf 86' lang='lat' dir='ltr'><em>quando</em></span> <span class='ocrx_word' id='word_1_581' title='bbox 1421 806 1565 841; x_wconf 79' lang='lat' dir='ltr'><em>recipiunt</em></span> <span class='ocrx_word' id='word_1_582' title='bbox 1585 803 1767 833; x_wconf 80' lang='lat' dir='ltr'><em>Extremam</em></span> <span class='ocrx_word' id='word_1_583' title='bbox 1780 801 1950 836; x_wconf 62' lang='lat' dir='ltr'><em>tinctionem</em></span> <span class='ocrx_word' id='word_1_584' title='bbox 1965 829 1971 836; x_wconf 97' lang='lat'>.</span> <span class='ocrx_word' id='word_1_585' title='bbox 1998 810 2123 841; x_wconf 80' lang='lat' dir='ltr'><em>Necnon</em></span> <span class='ocrx_word' id='word_1_586' title='bbox 2136 810 2170 842; x_wconf 56' lang='grc' dir='ltr'><em>(Ψ</em></span> 
     </span>
     <span class='ocr_line' id='line_1_80' title="bbox 1291 849 2169 896; baseline 0.01 -14"><span class='ocrx_word' id='word_1_587' title='bbox 1291 860 1358 882; x_wconf 86' lang='lat' dir='ltr'><em>cum</em></span> <span class='ocrx_word' id='word_1_588' title='bbox 1370 851 1439 881; x_wconf 88' lang='lat' dir='ltr'><em>aliis</em></span> <span class='ocrx_word' id='word_1_589' title='bbox 1451 849 1714 895; x_wconf 64' lang='lat' dir='ltr'><em>Relloribussuper</em></span> <span class='ocrx_word' id='word_1_590' title='bbox 1721 850 1901 893; x_wconf 68' lang='lat' dir='ltr'><em>fimilifaHo</em></span> <span class='ocrx_word' id='word_1_591' title='bbox 1914 853 1952 893; x_wconf 85' lang='lat' dir='ltr'><em>est</em></span> <span class='ocrx_word' id='word_1_592' title='bbox 1959 856 2134 896; x_wconf 85' lang='lat' dir='ltr'><em>loquendum</em></span> <span class='ocrx_word' id='word_1_593' title='bbox 2160 882 2169 891; x_wconf 94' lang='lat'>.</span> 
     </span>
     <span class='ocr_line' id='line_1_81' title="bbox 1292 897 2170 941; baseline 0.011 -10"><span class='ocrx_word' id='word_1_594' title='bbox 1292 897 1455 933; x_wconf 79' lang='lat' dir='ltr'><em>Videlicet</em></span> <span class='ocrx_word' id='word_1_595' title='bbox 1468 901 1507 933; x_wconf 88' lang='lat' dir='ltr'><em>ad</em></span> <span class='ocrx_word' id='word_1_596' title='bbox 1526 901 1766 935; x_wconf 85' lang='lat' dir='ltr'><em>eliminandum</em></span> <span class='ocrx_word' id='word_1_597' title='bbox 1779 901 1913 937; x_wconf 82' lang='lat' dir='ltr'><em>abusum</em></span> <span class='ocrx_word' id='word_1_598' title='bbox 1928 928 1935 936; x_wconf 91' lang='lat'><strong>.</strong></span> <span class='ocrx_word' id='word_1_599' title='bbox 1965 904 2089 939; x_wconf 77' lang='lat' dir='ltr'><em>Extant</em></span> <span class='ocrx_word' id='word_1_600' title='bbox 2104 906 2170 941; x_wconf 84' lang='lat' dir='ltr'><em>haec</em></span> 
     </span>
     <span class='ocr_line' id='line_1_82' title="bbox 1290 949 2170 991; baseline 0.01 -10"><span class='ocrx_word' id='word_1_601' title='bbox 1290 949 1373 991; x_wconf 80' lang='lat' dir='ltr'><em>apud</em></span> <span class='ocrx_word' id='word_1_602' title='bbox 1389 950 1561 984; x_wconf 88' lang='lat' dir='ltr'><em>Eruditum</em></span> <span class='ocrx_word' id='word_1_603' title='bbox 1600 951 1723 986; x_wconf 88' lang='lat' dir='ltr'><em>Lucam</em></span> <span class='ocrx_word' id='word_1_604' title='bbox 1762 951 1965 989; x_wconf 78' lang='lat' dir='ltr'><em>Dacherium</em></span> <span class='ocrx_word' id='word_1_605' title='bbox 1982 955 2014 988; x_wconf 89' lang='lat' dir='ltr'><em>in</em></span> <span class='ocrx_word' id='word_1_606' title='bbox 2038 956 2170 991; x_wconf 87' lang='lat' dir='ltr'><em>decimo</em></span> 
     </span>
     <span class='ocr_line' id='line_1_83' title="bbox 1289 1000 2170 1045; baseline 0.01 -14"><span class='ocrx_word' id='word_1_607' title='bbox 1289 1006 1382 1032; x_wconf 87' lang='lat' dir='ltr'><em>tomo</em></span> <span class='ocrx_word' id='word_1_608' title='bbox 1397 1000 1562 1045; x_wconf 86' lang='lat' dir='ltr'><em>Spicilegii</em></span> <span class='ocrx_word' id='word_1_609' title='bbox 1575 1025 1582 1033; x_wconf 92' lang='lat'>.</span> <span class='ocrx_word' id='word_1_610' title='bbox 1615 1001 1827 1036; x_wconf 86' lang='lat' dir='ltr'><em>Undecimus</em></span> <span class='ocrx_word' id='word_1_611' title='bbox 1839 1003 1971 1038; x_wconf 84' lang='lat' dir='ltr'><em>Tomus</em></span> <span class='ocrx_word' id='word_1_612' title='bbox 1985 1005 2083 1040; x_wconf 86' lang='lat' dir='ltr'><em>habet</em></span> <span class='ocrx_word' id='word_1_613' title='bbox 2106 1006 2170 1040; x_wconf 90' lang='lat' dir='ltr'><em>Ni—</em></span> 
     </span>
     <span class='ocr_line' id='line_1_84' title="bbox 1289 1047 2169 1099; baseline 0.013 -18"><span class='ocrx_word' id='word_1_614' title='bbox 1289 1047 1373 1081; x_wconf 90' lang='lat' dir='ltr'><em>colai</em></span> <span class='ocrx_word' id='word_1_615' title='bbox 1398 1051 1555 1084; x_wconf 86' lang='lat' dir='ltr'><em>Gellentii</em></span> <span class='ocrx_word' id='word_1_616' title='bbox 1579 1075 1589 1090; x_wconf 93' lang='lat'>‚</span> <span class='ocrx_word' id='word_1_617' title='bbox 1628 1052 1684 1094; x_wconf 85' lang='lat' dir='ltr'><em>qui</em></span> <span class='ocrx_word' id='word_1_618' title='bbox 1707 1052 1939 1088; x_wconf 87' lang='lat' dir='ltr'><em>Guilielmoin</em></span> <span class='ocrx_word' id='word_1_619' title='bbox 1970 1055 2169 1099; x_wconf 82' lang='lat' dir='ltr'><em>Episcopatu</em></span> 
     </span>
     <span class='ocr_line' id='line_1_85' title="bbox 1289 1098 2167 1144; baseline 0.011 -14"><span class='ocrx_word' id='word_1_620' title='bbox 1289 1098 1437 1141; x_wconf 70' lang='lat' dir='ltr'><em>proxime</em></span> <span class='ocrx_word' id='word_1_621' title='bbox 1476 1101 1624 1143; x_wconf 84' lang='lat' dir='ltr'><em>ptaeceffit</em></span> <span class='ocrx_word' id='word_1_622' title='bbox 1637 1126 1647 1141; x_wconf 93' lang='lat'>,</span> <span class='ocrx_word' id='word_1_623' title='bbox 1676 1100 1741 1134; x_wconf 86' lang='lat' dir='ltr'><em>haec</em></span> <span class='ocrx_word' id='word_1_624' title='bbox 1781 1103 1959 1144; x_wconf 84' lang='lat' dir='ltr'><em>Synodalia</em></span> <span class='ocrx_word' id='word_1_625' title='bbox 1989 1107 2130 1140; x_wconf 83' lang='lat' dir='ltr'><em>Decreta</em></span> <span class='ocrx_word' id='word_1_626' title='bbox 2159 1119 2167 1140; x_wconf 71' lang='grc' dir='ltr'><strong><em>ε</em></strong></span> 
     </span>
     <span class='ocr_line' id='line_1_86' title="bbox 1289 1149 2169 1202; baseline 0.011 -22"><span class='ocrx_word' id='word_1_627' title='bbox 1289 1149 1365 1181; x_wconf 78' lang='lat' dir='ltr'><em>Sunt</em></span> <span class='ocrx_word' id='word_1_628' title='bbox 1372 1150 1477 1190; x_wconf 86' lang='lat' dir='ltr'><em>plures</em></span> <span class='ocrx_word' id='word_1_629' title='bbox 1492 1150 1626 1184; x_wconf 70' lang='lat' dir='ltr'><em>ReHores</em></span> <span class='ocrx_word' id='word_1_630' title='bbox 1635 1151 1827 1192; x_wconf 82' lang='lat' dir='ltr'><em>Ecclefiarum</em></span> <span class='ocrx_word' id='word_1_631' title='bbox 1840 1155 1873 1186; x_wconf 59' lang='lat' dir='ltr'><em>&lt;vt</em></span> <span class='ocrx_word' id='word_1_632' title='bbox 1898 1156 2065 1188; x_wconf 78' lang='lat' dir='ltr'><em>sacerdotes</em></span> <span class='ocrx_word' id='word_1_633' title='bbox 2078 1180 2088 1195; x_wconf 87' lang='lat'>‚</span> <span class='ocrx_word' id='word_1_634' title='bbox 2115 1162 2169 1202; x_wconf 78' lang='lat' dir='ltr'><em>qui</em></span> 
     </span>
     <span class='ocr_line' id='line_1_87' title="bbox 1282 1203 2170 1246; baseline 0.011 -17"><span class='ocrx_word' id='word_1_635' title='bbox 1282 1203 1472 1239; x_wconf 73' lang='lat' dir='ltr'><em>pravitatem</em></span> <span class='ocrx_word' id='word_1_636' title='bbox 1496 1203 1696 1234; x_wconf 86' lang='lat' dir='ltr'><em>simoniacam</em></span> <span class='ocrx_word' id='word_1_637' title='bbox 1718 1214 1776 1234; x_wconf 88' lang='lat' dir='ltr'><em>non</em></span> <span class='ocrx_word' id='word_1_638' title='bbox 1799 1209 1960 1246; x_wconf 85' lang='lat' dir='ltr'><em>timentes,</em></span> <span class='ocrx_word' id='word_1_639' title='bbox 1987 1205 2170 1239; x_wconf 56' lang='lat' dir='ltr'><em>benedicito-</em></span> 
     </span>
     <span class='ocr_line' id='line_1_88' title="bbox 1285 1250 2168 1296; baseline 0.01 -17"><span class='ocrx_word' id='word_1_640' title='bbox 1285 1258 1337 1279; x_wconf 87' lang='lat' dir='ltr'><em>nes</em></span> <span class='ocrx_word' id='word_1_641' title='bbox 1357 1250 1505 1290; x_wconf 82' lang='lat' dir='ltr'><em>nuptiales</em></span> <span class='ocrx_word' id='word_1_642' title='bbox 1521 1274 1533 1290; x_wconf 86' lang='lat'><em>,</em></span> <span class='ocrx_word' id='word_1_643' title='bbox 1571 1251 1773 1292; x_wconf 59' lang='lat' dir='ltr'><em>defunfflorum</em></span> <span class='ocrx_word' id='word_1_644' title='bbox 1789 1251 1960 1294; x_wconf 77' lang='lat' dir='ltr'><em>sepulturas</em></span> <span class='ocrx_word' id='word_1_645' title='bbox 1974 1280 1984 1296; x_wconf 92' lang='lat'>,</span> <span class='ocrx_word' id='word_1_646' title='bbox 2012 1258 2168 1290; x_wconf 81' lang='lat' dir='ltr'><em>mulierum</em></span> 
     </span>
     <span class='ocr_line' id='line_1_89' title="bbox 1280 1297 2168 1345; baseline 0.01 -15"><span class='ocrx_word' id='word_1_647' title='bbox 1280 1297 1503 1339; x_wconf 78' lang='lat' dir='ltr'><em>purificationes</em></span> <span class='ocrx_word' id='word_1_648' title='bbox 1518 1301 1662 1333; x_wconf 88' lang='lat' dir='ltr'><em>celebrare</em></span> <span class='ocrx_word' id='word_1_649' title='bbox 1675 1313 1733 1333; x_wconf 87' lang='lat' dir='ltr'><em>non</em></span> <span class='ocrx_word' id='word_1_650' title='bbox 1747 1303 1853 1334; x_wconf 79' lang='lat' dir='ltr'><em>volunt</em></span> <span class='ocrx_word' id='word_1_651' title='bbox 1873 1327 1882 1342; x_wconf 91' lang='lat'>‚</span> <span class='ocrx_word' id='word_1_652' title='bbox 1910 1304 1967 1344; x_wconf 77' lang='lat' dir='ltr'><em>nisi</em></span> <span class='ocrx_word' id='word_1_653' title='bbox 1978 1307 2063 1345; x_wconf 76' lang='lat' dir='ltr'><em>prius</em></span> <span class='ocrx_word' id='word_1_654' title='bbox 2086 1315 2168 1339; x_wconf 81' lang='lat' dir='ltr'><em>certa</em></span> 
     </span>
    </p>

    <p class='ocr_par' dir='ltr' id='par_1_9' title="bbox 1269 1350 2169 3286">
     <span class='ocr_line' id='line_1_90' title="bbox 1279 1350 2166 1396; baseline 0.009 -17"><span class='ocrx_word' id='word_1_655' title='bbox 1279 1355 1413 1389; x_wconf 84' lang='lat' dir='ltr'><em>pecuniae</em></span> <span class='ocrx_word' id='word_1_656' title='bbox 1423 1354 1581 1391; x_wconf 84' lang='lat' dir='ltr'><em>quantitas</em></span> <span class='ocrx_word' id='word_1_657' title='bbox 1592 1375 1602 1390; x_wconf 91' lang='lat'>‚</span> <span class='ocrx_word' id='word_1_658' title='bbox 1631 1350 1684 1382; x_wconf 85' lang='lat' dir='ltr'><em>vel</em></span> <span class='ocrx_word' id='word_1_659' title='bbox 1694 1351 1782 1382; x_wconf 85' lang='lat' dir='ltr'><em>aliud</em></span> <span class='ocrx_word' id='word_1_660' title='bbox 1790 1353 1873 1392; x_wconf 75' lang='lat' dir='ltr'><em>quod</em></span> <span class='ocrx_word' id='word_1_661' title='bbox 1885 1352 2002 1394; x_wconf 84' lang='lat' dir='ltr'><em>jisdem</em></span> <span class='ocrx_word' id='word_1_662' title='bbox 2022 1357 2142 1395; x_wconf 83' lang='lat' dir='ltr'><em>placeat</em></span> <span class='ocrx_word' id='word_1_663' title='bbox 2154 1379 2166 1396; x_wconf 91' lang='lat'><strong><em>,</em></strong></span> 
     </span>
     <span class='ocr_line' id='line_1_91' title="bbox 1279 1396 2166 1445; baseline 0.011 -16"><span class='ocrx_word' id='word_1_664' title='bbox 1279 1396 1419 1440; x_wconf 84' lang='lat' dir='ltr'><em>solvatur</em></span> <span class='ocrx_word' id='word_1_665' title='bbox 1442 1401 1492 1432; x_wconf 86' lang='lat' dir='ltr'><em>vel</em></span> <span class='ocrx_word' id='word_1_666' title='bbox 1499 1399 1630 1441; x_wconf 84' lang='lat' dir='ltr'><em>firmiter</em></span> <span class='ocrx_word' id='word_1_667' title='bbox 1639 1407 1835 1443; x_wconf 83' lang='lat' dir='ltr'><em>promittatur</em></span> <span class='ocrx_word' id='word_1_668' title='bbox 1847 1424 1854 1432; x_wconf 88' lang='lat'><strong>.</strong></span> <span class='ocrx_word' id='word_1_669' title='bbox 1880 1404 1976 1445; x_wconf 73' lang='lat' dir='ltr'><em>‚Quod</em></span> <span class='ocrx_word' id='word_1_670' title='bbox 1985 1411 2075 1436; x_wconf 84' lang='lat' dir='ltr'><em>etiam</em></span> <span class='ocrx_word' id='word_1_671' title='bbox 2086 1411 2166 1438; x_wconf 82' lang='lat' dir='ltr'><em>circa</em></span> 
     </span>
     <span class='ocr_line' id='line_1_92' title="bbox 1282 1447 2166 1496; baseline 0.01 -17"><span class='ocrx_word' id='word_1_672' title='bbox 1282 1449 1538 1481; x_wconf 76' lang='lat' dir='ltr'><em>Sacramentorum</em></span> <span class='ocrx_word' id='word_1_673' title='bbox 1552 1448 1763 1482; x_wconf 75' lang='lat' dir='ltr'><em>exhibitionem</em></span> <span class='ocrx_word' id='word_1_674' title='bbox 1785 1447 1967 1485; x_wconf 70' lang='lat' dir='ltr'><em>committere</em></span> <span class='ocrx_word' id='word_1_675' title='bbox 1977 1464 2036 1485; x_wconf 85' lang='lat' dir='ltr'><em>non</em></span> <span class='ocrx_word' id='word_1_676' title='bbox 2049 1455 2166 1496; x_wconf 80' lang='lat' dir='ltr'><em>formi-</em></span> 
     </span>
     <span class='ocr_line' id='line_1_93' title="bbox 1282 1497 2166 1547; baseline 0.011 -19"><span class='ocrx_word' id='word_1_677' title='bbox 1282 1498 1378 1529; x_wconf 89' lang='lat' dir='ltr'><em>dant.</em></span> <span class='ocrx_word' id='word_1_678' title='bbox 1407 1502 1496 1531; x_wconf 87' lang='lat' dir='ltr'><em>Circa</em></span> <span class='ocrx_word' id='word_1_679' title='bbox 1524 1510 1591 1541; x_wconf 89' lang='lat' dir='ltr'><em>quae</em></span> <span class='ocrx_word' id='word_1_680' title='bbox 1611 1497 1844 1540; x_wconf 80' lang='lat' dir='ltr'><em>inquirendum,</em></span> <span class='ocrx_word' id='word_1_681' title='bbox 1881 1502 1970 1534; x_wconf 80' lang='lat' dir='ltr'><em>Archi</em></span> <span class='ocrx_word' id='word_1_682' title='bbox 1983 1505 2129 1538; x_wconf 79' lang='lat' dir='ltr'><em>Diaconos</em></span> <span class='ocrx_word' id='word_1_683' title='bbox 2154 1530 2166 1547; x_wconf 83' lang='lat'>,</span> 
     </span>
     <span class='ocr_line' id='line_1_94' title="bbox 1285 1547 2169 1598; baseline 0.009 -18"><span class='ocrx_word' id='word_1_684' title='bbox 1285 1547 1595 1589; x_wconf 73' lang='lat' dir='ltr'><em>Archi-Presbyteros,</em></span> <span class='ocrx_word' id='word_1_685' title='bbox 1621 1551 1655 1582; x_wconf 63' lang='grc'><em>(9</em></span> <span class='ocrx_word' id='word_1_686' title='bbox 1672 1553 1800 1582; x_wconf 87' lang='lat' dir='ltr'><em>Decanos</em></span> <span class='ocrx_word' id='word_1_687' title='bbox 1826 1557 2018 1593; x_wconf 67' lang='lat' dir='ltr'><em>praecipimus</em></span> <span class='ocrx_word' id='word_1_688' title='bbox 2042 1554 2169 1598; x_wconf 64' lang='lat' dir='ltr'><em>diliget»</em></span> 
     </span>
     <span class='ocr_line' id='line_1_95' title="bbox 1284 1598 2166 1648; baseline 0.012 -20"><span class='ocrx_word' id='word_1_689' title='bbox 1284 1607 1329 1630; x_wconf 83' lang='lat' dir='ltr'><em>ter</em></span> <span class='ocrx_word' id='word_1_690' title='bbox 1341 1598 1486 1641; x_wconf 83' lang='lat' dir='ltr'><em>vigilare:</em></span> <span class='ocrx_word' id='word_1_691' title='bbox 1518 1601 1551 1632; x_wconf 62' lang='grc' dir='ltr'>Θ</span> <span class='ocrx_word' id='word_1_692' title='bbox 1562 1610 1632 1640; x_wconf 86' lang='lat' dir='ltr'><em>quos</em></span> <span class='ocrx_word' id='word_1_693' title='bbox 1646 1601 1678 1631; x_wconf 82' lang='lat' dir='ltr'><em>i&#39;n</em></span> <span class='ocrx_word' id='word_1_694' title='bbox 1690 1600 1749 1639; x_wconf 82' lang='lat' dir='ltr'><em>istis</em></span> <span class='ocrx_word' id='word_1_695' title='bbox 1762 1612 1826 1634; x_wconf 88' lang='lat' dir='ltr'><em>reos</em></span> <span class='ocrx_word' id='word_1_696' title='bbox 1839 1608 2011 1637; x_wconf 82' lang='lat' dir='ltr'><em>invenerint</em></span> <span class='ocrx_word' id='word_1_697' title='bbox 2023 1625 2034 1642; x_wconf 91' lang='lat'>‚</span> <span class='ocrx_word' id='word_1_698' title='bbox 2058 1605 2098 1637; x_wconf 86' lang='lat' dir='ltr'><em>ab</em></span> <span class='ocrx_word' id='word_1_699' title='bbox 2111 1604 2166 1648; x_wconf 86' lang='lat' dir='ltr'><em>Of-</em></span> 
     </span>
     <span class='ocr_line' id='line_1_96' title="bbox 1276 1648 2167 1699; baseline 0.011 -21"><span class='ocrx_word' id='word_1_700' title='bbox 1276 1648 1341 1689; x_wconf 85' lang='lat' dir='ltr'><em>ficio</em></span> <span class='ocrx_word' id='word_1_701' title='bbox 1356 1650 1388 1681; x_wconf 60' lang='grc' dir='ltr'><em>ὦ*</em></span> <span class='ocrx_word' id='word_1_702' title='bbox 1401 1648 1535 1689; x_wconf 85' lang='lat' dir='ltr'><em>beneficio</em></span> <span class='ocrx_word' id='word_1_703' title='bbox 1550 1648 1738 1692; x_wconf 71' lang='lat' dir='ltr'><em>suspendant</em></span> <span class='ocrx_word' id='word_1_704' title='bbox 1753 1674 1763 1689; x_wconf 91' lang='lat'>,</span> <span class='ocrx_word' id='word_1_705' title='bbox 1790 1652 1823 1683; x_wconf 61' lang='lat' dir='ltr'><em>(et</em></span> <span class='ocrx_word' id='word_1_706' title='bbox 1849 1652 2025 1685; x_wconf 84' lang='lat' dir='ltr'><em>denuntient</em></span> <span class='ocrx_word' id='word_1_707' title='bbox 2045 1654 2096 1696; x_wconf 78' lang='lat' dir='ltr'><em>effi.-</em></span> <span class='ocrx_word' id='word_1_708' title='bbox 2115 1654 2167 1699; x_wconf 82' lang='lat' dir='ltr'><em>su-</em></span> 
     </span>
     <span class='ocr_line' id='line_1_97' title="bbox 1275 1695 2164 1748; baseline 0.01 -19"><span class='ocrx_word' id='word_1_709' title='bbox 1275 1695 1395 1740; x_wconf 78' lang='lat' dir='ltr'><em>spenfhs</em></span> <span class='ocrx_word' id='word_1_710' title='bbox 1410 1722 1419 1736; x_wconf 91' lang='lat'>,</span> <span class='ocrx_word' id='word_1_711' title='bbox 1446 1697 1553 1740; x_wconf 85' lang='lat' dir='ltr'><em>eisdem</em></span> <span class='ocrx_word' id='word_1_712' title='bbox 1568 1710 1665 1731; x_wconf 83' lang='lat' dir='ltr'><em>coram</em></span> <span class='ocrx_word' id='word_1_713' title='bbox 1676 1700 1760 1732; x_wconf 79' lang='lat' dir='ltr'><em>nobis</em></span> <span class='ocrx_word' id='word_1_714' title='bbox 1773 1710 1865 1733; x_wconf 87' lang='lat' dir='ltr'><em>certos</em></span> <span class='ocrx_word' id='word_1_715' title='bbox 1877 1703 1940 1735; x_wconf 89' lang='lat' dir='ltr'><em>dies</em></span> <span class='ocrx_word' id='word_1_716' title='bbox 1965 1704 2140 1748; x_wconf 81' lang='lat' dir='ltr'><em>affignantes</em></span> <span class='ocrx_word' id='word_1_717' title='bbox 2150 1728 2164 1745; x_wconf 85' lang='lat'><strong>,</strong></span> 
     </span>
     <span class='ocr_line' id='line_1_98' title="bbox 1277 1745 2163 1795; baseline 0.003 -16"><span class='ocrx_word' id='word_1_718' title='bbox 1277 1756 1310 1780; x_wconf 85' lang='lat' dir='ltr'><em>ut</em></span> <span class='ocrx_word' id='word_1_719' title='bbox 1313 1745 1343 1788; x_wconf 82' lang='lat' dir='ltr'><em>fi</em></span> <span class='ocrx_word' id='word_1_720' title='bbox 1349 1747 1484 1781; x_wconf 64' lang='lat' dir='ltr'><em>Rediores</em></span> <span class='ocrx_word' id='word_1_721' title='bbox 1491 1748 1551 1790; x_wconf 79' lang='lat' dir='ltr'><em>fini</em></span> <span class='ocrx_word' id='word_1_722' title='bbox 1563 1750 1614 1782; x_wconf 83' lang='lat' dir='ltr'><em>vel</em></span> <span class='ocrx_word' id='word_1_723' title='bbox 1623 1755 1730 1782; x_wconf 80' lang='lat' dir='ltr'><em>curati</em></span> <span class='ocrx_word' id='word_1_724' title='bbox 1743 1773 1753 1789; x_wconf 90' lang='lat'><strong>,</strong></span> <span class='ocrx_word' id='word_1_725' title='bbox 1779 1762 1824 1783; x_wconf 84' lang='lat' dir='ltr'><em>eos</em></span> <span class='ocrx_word' id='word_1_726' title='bbox 1845 1749 1987 1794; x_wconf 72' lang='lat' dir='ltr'><em>benefictIs</em></span> <span class='ocrx_word' id='word_1_727' title='bbox 2010 1751 2077 1795; x_wconf 83' lang='lat' dir='ltr'><em>suis</em></span> <span class='ocrx_word' id='word_1_728' title='bbox 2099 1759 2163 1795; x_wconf 83' lang='lat' dir='ltr'><em>pri.</em></span> 
     </span>
     <span class='ocr_line' id='line_1_99' title="bbox 1277 1797 2164 1848; baseline 0.008 -18"><span class='ocrx_word' id='word_1_729' title='bbox 1277 1809 1405 1839; x_wconf 87' lang='lat' dir='ltr'><em>vemus;</em></span> <span class='ocrx_word' id='word_1_730' title='bbox 1427 1797 1533 1840; x_wconf 69' lang='lat' dir='ltr'><em>fiverb</em></span> <span class='ocrx_word' id='word_1_731' title='bbox 1543 1800 1712 1832; x_wconf 87' lang='lat' dir='ltr'><em>sacerdotes</em></span> <span class='ocrx_word' id='word_1_732' title='bbox 1727 1812 1782 1832; x_wconf 83' lang='lat' dir='ltr'><em>non</em></span> <span class='ocrx_word' id='word_1_733' title='bbox 1807 1808 1926 1841; x_wconf 85' lang='lat' dir='ltr'><em>curati,</em></span> <span class='ocrx_word' id='word_1_734' title='bbox 1954 1802 1996 1834; x_wconf 85' lang='lat' dir='ltr'><em>ab</em></span> <span class='ocrx_word' id='word_1_735' title='bbox 2023 1805 2164 1848; x_wconf 65' lang='lat' dir='ltr'><em>andega-</em></span> 
     </span>
     <span class='ocr_line' id='line_1_100' title="bbox 1276 1850 2160 1893; baseline 0.008 -14"><span class='ocrx_word' id='word_1_736' title='bbox 1276 1853 1327 1880; x_wconf 67' lang='grc' dir='ltr'><em>ὀη</em></span> <span class='ocrx_word' id='word_1_737' title='bbox 1344 1851 1487 1889; x_wconf 72' lang='lat' dir='ltr'><em>perpetuo</em></span> <span class='ocrx_word' id='word_1_738' title='bbox 1500 1850 1715 1884; x_wconf 75' lang='lat' dir='ltr'><em>excludamus.</em></span> <span class='ocrx_word' id='word_1_739' title='bbox 1750 1852 1816 1882; x_wconf 78' lang='lat' dir='ltr'><em>Alia</em></span> <span class='ocrx_word' id='word_1_740' title='bbox 1837 1850 1944 1893; x_wconf 78' lang='lat' dir='ltr'><em>eisdem</em></span> <span class='ocrx_word' id='word_1_741' title='bbox 1967 1851 2160 1887; x_wconf 68' lang='lat' dir='ltr'><em>nihilominus</em></span> 
     </span>
     <span class='ocr_line' id='line_1_101' title="bbox 1273 1895 2164 1942; baseline 0.008 -13"><span class='ocrx_word' id='word_1_742' title='bbox 1273 1906 1365 1939; x_wconf 86' lang='lat' dir='ltr'><em>poena</em></span> <span class='ocrx_word' id='word_1_743' title='bbox 1381 1900 1568 1942; x_wconf 85' lang='lat' dir='ltr'><em>injungenda</em></span> <span class='ocrx_word' id='word_1_744' title='bbox 1584 1895 1744 1941; x_wconf 73' lang='lat' dir='ltr'><em>secundum</em></span> <span class='ocrx_word' id='word_1_745' title='bbox 1758 1905 1940 1934; x_wconf 87' lang='lat' dir='ltr'><em>Canonicam</em></span> <span class='ocrx_word' id='word_1_746' title='bbox 1951 1902 2137 1937; x_wconf 64' lang='lat' dir='ltr'><em>SanBionem</em></span> <span class='ocrx_word' id='word_1_747' title='bbox 2155 1928 2164 1936; x_wconf 88' lang='lat'><em>.</em></span> 
     </span>
     <span class='ocr_line' id='line_1_102' title="bbox 1281 1947 2162 1993; baseline 0.009 -13"><span class='ocrx_word' id='word_1_748' title='bbox 1281 1947 1441 1982; x_wconf 75' lang='lat' dir='ltr'><em>Nicotaus</em></span> <span class='ocrx_word' id='word_1_749' title='bbox 1463 1948 1528 1982; x_wconf 88' lang='lat' dir='ltr'><em>haec</em></span> <span class='ocrx_word' id='word_1_750' title='bbox 1542 1951 1645 1983; x_wconf 70' lang='lat' dir='ltr'><em>sanxit</em></span> <span class='ocrx_word' id='word_1_751' title='bbox 1666 1952 1696 1983; x_wconf 89' lang='lat' dir='ltr'><em>in</em></span> <span class='ocrx_word' id='word_1_752' title='bbox 1711 1950 1762 1983; x_wconf 86' lang='lat' dir='ltr'><em>sua</em></span> <span class='ocrx_word' id='word_1_753' title='bbox 1789 1953 1902 1985; x_wconf 56' lang='lat' dir='ltr'><em>ociava</em></span> <span class='ocrx_word' id='word_1_754' title='bbox 1927 1950 2085 1993; x_wconf 83' lang='lat' dir='ltr'><em>Synodo:</em></span> <span class='ocrx_word' id='word_1_755' title='bbox 2117 1953 2162 1988; x_wconf 88' lang='lat' dir='ltr'><em>Et</em></span> 
     </span>
     <span class='ocr_line' id='line_1_103' title="bbox 1279 1995 2163 2042; baseline 0.008 -13"><span class='ocrx_word' id='word_1_756' title='bbox 1279 1995 1396 2039; x_wconf 84' lang='lat' dir='ltr'><em>adjecit</em></span> <span class='ocrx_word' id='word_1_757' title='bbox 1410 1999 1442 2030; x_wconf 88' lang='lat' dir='ltr'><em>in</em></span> <span class='ocrx_word' id='word_1_758' title='bbox 1459 2010 1546 2031; x_wconf 85' lang='lat' dir='ltr'><em>nona</em></span> <span class='ocrx_word' id='word_1_759' title='bbox 1559 2012 1566 2031; x_wconf 87' lang='lat'>:</span> <span class='ocrx_word' id='word_1_760' title='bbox 1593 2001 1691 2031; x_wconf 79' lang='lat' dir='ltr'><em>sacris</em></span> <span class='ocrx_word' id='word_1_761' title='bbox 1704 2001 1875 2033; x_wconf 87' lang='lat' dir='ltr'><em>Canonibus</em></span> <span class='ocrx_word' id='word_1_762' title='bbox 1887 2001 1925 2040; x_wconf 82' lang='lat' dir='ltr'><em>est</em></span> <span class='ocrx_word' id='word_1_763' title='bbox 1934 2001 2082 2040; x_wconf 82' lang='lat' dir='ltr'><em>statutum</em></span> <span class='ocrx_word' id='word_1_764' title='bbox 2095 2026 2106 2042; x_wconf 90' lang='lat'><strong>,</strong></span> <span class='ocrx_word' id='word_1_765' title='bbox 2127 2004 2163 2036; x_wconf 66' lang='grc' dir='ltr'><em>ὁ·</em></span> 
     </span>
     <span class='ocr_line' id='line_1_104' title="bbox 1276 2046 2162 2094; baseline 0.01 -18"><span class='ocrx_word' id='word_1_766' title='bbox 1276 2047 1296 2076; x_wconf 76' lang='grc' dir='ltr'><em>ἃ</em></span> <span class='ocrx_word' id='word_1_767' title='bbox 1307 2046 1390 2078; x_wconf 85' lang='lat' dir='ltr'><em>nobis</em></span> <span class='ocrx_word' id='word_1_768' title='bbox 1404 2049 1457 2079; x_wconf 87' lang='lat' dir='ltr'><em>diu</em></span> <span class='ocrx_word' id='word_1_769' title='bbox 1479 2046 1516 2086; x_wconf 78' lang='lat' dir='ltr'><em>est</em></span> <span class='ocrx_word' id='word_1_770' title='bbox 1527 2053 1559 2078; x_wconf 82' lang='lat' dir='ltr'><em>in</em></span> <span class='ocrx_word' id='word_1_771' title='bbox 1573 2048 1682 2080; x_wconf 66' lang='lat' dir='ltr'><em>sandla</em></span> <span class='ocrx_word' id='word_1_772' title='bbox 1694 2050 1802 2085; x_wconf 73' lang='lat' dir='ltr'><em>synodo</em></span> <span class='ocrx_word' id='word_1_773' title='bbox 1822 2054 2022 2092; x_wconf 81' lang='lat' dir='ltr'><em>innovatum,</em></span> <span class='ocrx_word' id='word_1_774' title='bbox 2049 2063 2087 2085; x_wconf 86' lang='lat' dir='ltr'><em>ne</em></span> <span class='ocrx_word' id='word_1_775' title='bbox 2105 2060 2162 2094; x_wconf 72' lang='lat' dir='ltr'><em>pro</em></span> 
     </span>
     <span class='ocr_line' id='line_1_105' title="bbox 1278 2096 2165 2143; baseline 0.009 -16"><span class='ocrx_word' id='word_1_776' title='bbox 1278 2098 1476 2128; x_wconf 80' lang='lat' dir='ltr'><em>sacramentis</em></span> <span class='ocrx_word' id='word_1_777' title='bbox 1502 2098 1710 2136; x_wconf 80' lang='lat' dir='ltr'><em>ministrandis</em></span> <span class='ocrx_word' id='word_1_778' title='bbox 1731 2096 1784 2138; x_wconf 87' lang='lat' dir='ltr'><em>seu</em></span> <span class='ocrx_word' id='word_1_779' title='bbox 1807 2102 2013 2140; x_wconf 70' lang='lat' dir='ltr'><em>impendendis</em></span> <span class='ocrx_word' id='word_1_780' title='bbox 2043 2101 2165 2143; x_wconf 76' lang='lat' dir='ltr'><em>aliquid</em></span> 
     </span>
     <span class='ocr_line' id='line_1_106' title="bbox 1281 2148 2164 2193; baseline 0.009 -16"><span class='ocrx_word' id='word_1_781' title='bbox 1281 2151 1439 2188; x_wconf 78' lang='lat' dir='ltr'><em>exigatur,</em></span> <span class='ocrx_word' id='word_1_782' title='bbox 1469 2148 1573 2179; x_wconf 78' lang='lat' dir='ltr'><em>verum</em></span> <span class='ocrx_word' id='word_1_783' title='bbox 1586 2149 1786 2180; x_wconf 77' lang='lat' dir='ltr'><em>intelleximus</em></span> <span class='ocrx_word' id='word_1_784' title='bbox 1799 2160 1907 2182; x_wconf 81' lang='lat' dir='ltr'><em>novum</em></span> <span class='ocrx_word' id='word_1_785' title='bbox 1915 2161 2012 2193; x_wconf 83' lang='lat' dir='ltr'><em>genus</em></span> <span class='ocrx_word' id='word_1_786' title='bbox 2034 2151 2164 2185; x_wconf 60' lang='lat' dir='ltr'><em>exodio·</em></span> 
     </span>
     <span class='ocr_line' id='line_1_107' title="bbox 1276 2195 2161 2238; baseline 0.014 -14"><span class='ocrx_word' id='word_1_787' title='bbox 1276 2200 1322 2225; x_wconf 86' lang='lat' dir='ltr'><em>nis</em></span> <span class='ocrx_word' id='word_1_788' title='bbox 1335 2203 1467 2227; x_wconf 78' lang='lat' dir='ltr'><em>exortum</em></span> <span class='ocrx_word' id='word_1_789' title='bbox 1479 2221 1486 2227; x_wconf 93' lang='lat'><strong><em>.</em></strong></span> <span class='ocrx_word' id='word_1_790' title='bbox 1518 2195 1635 2238; x_wconf 74' lang='lat' dir='ltr'><em>‚Quiafi</em></span> <span class='ocrx_word' id='word_1_791' title='bbox 1641 2198 1747 2238; x_wconf 82' lang='lat' dir='ltr'><em>aliquis</em></span> <span class='ocrx_word' id='word_1_792' title='bbox 1783 2199 1987 2233; x_wconf 75' lang='lat' dir='ltr'><em>Parocbt&#39;anus</em></span> <span class='ocrx_word' id='word_1_793' title='bbox 2001 2205 2034 2233; x_wconf 78' lang='lat' dir='ltr'><em>in</em></span> <span class='ocrx_word' id='word_1_794' title='bbox 2058 2202 2161 2236; x_wconf 80' lang='lat' dir='ltr'><em>aliena</em></span> 
     </span>
     <span class='ocr_line' id='line_1_108' title="bbox 1279 2242 2160 2291; baseline 0.009 -16"><span class='ocrx_word' id='word_1_795' title='bbox 1279 2242 1423 2276; x_wconf 83' lang='lat' dir='ltr'><em>Parochia</em></span> <span class='ocrx_word' id='word_1_796' title='bbox 1436 2250 1660 2277; x_wconf 81' lang='lat' dir='ltr'><em>matrimonium</em></span> <span class='ocrx_word' id='word_1_797' title='bbox 1672 2246 1830 2278; x_wconf 80' lang='lat' dir='ltr'><em>contrahat</em></span> <span class='ocrx_word' id='word_1_798' title='bbox 1845 2253 1876 2279; x_wconf 88' lang='lat' dir='ltr'><em>in</em></span> <span class='ocrx_word' id='word_1_799' title='bbox 1890 2248 1982 2286; x_wconf 83' lang='lat' dir='ltr'><em>nostra</em></span> <span class='ocrx_word' id='word_1_800' title='bbox 2008 2249 2129 2291; x_wconf 69' lang='lat' dir='ltr'><em>Dia-celi</em></span> <span class='ocrx_word' id='word_1_801' title='bbox 2148 2275 2160 2291; x_wconf 90' lang='lat'><strong>,</strong></span> 
     </span>
     <span class='ocr_line' id='line_1_109' title="bbox 1276 2294 2157 2344; baseline 0.01 -19"><span class='ocrx_word' id='word_1_802' title='bbox 1276 2294 1327 2325; x_wconf 85' lang='lat' dir='ltr'><em>vel</em></span> <span class='ocrx_word' id='word_1_803' title='bbox 1336 2299 1427 2326; x_wconf 90' lang='lat' dir='ltr'><em>etiam</em></span> <span class='ocrx_word' id='word_1_804' title='bbox 1454 2295 1574 2334; x_wconf 86' lang='lat' dir='ltr'><em>aliena,</em></span> <span class='ocrx_word' id='word_1_805' title='bbox 1605 2297 1639 2329; x_wconf 64' lang='grc'><em>(7</em></span> <span class='ocrx_word' id='word_1_806' title='bbox 1661 2297 1681 2326; x_wconf 73' lang='grc' dir='ltr'><em>ἃ</em></span> <span class='ocrx_word' id='word_1_807' title='bbox 1698 2294 1851 2329; x_wconf 78' lang='lat' dir='ltr'><em>sacerdote</em></span> <span class='ocrx_word' id='word_1_808' title='bbox 1860 2295 1915 2339; x_wconf 87' lang='lat' dir='ltr'><em>suo</em></span> <span class='ocrx_word' id='word_1_809' title='bbox 1934 2297 2056 2337; x_wconf 80' lang='lat' dir='ltr'><em>postulet</em></span> <span class='ocrx_word' id='word_1_810' title='bbox 2069 2324 2079 2338; x_wconf 84' lang='lat'>‚</span> <span class='ocrx_word' id='word_1_811' title='bbox 2104 2306 2157 2344; x_wconf 78' lang='lat' dir='ltr'><em>qui</em></span> 
     </span>
     <span class='ocr_line' id='line_1_110' title="bbox 1271 2343 2157 2391; baseline 0.01 -17"><span class='ocrx_word' id='word_1_812' title='bbox 1271 2343 1367 2381; x_wconf 81' lang='lat' dir='ltr'><em>slatus</em></span> <span class='ocrx_word' id='word_1_813' title='bbox 1398 2343 1480 2384; x_wconf 75' lang='lat' dir='ltr'><em>ipsius</em></span> <span class='ocrx_word' id='word_1_814' title='bbox 1505 2344 1593 2377; x_wconf 84' lang='lat' dir='ltr'><em>babet</em></span> <span class='ocrx_word' id='word_1_815' title='bbox 1616 2351 1775 2384; x_wconf 82' lang='lat' dir='ltr'><em>notitiam,</em></span> <span class='ocrx_word' id='word_1_816' title='bbox 1801 2346 1920 2378; x_wconf 80' lang='lat' dir='ltr'><em>litteras</em></span> <span class='ocrx_word' id='word_1_817' title='bbox 1925 2347 1983 2388; x_wconf 80' lang='lat' dir='ltr'><em>fibi</em></span> <span class='ocrx_word' id='word_1_818' title='bbox 2006 2351 2122 2383; x_wconf 79' lang='lat' dir='ltr'><em>concedi</em></span> <span class='ocrx_word' id='word_1_819' title='bbox 2145 2374 2157 2391; x_wconf 85' lang='lat'>,</span> 
     </span>
     <span class='ocr_line' id='line_1_111' title="bbox 1279 2392 2158 2437; baseline 0.008 -12"><span class='ocrx_word' id='word_1_820' title='bbox 1279 2393 1385 2434; x_wconf 86' lang='lat' dir='ltr'><em>quibus</em></span> <span class='ocrx_word' id='word_1_821' title='bbox 1395 2392 1519 2435; x_wconf 85' lang='lat' dir='ltr'><em>persona</em></span> <span class='ocrx_word' id='word_1_822' title='bbox 1528 2393 1628 2436; x_wconf 77' lang='lat' dir='ltr'><em>suasit</em></span> <span class='ocrx_word' id='word_1_823' title='bbox 1640 2395 1734 2427; x_wconf 86' lang='lat' dir='ltr'><em>libera</em></span> <span class='ocrx_word' id='word_1_824' title='bbox 1747 2396 1791 2428; x_wconf 87' lang='lat' dir='ltr'><em>ad</em></span> <span class='ocrx_word' id='word_1_825' title='bbox 1802 2396 2034 2430; x_wconf 83' lang='lat' dir='ltr'><em>contrahendum</em></span> <span class='ocrx_word' id='word_1_826' title='bbox 2046 2423 2056 2437; x_wconf 91' lang='lat'>‚</span> <span class='ocrx_word' id='word_1_827' title='bbox 2083 2411 2158 2432; x_wconf 87' lang='lat' dir='ltr'><em>nun-</em></span> 
     </span>
     <span class='ocr_line' id='line_1_112' title="bbox 1280 2445 2160 2489; baseline 0.009 -15"><span class='ocrx_word' id='word_1_828' title='bbox 1280 2455 1370 2484; x_wconf 86' lang='lat' dir='ltr'><em>quam</em></span> <span class='ocrx_word' id='word_1_829' title='bbox 1383 2445 1550 2477; x_wconf 82' lang='lat' dir='ltr'><em>sacerdotes</em></span> <span class='ocrx_word' id='word_1_830' title='bbox 1562 2448 1715 2478; x_wconf 86' lang='lat' dir='ltr'><em>concedere</em></span> <span class='ocrx_word' id='word_1_831' title='bbox 1727 2448 1831 2478; x_wconf 82' lang='lat' dir='ltr'><em>volunt</em></span> <span class='ocrx_word' id='word_1_832' title='bbox 1844 2470 1854 2485; x_wconf 94' lang='lat'>,</span> <span class='ocrx_word' id='word_1_833' title='bbox 1882 2447 2028 2489; x_wconf 74' lang='lat' dir='ltr'><em>niliprius</em></span> <span class='ocrx_word' id='word_1_834' title='bbox 2038 2457 2092 2489; x_wconf 83' lang='lat' dir='ltr'><em>pro</em></span> <span class='ocrx_word' id='word_1_835' title='bbox 2103 2451 2160 2482; x_wconf 82' lang='lat' dir='ltr'><em>da-</em></span> 
     </span>
     <span class='ocr_line' id='line_1_113' title="bbox 1279 2495 2158 2539; baseline 0.009 -15"><span class='ocrx_word' id='word_1_836' title='bbox 1279 2502 1312 2524; x_wconf 88' lang='lat' dir='ltr'><em>ta</em></span> <span class='ocrx_word' id='word_1_837' title='bbox 1325 2495 1428 2526; x_wconf 85' lang='lat' dir='ltr'><em>littera</em></span> <span class='ocrx_word' id='word_1_838' title='bbox 1451 2495 1634 2527; x_wconf 86' lang='lat' dir='ltr'><em>concedenda</em></span> <span class='ocrx_word' id='word_1_839' title='bbox 1647 2518 1657 2533; x_wconf 93' lang='lat'><strong>,</strong></span> <span class='ocrx_word' id='word_1_840' title='bbox 1683 2500 1725 2527; x_wconf 91' lang='lat' dir='ltr'><em>eis</em></span> <span class='ocrx_word' id='word_1_841' title='bbox 1743 2497 1763 2527; x_wconf 77' lang='grc' dir='ltr'><em>ἰι</em></span> <span class='ocrx_word' id='word_1_842' title='bbox 1780 2495 1945 2536; x_wconf 87' lang='lat' dir='ltr'><em>postulante</em></span> <span class='ocrx_word' id='word_1_843' title='bbox 1963 2499 2080 2539; x_wconf 85' lang='lat' dir='ltr'><em>aliquid</em></span> <span class='ocrx_word' id='word_1_844' title='bbox 2096 2510 2158 2531; x_wconf 83' lang='lat' dir='ltr'><em>con-</em></span> 
     </span>
     <span class='ocr_line' id='line_1_114' title="bbox 1269 2542 2158 2589; baseline 0.008 -14"><span class='ocrx_word' id='word_1_845' title='bbox 1269 2542 1395 2584; x_wconf 73' lang='lat' dir='ltr'><em>feratur</em></span> <span class='ocrx_word' id='word_1_846' title='bbox 1405 2567 1415 2583; x_wconf 92' lang='lat'><strong>,</strong></span> <span class='ocrx_word' id='word_1_847' title='bbox 1441 2544 1493 2577; x_wconf 82' lang='lat' dir='ltr'><em>vel</em></span> <span class='ocrx_word' id='word_1_848' title='bbox 1513 2545 1658 2584; x_wconf 68' lang='lat' dir='ltr'><em>certiffime</em></span> <span class='ocrx_word' id='word_1_849' title='bbox 1679 2552 1894 2586; x_wconf 87' lang='lat' dir='ltr'><em>promittatur.</em></span> <span class='ocrx_word' id='word_1_850' title='bbox 1932 2546 2057 2589; x_wconf 82' lang='lat' dir='ltr'><em>Insuper</em></span> <span class='ocrx_word' id='word_1_851' title='bbox 2084 2551 2158 2582; x_wconf 87' lang='lat' dir='ltr'><em>dum</em></span> 
     </span>
     <span class='ocr_line' id='line_1_115' title="bbox 1276 2592 2158 2640; baseline 0.008 -15"><span class='ocrx_word' id='word_1_852' title='bbox 1276 2592 1481 2626; x_wconf 75' lang='lat' dir='ltr'><em>contrahentes</em></span> <span class='ocrx_word' id='word_1_853' title='bbox 1502 2600 1723 2628; x_wconf 87' lang='lat' dir='ltr'><em>matrimonium</em></span> <span class='ocrx_word' id='word_1_854' title='bbox 1733 2596 1753 2626; x_wconf 74' lang='lat' dir='ltr'><em>a</em></span> <span class='ocrx_word' id='word_1_855' title='bbox 1762 2593 1829 2637; x_wconf 81' lang='lat' dir='ltr'><em>suis</em></span> <span class='ocrx_word' id='word_1_856' title='bbox 1851 2597 2057 2630; x_wconf 85' lang='lat' dir='ltr'><em>sacerdotibus</em></span> <span class='ocrx_word' id='word_1_857' title='bbox 2067 2599 2158 2640; x_wconf 65' lang='lat' dir='ltr'><em>prius</em></span> 
     </span>
     <span class='ocr_line' id='line_1_116' title="bbox 1274 2643 2158 2689; baseline 0.007 -14"><span class='ocrx_word' id='word_1_858' title='bbox 1274 2651 1380 2683; x_wconf 84' lang='lat' dir='ltr'><em>petunt</em></span> <span class='ocrx_word' id='word_1_859' title='bbox 1407 2653 1516 2676; x_wconf 86' lang='lat' dir='ltr'><em>certum</em></span> <span class='ocrx_word' id='word_1_860' title='bbox 1548 2646 1626 2676; x_wconf 85' lang='lat' dir='ltr'><em>diem</em></span> <span class='ocrx_word' id='word_1_861' title='bbox 1655 2646 1773 2689; x_wconf 83' lang='lat' dir='ltr'><em>praefigi</em></span> <span class='ocrx_word' id='word_1_862' title='bbox 1796 2646 1841 2677; x_wconf 89' lang='lat' dir='ltr'><em>ad</em></span> <span class='ocrx_word' id='word_1_863' title='bbox 1845 2643 1920 2688; x_wconf 88' lang='lat' dir='ltr'><em>suas</em></span> <span class='ocrx_word' id='word_1_864' title='bbox 1942 2647 2158 2682; x_wconf 67' lang='lat' dir='ltr'><em>benedifflones</em></span> 
     </span>
     <span class='ocr_line' id='line_1_117' title="bbox 1277 2694 2160 2738; baseline 0.008 -14"><span class='ocrx_word' id='word_1_865' title='bbox 1277 2694 1425 2734; x_wconf 89' lang='lat' dir='ltr'><em>nuptiales</em></span> <span class='ocrx_word' id='word_1_866' title='bbox 1435 2694 1627 2727; x_wconf 87' lang='lat' dir='ltr'><em>celebrandas</em></span> <span class='ocrx_word' id='word_1_867' title='bbox 1642 2718 1652 2732; x_wconf 89' lang='lat'>,</span> <span class='ocrx_word' id='word_1_868' title='bbox 1679 2706 1843 2738; x_wconf 87' lang='lat' dir='ltr'><em>numquam</em></span> <span class='ocrx_word' id='word_1_869' title='bbox 1869 2696 1949 2728; x_wconf 84' lang='lat' dir='ltr'><em>diem</em></span> <span class='ocrx_word' id='word_1_870' title='bbox 1967 2697 2080 2738; x_wconf 80' lang='lat' dir='ltr'><em>poffunt</em></span> <span class='ocrx_word' id='word_1_871' title='bbox 2100 2710 2160 2731; x_wconf 86' lang='lat' dir='ltr'><em>cer·-</em></span> 
     </span>
     <span class='ocr_line' id='line_1_118' title="bbox 1277 2741 2159 2787; baseline 0.005 -12"><span class='ocrx_word' id='word_1_872' title='bbox 1277 2745 1368 2775; x_wconf 71' lang='lat' dir='ltr'><em>tuma</em></span> <span class='ocrx_word' id='word_1_873' title='bbox 1389 2741 1454 2785; x_wconf 88' lang='lat' dir='ltr'><em>suis</em></span> <span class='ocrx_word' id='word_1_874' title='bbox 1477 2745 1681 2777; x_wconf 78' lang='lat' dir='ltr'><em>Sacerdotibus</em></span> <span class='ocrx_word' id='word_1_875' title='bbox 1695 2745 1823 2777; x_wconf 84' lang='lat' dir='ltr'><em>obtinere</em></span> <span class='ocrx_word' id='word_1_876' title='bbox 1838 2768 1848 2783; x_wconf 96' lang='lat'>,</span> <span class='ocrx_word' id='word_1_877' title='bbox 1875 2743 1932 2787; x_wconf 83' lang='lat' dir='ltr'><em>nifi</em></span> <span class='ocrx_word' id='word_1_878' title='bbox 1936 2753 2021 2785; x_wconf 85' lang='lat' dir='ltr'><em>prius</em></span> <span class='ocrx_word' id='word_1_879' title='bbox 2044 2757 2159 2779; x_wconf 86' lang='lat' dir='ltr'><em>certum</em></span> 
     </span>
     <span class='ocr_line' id='line_1_119' title="bbox 1269 2795 2154 2840; baseline 0.006 -15"><span class='ocrx_word' id='word_1_880' title='bbox 1269 2795 1316 2834; x_wconf 84' lang='lat' dir='ltr'><em>jis</em></span> <span class='ocrx_word' id='word_1_881' title='bbox 1339 2795 1457 2835; x_wconf 84' lang='lat' dir='ltr'><em>aliquid</em></span> <span class='ocrx_word' id='word_1_882' title='bbox 1462 2801 1660 2835; x_wconf 87' lang='lat' dir='ltr'><em>promittatur</em></span> <span class='ocrx_word' id='word_1_883' title='bbox 1671 2796 1724 2827; x_wconf 88' lang='lat' dir='ltr'><em>vel</em></span> <span class='ocrx_word' id='word_1_884' title='bbox 1732 2797 1855 2828; x_wconf 81' lang='lat' dir='ltr'><em>donetur</em></span> <span class='ocrx_word' id='word_1_885' title='bbox 1871 2818 1878 2825; x_wconf 92' lang='lat'>.</span> <span class='ocrx_word' id='word_1_886' title='bbox 1908 2797 1989 2838; x_wconf 60' lang='grc' dir='ltr'><strong><em>,ραις</em></strong></span> <span class='ocrx_word' id='word_1_887' title='bbox 2001 2795 2154 2840; x_wconf 79' lang='lat' dir='ltr'><em>manifesti?</em></span> 
     </span>
     <span class='ocr_line' id='line_1_120' title="bbox 1277 2846 2159 2888; baseline 0.003 -13"><span class='ocrx_word' id='word_1_888' title='bbox 1277 2854 1315 2875; x_wconf 80' lang='lat' dir='ltr'><em>ex</em></span> <span class='ocrx_word' id='word_1_889' title='bbox 1330 2849 1472 2876; x_wconf 80' lang='lat' dir='ltr'><em>avaritiae</em></span> <span class='ocrx_word' id='word_1_890' title='bbox 1494 2846 1595 2878; x_wconf 86' lang='lat' dir='ltr'><em>radice</em></span> <span class='ocrx_word' id='word_1_891' title='bbox 1603 2846 1767 2885; x_wconf 87' lang='lat' dir='ltr'><em>procedunt</em></span> <span class='ocrx_word' id='word_1_892' title='bbox 1780 2869 1787 2876; x_wconf 94' lang='lat'><em>.</em></span> <span class='ocrx_word' id='word_1_893' title='bbox 1816 2847 1941 2886; x_wconf 82' lang='lat' dir='ltr'><em>Propter</em></span> <span class='ocrx_word' id='word_1_894' title='bbox 1959 2847 2039 2888; x_wconf 86' lang='lat' dir='ltr'><em>quod</em></span> <span class='ocrx_word' id='word_1_895' title='bbox 2054 2846 2159 2887; x_wconf 85' lang='lat' dir='ltr'><em>probi-</em></span> 
     </span>
     <span class='ocr_line' id='line_1_121' title="bbox 1278 2892 2157 2938; baseline 0.005 -13"><span class='ocrx_word' id='word_1_896' title='bbox 1278 2892 1400 2932; x_wconf 88' lang='lat' dir='ltr'><em>bemus,</em></span> <span class='ocrx_word' id='word_1_897' title='bbox 1428 2905 1478 2927; x_wconf 89' lang='lat' dir='ltr'><em>nec</em></span> <span class='ocrx_word' id='word_1_898' title='bbox 1499 2895 1533 2926; x_wconf 89' lang='lat' dir='ltr'><em>ob</em></span> <span class='ocrx_word' id='word_1_899' title='bbox 1554 2895 1651 2927; x_wconf 79' lang='lat' dir='ltr'><em>dic‘las</em></span> <span class='ocrx_word' id='word_1_900' title='bbox 1673 2892 1776 2937; x_wconf 87' lang='lat' dir='ltr'><em>causas</em></span> <span class='ocrx_word' id='word_1_901' title='bbox 1797 2895 1916 2937; x_wconf 87' lang='lat' dir='ltr'><em>aliquid</em></span> <span class='ocrx_word' id='word_1_902' title='bbox 1935 2895 1973 2927; x_wconf 85' lang='lat' dir='ltr'><em>ab</em></span> <span class='ocrx_word' id='word_1_903' title='bbox 1997 2896 2096 2938; x_wconf 87' lang='lat' dir='ltr'><em>aliquo</em></span> <span class='ocrx_word' id='word_1_904' title='bbox 2119 2897 2157 2929; x_wconf 88' lang='lat' dir='ltr'><em>de</em></span> 
     </span>
     <span class='ocr_line' id='line_1_122' title="bbox 1278 2942 2157 2987; baseline 0.001 -11"><span class='ocrx_word' id='word_1_905' title='bbox 1278 2951 1382 2976; x_wconf 80' lang='lat' dir='ltr'><em>caetero</em></span> <span class='ocrx_word' id='word_1_906' title='bbox 1391 2950 1528 2987; x_wconf 83' lang='lat' dir='ltr'><em>exigatur</em></span> <span class='ocrx_word' id='word_1_907' title='bbox 1541 2945 1588 2978; x_wconf 84' lang='lat' dir='ltr'><em>vel</em></span> <span class='ocrx_word' id='word_1_908' title='bbox 1600 2953 1725 2986; x_wconf 89' lang='lat' dir='ltr'><em>petatur</em></span> <span class='ocrx_word' id='word_1_909' title='bbox 1743 2968 1753 2983; x_wconf 90' lang='lat'>‚</span> <span class='ocrx_word' id='word_1_910' title='bbox 1777 2942 1836 2987; x_wconf 88' lang='lat' dir='ltr'><em>sed</em></span> <span class='ocrx_word' id='word_1_911' title='bbox 1845 2943 1934 2978; x_wconf 74' lang='lat' dir='ltr'><em>libere</em></span> <span class='ocrx_word' id='word_1_912' title='bbox 1939 2945 2099 2986; x_wconf 59' lang='lat' dir='ltr'><em>praedicta·</em></span> <span class='ocrx_word' id='word_1_913' title='bbox 2109 2947 2157 2978; x_wconf 88' lang='lat' dir='ltr'><em>lit-</em></span> 
     </span>
     <span class='ocr_line' id='line_1_123' title="bbox 1278 2993 2156 3038; baseline 0.006 -13"><span class='ocrx_word' id='word_1_914' title='bbox 1278 3001 1351 3026; x_wconf 80' lang='lat' dir='ltr'><em>terae</em></span> <span class='ocrx_word' id='word_1_915' title='bbox 1363 2995 1575 3027; x_wconf 86' lang='lat' dir='ltr'><em>concedantur:</em></span> <span class='ocrx_word' id='word_1_916' title='bbox 1604 2995 1637 3027; x_wconf 63' lang='grc' dir='ltr'>ὑ</span> <span class='ocrx_word' id='word_1_917' title='bbox 1648 2995 1709 3026; x_wconf 81' lang='lat' dir='ltr'><em>dies</em></span> <span class='ocrx_word' id='word_1_918' title='bbox 1716 2995 1794 3035; x_wconf 74' lang='lat' dir='ltr'><em>puri?</em></span> <span class='ocrx_word' id='word_1_919' title='bbox 1808 2993 2018 3035; x_wconf 73' lang='lat' dir='ltr'><em>&amp;simpliciter</em></span> <span class='ocrx_word' id='word_1_920' title='bbox 2042 2996 2156 3038; x_wconf 85' lang='lat' dir='ltr'><em>affigne·</em></span> 
     </span>
     <span class='ocr_line' id='line_1_124' title="bbox 1278 3043 2155 3087; baseline 0.002 -11"><span class='ocrx_word' id='word_1_921' title='bbox 1278 3052 1329 3076; x_wconf 90' lang='lat' dir='ltr'><em>tur</em></span> <span class='ocrx_word' id='word_1_922' title='bbox 1342 3067 1350 3074; x_wconf 91' lang='lat'><strong><em>.</em></strong></span> <span class='ocrx_word' id='word_1_923' title='bbox 1376 3045 1503 3086; x_wconf 83' lang='lat' dir='ltr'><em>siquem</em></span> <span class='ocrx_word' id='word_1_924' title='bbox 1514 3046 1582 3077; x_wconf 67' lang='lat' dir='ltr'><em>verb</em></span> <span class='ocrx_word' id='word_1_925' title='bbox 1603 3053 1714 3077; x_wconf 85' lang='lat' dir='ltr'><em>contra.</em></span> <span class='ocrx_word' id='word_1_926' title='bbox 1729 3043 1792 3077; x_wconf 84' lang='lat' dir='ltr'><em>baec</em></span> <span class='ocrx_word' id='word_1_927' title='bbox 1821 3050 1924 3078; x_wconf 82' lang='lat' dir='ltr'><em>venire</em></span> <span class='ocrx_word' id='word_1_928' title='bbox 1950 3051 2117 3078; x_wconf 83' lang='lat' dir='ltr'><em>noverimus</em></span> <span class='ocrx_word' id='word_1_929' title='bbox 2142 3069 2155 3087; x_wconf 80' lang='lat'><strong>,</strong></span> 
     </span>
     <span class='ocr_line' id='line_1_125' title="bbox 1277 3091 2156 3136; baseline 0.005 -12"><span class='ocrx_word' id='word_1_930' title='bbox 1277 3091 1375 3135; x_wconf 86' lang='lat' dir='ltr'><em>ipsum</em></span> <span class='ocrx_word' id='word_1_931' title='bbox 1388 3103 1534 3136; x_wconf 88' lang='lat' dir='ltr'><em>tanquam</em></span> <span class='ocrx_word' id='word_1_932' title='bbox 1545 3094 1755 3127; x_wconf 82' lang='lat' dir='ltr'><em>inobedientem</em></span> <span class='ocrx_word' id='word_1_933' title='bbox 1778 3092 2033 3136; x_wconf 65' lang='lat' dir='ltr'><em>animadversione</em></span> <span class='ocrx_word' id='word_1_934' title='bbox 2053 3096 2156 3129; x_wconf 74' lang='lat' dir='ltr'><em>debita</em></span> 
     </span>
     <span class='ocr_line' id='line_1_126' title="bbox 1271 3143 2154 3187; baseline 0.005 -12"><span class='ocrx_word' id='word_1_935' title='bbox 1271 3149 1448 3185; x_wconf 86' lang='lat' dir='ltr'><em>puniemus.</em></span> <span class='ocrx_word' id='word_1_936' title='bbox 1476 3143 1618 3178; x_wconf 72' lang='lat' dir='ltr'><em>Proinde</em></span> <span class='ocrx_word' id='word_1_937' title='bbox 1631 3145 1714 3178; x_wconf 88' lang='lat' dir='ltr'><em>circa</em></span> <span class='ocrx_word' id='word_1_938' title='bbox 1741 3143 1806 3176; x_wconf 89' lang='lat' dir='ltr'><em>haec</em></span> <span class='ocrx_word' id='word_1_939' title='bbox 1827 3145 1942 3178; x_wconf 83' lang='lat' dir='ltr'><em>omnia</em></span> <span class='ocrx_word' id='word_1_940' title='bbox 1965 3144 2154 3187; x_wconf 83' lang='lat' dir='ltr'><em>Presbyteri</em></span> 
     </span>
     <span class='ocr_line' id='line_1_127' title="bbox 1276 3191 2154 3237; baseline 0.005 -11"><span class='ocrx_word' id='word_1_941' title='bbox 1276 3204 1332 3226; x_wconf 89' lang='lat' dir='ltr'><em>aut</em></span> <span class='ocrx_word' id='word_1_942' title='bbox 1353 3193 1493 3236; x_wconf 88' lang='lat' dir='ltr'><em>ipsorum</em></span> <span class='ocrx_word' id='word_1_943' title='bbox 1508 3193 1627 3228; x_wconf 87' lang='lat' dir='ltr'><em>Clerici</em></span> <span class='ocrx_word' id='word_1_944' title='bbox 1641 3193 1729 3227; x_wconf 64' lang='lat' dir='ltr'><em>nulla</em></span> <span class='ocrx_word' id='word_1_945' title='bbox 1741 3191 1861 3227; x_wconf 82' lang='lat' dir='ltr'><em>habent</em></span> <span class='ocrx_word' id='word_1_946' title='bbox 1883 3194 1973 3237; x_wconf 87' lang='lat' dir='ltr'><em>jura.</em></span> <span class='ocrx_word' id='word_1_947' title='bbox 2003 3195 2062 3228; x_wconf 86' lang='lat' dir='ltr'><em>Eis</em></span> <span class='ocrx_word' id='word_1_948' title='bbox 2086 3206 2154 3230; x_wconf 83' lang='lat' dir='ltr'><em>non</em></span> 
     </span>
     <span class='ocr_line' id='line_1_128' title="bbox 1276 3242 1778 3286; baseline -0.004 -10"><span class='ocrx_word' id='word_1_949' title='bbox 1276 3242 1322 3276; x_wconf 93' lang='lat' dir='ltr'><em>est</em></span> <span class='ocrx_word' id='word_1_950' title='bbox 1335 3267 1345 3282; x_wconf 94' lang='lat'>‚</span> <span class='ocrx_word' id='word_1_951' title='bbox 1375 3242 1430 3276; x_wconf 84' lang='lat' dir='ltr'><em>nisi</em></span> <span class='ocrx_word' id='word_1_952' title='bbox 1454 3244 1626 3286; x_wconf 81' lang='lat' dir='ltr'><em>spontanea</em></span> <span class='ocrx_word' id='word_1_953' title='bbox 1644 3243 1778 3277; x_wconf 67' lang='lat' dir='ltr'><em>oblatio.</em></span> 
     </span>
    </p>

    <p class='ocr_par' dir='ltr' id='par_1_10' title="bbox 1272 3292 2154 3436">
     <span class='ocr_line' id='line_1_129' title="bbox 1326 3292 2154 3328; baseline -0.001 -2"><span class='ocrx_word' id='word_1_954' title='bbox 1326 3292 1515 3327; x_wconf 78' lang='lat' dir='ltr'><em>Dissertatio</em></span> <span class='ocrx_word' id='word_1_955' title='bbox 1526 3292 1669 3327; x_wconf 84' lang='lat' dir='ltr'><em>laudavit</em></span> <span class='ocrx_word' id='word_1_956' title='bbox 1687 3293 1838 3327; x_wconf 65' lang='lat' dir='ltr'><em>Edictum</em></span> <span class='ocrx_word' id='word_1_957' title='bbox 1850 3292 2055 3328; x_wconf 84' lang='lat' dir='ltr'><em>Venerabilis</em></span> <span class='ocrx_word' id='word_1_958' title='bbox 2068 3293 2154 3326; x_wconf 80' lang='lat' dir='ltr'><em>Gua-</em></span> 
     </span>
     <span class='ocr_line' id='line_1_130' title="bbox 1277 3342 2152 3387; baseline 0.001 -12"><span class='ocrx_word' id='word_1_959' title='bbox 1277 3342 1364 3376; x_wconf 81' lang='lat' dir='ltr'><em>lonis</em></span> <span class='ocrx_word' id='word_1_960' title='bbox 1378 3367 1388 3381; x_wconf 89' lang='lat'>,</span> <span class='ocrx_word' id='word_1_961' title='bbox 1414 3343 1471 3376; x_wconf 90' lang='lat' dir='ltr'><em>sub</em></span> <span class='ocrx_word' id='word_1_962' title='bbox 1486 3342 1640 3376; x_wconf 72' lang='lat' dir='ltr'><em>paschale</em></span> <span class='ocrx_word' id='word_1_963' title='bbox 1652 3343 1693 3376; x_wconf 86' lang='lat'><em>11.</em></span> <span class='ocrx_word' id='word_1_964' title='bbox 1715 3343 1894 3377; x_wconf 67' lang='lat' dir='ltr'><em>Parmensis</em></span> <span class='ocrx_word' id='word_1_965' title='bbox 1922 3344 2093 3387; x_wconf 83' lang='lat' dir='ltr'><em>Episcopi,</em></span> <span class='ocrx_word' id='word_1_966' title='bbox 2119 3342 2152 3376; x_wconf 78' lang='grc' dir='ltr'><em>δε</em></span> 
     </span>
     <span class='ocr_line' id='line_1_131' title="bbox 1272 3391 2154 3436; baseline -0.005 -10"><span class='ocrx_word' id='word_1_967' title='bbox 1272 3392 1357 3436; x_wconf 88' lang='lat' dir='ltr'><em>apud</em></span> <span class='ocrx_word' id='word_1_968' title='bbox 1377 3391 1565 3428; x_wconf 80' lang='lat' dir='ltr'><em>Romanam</em></span> <span class='ocrx_word' id='word_1_969' title='bbox 1591 3393 1768 3428; x_wconf 84' lang='lat' dir='ltr'><em>Ecclesiam</em></span> <span class='ocrx_word' id='word_1_970' title='bbox 1792 3393 1978 3428; x_wconf 84' lang='lat' dir='ltr'><em>Cardinalis</em></span> <span class='ocrx_word' id='word_1_971' title='bbox 1999 3405 2007 3424; x_wconf 73' lang='grc' dir='ltr'><strong><em>ε</em></strong></span> <span class='ocrx_word' id='word_1_972' title='bbox 2050 3392 2154 3424; x_wconf 80' lang='lat' dir='ltr'><em>Probi-</em></span> 
     </span>
    </p>
   </div>
   <div class='ocr_carea' id='block_1_8' title="bbox 1273 3441 2154 3525">
    <p class='ocr_par' dir='ltr' id='par_1_11' title="bbox 1273 3441 2154 3525">
     <span class='ocr_line' id='line_1_132' title="bbox 1273 3441 2154 3525; baseline -0.003 -47"><span class='ocrx_word' id='word_1_973' title='bbox 1273 3442 1371 3478; x_wconf 85' lang='lat' dir='ltr'><em>bemus</em></span> <span class='ocrx_word' id='word_1_974' title='bbox 1376 3441 1432 3486; x_wconf 86' lang='lat' dir='ltr'><em>sub</em></span> <span class='ocrx_word' id='word_1_975' title='bbox 1455 3446 1792 3486; x_wconf 74' lang='lat' dir='ltr'><em>Excommum&#39;catione,</em></span> <span class='ocrx_word' id='word_1_976' title='bbox 1831 3455 1868 3478; x_wconf 85' lang='lat' dir='ltr'><em>ne</em></span> <span class='ocrx_word' id='word_1_977' title='bbox 1891 3443 2080 3525; x_wconf 63' lang='lat' dir='ltr'><em>sacerdotels,</em></span> <span class='ocrx_word' id='word_1_978' title='bbox 2103 3443 2154 3475; x_wconf 80' lang='lat' dir='ltr'><em>vel</em></span> 
     </span>
     <span class='ocr_line' id='line_1_133' title="bbox 2012 3494 2105 3525; baseline 0.011 -2"><span class='ocrx_word' id='word_1_979' title='bbox 2012 3494 2038 3523; x_wconf 87' lang='lat' dir='ltr'><em>C</em></span> <span class='ocrx_word' id='word_1_980' title='bbox 2051 3497 2105 3525; x_wconf 87' lang='lat' dir='ltr'><em>eri-</em></span> 
     </span>
    </p>
   </div>
  </div>
 </body>
</html>
