2366 3736
305 168 390 215 Da
424 168 705 225 ANT1QJA
739 153 1116 207 Dis-mittun
1151 158 1405 204 Cfflust.
1436 156 1726 207 Min-rt&

192 252 308 295 bufer‘n'
320 247 466 294 praecepiie
480 273 492 289 ,
518 249 553 283 (9
562 253 593 281 in
610 244 751 290 plaustris
772 248 921 285 componi.
952 243 1062 276 Multos

190 313 299 347 quoque
304 301 409 340 flentes
422 302 456 334 ὁ·
468 300 599 333 nolentes
611 297 692 330 ablre
702 319 714 335 ,
740 300 772 327 in
783 294 936 334 custodiam
949 294 1063 325 retrudi

185 353 286 396 jttffit,
310 360 343 384 ut
352 362 399 384 eos
414 351 542 392 facilius
561 358 624 381 cum
640 345 706 387 filia
726 342 929 387 transmittere
950 342 1040 384 poffet
1056 368 1063 375 .

139 440 143 446 ,
190 407 276 436 Nam
282 401 389 443 ferunt
397 402 504 434 multos
516 396 609 439 fibiob
622 394 698 428 hant·
721 394 952 428 amaritudinem
968 398 1064 426 vitam

190 452 290 494 laqueo
300 450 438 495 extorfiffe
450 475 460 491 ,
484 450 554 482 dum
570 447 606 479 de
610 445 788 487 parentibus
795 448 928 487 propriis
950 441 1065 484 auferri

190 502 361 535 metuebant
374 526 382 533 .
409 496 610 541 separabatur
621 501 699 529 enim
708 495 791 538 filius
802 498 823 527 ἃ
832 502 921 535 patre
932 516 942 531 ,
954 494 988 526 Θ
1000 506 1064 525 ma-

191 561 239 585 ter
251 554 271 583 ἃ
280 552 343 594 filia
354 575 365 591 ,
391 551 426 583 θ
436 559 500 581 cum
510 551 604 589 gravi
623 551 737 589 gemitu
760 547 794 580 Θ
813 541 1064 577 maledit‘lionibus

191 601 380 645 discedebant
392 623 399 630 .
427 594 595 639 Tantusque
611 595 755 637 plancius
779 601 811 627 in
831 593 901 627 urbe
914 592 1065 633 Parifiaca

192 660 261 686 erat
271 674 282 690 ‚
298 657 339 682 vut
346 647 481 690 piani‘iui
492 655 710 688 compararetur
721 648 864 689 AEgyptio
874 667 885 683 ‚
912 646 1000 676 multi
1014 655 1064 676 ve-

192 703 227 734 νὸ
238 701 366 739 majores
378 707 451 730 natu
465 721 475 737 ,
500 702 551 739 qui
567 699 600 729 vi
612 695 857 738 compellebantur
866 692 947 726 abire
957 717 966 732 ‚
981 693 1065 731 telia-

193 758 297 784 menta
307 749 504 782 condiderunt
519 771 529 786 ,
555 745 657 789 resque
679 745 751 788 suas
770 741 900 783 Ecclefiis
921 744 1078 784 deputan-¹

193 808 240 832 tes
250 823 260 839 ‚
286 808 374 841 atque
388 806 523 840 petentes
533 820 544 836 ,
572 804 604 829 ut
611 807 677 829 cum
684 795 787 837 puelia
802 799 833 826 in
846 791 1014 836 Hispanias
1024 799 1065 824 in-

194 849 300 892 troisset
313 874 323 888 ,
346 846 630 888 statimtestamenta
641 845 694 878 ilia
706 868 718 884 ,
743 852 888 886 tanquam
909 840 938 883 fi
947 844 1016 881 jam
1027 841 1068 884 es-

190 897 256 945 sent
291 898 421 941 sepulti,
446 896 642 938 reserarentur
654 919 661 926 .
690 892 794 941 Qod
833 893 936 937 ipsum
960 892 1067 926 scribit

194 948 383 982 Monachus
397 946 573 982 Aimoinus
582 969 591 977 .
620 943 755 988 Propter
768 944 858 977 istam
870 942 902 976 &
915 943 1067 986 quasdam

194 999 275 1034 aJias
287 999 320 1031 in
334 997 491 1041 populum
503 994 676 1029 violentias
689 1019 699 1035 ‚
725 993 824 1028 ambo
845 991 1068 1035 Chilpericum

194 1047 358 1091 appellant
376 1045 553 1080 secundum
573 1044 742 1079 Herodem
755 1055 793 1078 ac
818 1053 941 1077 novum
965 1043 1068 1077 Nero·

194 1107 272 1132 nem
282 1122 290 1129 .
319 1097 362 1131 Et
373 1096 450 1130 hinc
462 1095 636 1136 discimus,
665 1095 752 1138 quod
778 1093 979 1128 Francorum
1005 1092 1069 1127 Re·

194 1157 253 1191 ges
266 1157 333 1180 non
346 1145 515 1180 dumtaxat
526 1143 681 1179 homines
690 1144 806 1179 liberos
818 1168 828 1184 ,
855 1143 907 1177 sed
920 1154 980 1177 nec
993 1143 1067 1176 suos

195 1196 375 1231 Fiscalinos
388 1198 491 1230 servos
504 1195 670 1239 poffintad
685 1195 904 1229 honorificum
918 1194 952 1227 δε
968 1193 1073 1236 pacifn

197 1258 273 1281 curn
286 1247 377 1292 regni
393 1247 518 1281 exitum
533 1255 649 1289 cogere
659 1270 670 1286 ‚
697 1244 797 1289 longe
808 1244 917 1277 minus
930 1244 970 1277 ad
985 1254 1071 1278 arma

197 1297 230 1330 ἃ
243 1297 364 1331 bellurn
378 1321 385 1328 .
412 1297 458 1330 At
471 1294 547 1328 vero
560 1293 659 1328 hodie
672 1296 782 1330 omnis
798 1294 930 1327 servitus
941 1318 951 1333 ‚
977 1293 1072 1327 etiarn

131 1372 147 1389 ,
197 1346 283 1390 apud
295 1348 460 1386 Francos,
485 1344 529 1382 est,
566 1343 692 1378 dudum
712 1344 883 1378 exstinsta
899 1367 910 1383 ,
935 1343 1074 1385 ideoque

198 1396 289 1429 nulla
299 1396 435 1439 superest
445 1394 495 1428 vel
508 1394 620 1428 umbra
639 1394 729 1428 istius
749 1392 933 1436 potestatis.
962 1393 1072 1425 Etiam

195 1446 376 1489 Imperator
396 1444 563 1478 Henricus
574 1443 628 1476 111.
641 1442 720 1476 dum
733 1443 775 1476 ed
786 1440 843 1474 fibi
867 1452 904 1474 ac
918 1442 1075 1474 Romanae

198 1495 348 1529 Ecclesia
358 1494 489 1528 rebelles
509 1493 543 1526 in
568 1493 679 1526 Sicilia
702 1492 930 1525 Nortmannos
941 1492 1075 1525 doman-

194 1545 261 1579 dos
268 1545 362 1590 eguit
374 1543 479 1580 milite
490 1568 501 1584 ,
527 1543 656 1577 coastos
666 1544 683 1575 ὲ
695 1542 855 1576 Dominis
867 1542 1004 1575 armavit
1018 1542 1076 1575 ser-

27 1634 30 1638 ,
199 1605 279 1635 vos,
303 1605 340 1627 ac
351 1588 596 1638 expeditionem
619 1592 713 1626 fuiffe
733 1592 938 1626 infeliciffitni
959 1592 1075 1626 succes-

28 1632 178 1683 All-1053
201 1645 253 1679 sus
264 1644 401 1678 advertit
412 1644 624 1678 Hermannus
635 1642 841 1678 Contradius.

250 1693 395 1729 Proinde
405 1693 480 1728 Rex
492 1691 531 1727 ad
543 1704 631 1728 arma
644 1703 762 1741 cogere
774 1705 840 1729 non
865 1692 967 1738 potest
979 1717 990 1734 ,
1015 1693 1073 1728 nili

202 1748 277 1781 {uos
297 1744 419 1781 milites
444 1743 635 1789 Armigeros
659 1746 694 1780 ἃ
720 1745 876 1779 Feudales
887 1770 895 1778 .
923 1745 1074 1779 Militum

202 1796 366 1842 obligatio
390 1795 437 1830 est
473 1796 645 1829 manifesta
657 1820 668 1836 ,
694 1796 846 1840 lucetque
872 1807 912 1829 ex
933 1796 1076 1838 ipsorum

23 1831 93 1871 ΛΠ·
105 1831 185 1881 635·
201 1847 398 1891 profeffione
410 1857 448 1880 ac
458 1846 686 1881 benedifflone
699 1870 707 1879 .
736 1847 789 1879 De
804 1846 984 1890 Armigeris
1006 1844 1076 1879 scri-

203 1896 252 1932 bit
264 1896 448 1941 Sigebertus
470 1896 713 1930 Gemblacenfis
726 1909 737 1929 .·
765 1900 831 1929 Rex
854 1900 999 1931 Henricus
1021 1900 1078 1928 Aa·

203 1955 275 1987 ceps
297 1951 436 1990 Agrarios
459 1947 572 1981 Milites
589 1945 739 1988 recensens
753 1969 763 1985 ,
790 1955 821 1978 ut
841 1946 902 1978 otio
919 1957 1015 1978 eorum
1045 1952 1079 1977 in

203 1999 286 2039 agris
298 2019 308 2035 ‚
319 2006 412 2028 nonus
422 1999 493 2028 verb
505 2001 536 2026 in
547 1996 618 2027 urbe
628 2005 791 2028 moraretur
803 2017 814 2032 ‚
840 2003 873 2027 ut
882 1994 939 2026 olio
951 2000 982 2027 in
996 2000 1078 2036 agris

203 2044 299 2087 &fibi
309 2046 344 2079 ά*
355 2056 430 2077 nono
441 2045 625 2086 laborarent3
640 2055 731 2077 nonus
743 2046 814 2077 vero
828 2049 860 2076 in
873 2044 944 2077 urbe
955 2050 1078 2077 tertiam

199 2103 322 2137 partem
334 2099 462 2127 omnium
468 2093 596 2137 frugum
609 2096 727 2127 illorum
737 2093 903 2136 reservaret
914 2099 945 2126 in
959 2093 1074 2127 aedibus

203 2146 224 2176 ἃ
231 2143 263 2187 se
274 2144 366 2178 adhoc
398 2144 563 2183 extrudis,
587 2149 661 2177 utin
685 2144 757 2176 bello
779 2142 856 2175 nihil
873 2145 961 2176 alicui
982 2155 1079 2176 eorum

202 2194 306 2238 deesset
316 2218 328 2235 ,
351 2192 494 2236 urbesque
505 2193 590 2226 rebus
607 2196 641 2226 (9·
653 2198 729 2225 viris
739 2193 825 2234 essent
832 2193 931 2232 plenae
944 2216 950 2223 .
981 2191 1024 2225 Et
1037 2192 1078 2226 de

16 2260 188 2311 0⁸⁰·u60
201 2241 1079 2329 mit{usian÷¹222msszffziziizfiss

198 2343 380 2387 pedition'em
392 2367 404 2384 ,
429 2344 464 2375 t&
475 2341 655 2382 considerans
680 2343 894 2384 longitudinem
914 2343 947 2375 Co·
959 2342 1079 2384 difficul-

202 2403 296 2427 tatem
322 2397 384 2426 viae
404 2417 414 2433 ,
440 2392 539 2424 nolens
566 2403 681 2425 vexare
706 2395 844 2436 Agrarios
866 2393 978 2424 Milites
991 2415 1002 2431 ,
1027 2402 1079 2425 nec

203 2441 396 2486 Burgenfium
417 2453 452 2475 ac
479 2442 654 2483 Rusticorum
675 2442 899 2475 multitudinem
914 2466 924 2481 ‚
945 2440 1076 2484 sumptis

194 2491 357 2535 sexaginta
364 2490 471 2534 solidis
486 2489 741 2534 Andegavenfibus
753 2497 785 2524 in
809 2493 1019 2524 Nortmandia
1041 2493 1078 2524 de

198 2541 294 2583 feudo
315 2539 540 2583 uniuscujusque
550 2543 647 2574 loricae
662 2565 672 2580 ‚
698 2543 732 2574 (¹)
743 2543 779 2574 de
790 2542 911 2582 reliquis
923 2542 1055 2574 omnibus
1068 2565 1077 2580 ,

1872 174 1959 216 123

1125 245 1229 289 quarti
1246 244 1451 288 Imperatoris
1462 244 1612 280 Palatino
1624 259 1635 279 .·
1651 243 1812 287 ‘Rexjubet
1821 251 1854 282 ut
1867 247 1995 277 conr-ar·

1128 296 1182 328 dus
1193 293 1275 337 adse
1286 296 1411 335 citiffime
1421 299 1524 327 veniat
1541 320 1550 335 ‚
1572 298 1606 329 Co·
1616 297 1728 329 nullum
1734 303 1850 337 praeter
1868 290 1996 336 Armige-

1126 357 1191 378 rum
1201 343 1306 387 suum,
1332 351 1382 387 qui
1413 342 1446 387 se
1462 351 1612 378 comitetur
1625 370 1635 385 ,
1661 344 1800 388 adsumat
1816 369 1823 376 .
1850 343 1996 378 Proinde

1127 407 1192 428 vox
1205 419 1215 435 ,
1231 399 1363 438 Armiger
1376 418 1386 434 ,
1404 394 1488 437 apud
1499 395 1683 428 Mediotutn
1698 395 1885 429 saeculorum
1895 393 1997 436 Scrip-

1127 454 1211 479 tores
1224 444 1339 479 habuit
1366 444 1467 478 varias
1489 444 1757 487 significationes.
1786 443 1998 491 Qandoquo

1128 505 1286 528 armatum
1308 494 1422 528 militis
1443 493 1601 527 famulum
1617 516 1627 533 ,
1653 495 1846 538 quandoque
1867 492 2000 527 illustris

1128 544 1250 578 militiae
1284 545 1337 578 seu
1370 543 1518 577 militaris
1540 542 1709 587 dignitatis
1746 543 1969 578 Candidaturn
1986 566 1999 582 ,

1127 594 1324 639 quandoque
1343 594 1533 637 significavit
1545 592 1664 626 militiae
1687 592 1873 627 obstrictum
1896 592 2002 636 plebe-

1127 645 1192 688 jum
1204 670 1211 677 .
1243 644 1417 678 Etenim&
1428 644 1461 676 in
1477 643 1588 677 nostro
1601 641 1717 686 Belgio
1731 654 1798 676 non
1814 643 1872 675 soli
1886 641 2002 678 Aurati

1130 695 1284 737 Equites,
1312 694 1365 733 sed
1386 694 1483 727 etiarn
1501 693 1604 735 plures
1621 691 1639 725 ὲ
1656 692 1747 734 plebe
1761 694 1832 725 sunt
1853 692 1947 724 variis
1957 691 2004 723 ti-

1129 746 1207 778 tulis
1217 744 1354 789 obligati
1367 744 1406 777 ad
1418 744 1581 777 militiam.
1596 742 1666 775 Eos
1676 743 1870 785 appellamus
1882 751 2003 774 turmas

1128 794 1344 834 ordinandae,
1355 803 1410 827 aut
1421 793 1603 827 Provinciae
1614 791 1788 831 vexillum.
1816 792 1859 825 Et
1872 789 2005 834 quidam

1131 842 1263 878 Urbani
1277 845 1373 885 sunt,
1399 843 1532 887 quidam
1554 843 1706 887 Agrarii.
2020 849 2093 885 Lib⁸
2111 853 2145 900 34

1179 894 1360 938 Regiorum
1371 893 1549 927 feudalium
1560 894 1601 926 ad
1613 892 1767 929 militiam
1780 892 1814 926 ὅς
1828 902 1914 926 arma
1925 890 2004 926 obli·
2021 911 2087 946 cap,
2112 909 2168 948 27,

1130 945 1300 989 gatiouem
1313 945 1497 986 frequenter
1508 942 1643 976 laudant
1665 954 1702 977 ac
1717 941 1883 976 stabiliunt
1910 943 2006 976 Fran-

1130 1005 1245 1029 corum
1271 993 1405 1039 Regum
1428 992 1649 1036 Capitularia:
1679 995 1725 1025 De
1747 996 1960 1025 Armentatura
1973 997 2006 1024 in

1131 1050 1260 1079 exercitu
1278 1043 1320 1085 fic!
1337 1043 1489 1087 servetur.
1508 1047 1614 1075 Omnis
1627 1042 1709 1075 bomo
1717 1044 1754 1075 de
1764 1043 1911 1075 duodecim
1923 1054 2007 1075 man-

1127 1094 1167 1136 fis
1180 1097 1328 1129 Bruniam
1339 1094 1450 1127 babeat
1461 1114 1470 1124 .
1495 1095 1560 1136 ,Qui
1572 1095 1643 1126 vero
1655 1092 1791 1125 bruniam
1812 1092 1924 1125 babens
1939 1104 2006 1125 eam

1134 1157 1193 1178 non
1199 1143 1296 1187 secum
1319 1146 1422 1177 tulerit
1435 1167 1445 1184 ‚
1456 1163 1460 1166 -
1470 1154 1553 1176 omne
1562 1143 1728 1185 beneficium
1739 1153 1804 1175 cum
1824 1143 1934 1175 brunia
1946 1151 2008 1184 pa-

1133 1202 1206 1228 riter
1213 1196 1326 1236 perdat
1337 1219 1344 1226 .
1369 1193 1491 1227 Brunia
1501 1193 1619 1232 laurica
1633 1217 1643 1233 ,
1655 1194 1782 1227 mansus
1794 1193 1844 1226 seu
1857 1194 2006 1227 mansum

1135 1246 1291 1288 significat
1302 1254 1417 1277 terram
1429 1241 1604 1277 duodecim
1617 1243 1765 1287 jugerum
1779 1268 1786 1275 .
1814 1243 1906 1276 Hinc
1917 1242 2007 1276 Lon-

1134 1294 1355 1338 gobardorum
1365 1293 1417 1327 lex
1430 1292 1528 1326 habet
1541 1305 1548 1324 :
1576 1291 1704 1334 Mansus
1716 1317 1726 1331 ,
1747 1294 1799 1325 seu
1812 1293 1936 1326 mansio
1949 1300 2007 1326 aut

1136 1344 1298 1377 habitatio
1311 1367 1322 1383 ,
1346 1353 1410 1375 cum
1421 1342 1571 1374 duodecim
1588 1342 1719 1374 bonariis
1731 1342 1768 1373 de
1780 1350 1862 1373 terra
1873 1341 1984 1373 arabili
1996 1363 2004 1371 .

1136 1393 1331 1437 Capitulum
1345 1392 1388 1425 est
1402 1391 1606 1434 desumptum
1619 1401 1660 1424 ex
1669 1389 1865 1424 duodecima
1878 1390 2007 1424 formu-

1137 1444 1166 1477 la
1178 1443 1263 1487 apud
1276 1440 1513 1484 Marculphum
1526 1453 1532 1473 :
1561 1445 1598 1473 Ut
1610 1446 1706 1473 omnis
1719 1439 1800 1472 bomo
1811 1441 1847 1472 de
1858 1441 2010 1473 duodecim

1136 1493 1243 1536 manfis
1260 1493 1397 1526 bruniam
1409 1491 1521 1524 habeat
1533 1515 1540 1522 .
1568 1491 1610 1524 Et
1624 1490 1737 1524 Caroli
1751 1490 1851 1524 Craffi
1873 1490 2011 1533 Impera-

1138 1545 1216 1578 toris
1228 1542 1365 1577 feudalis
1378 1539 1583 1576 Constitutio
1597 1540 1712 1574 habet:
1736 1542 1802 1583 ,Qui
1812 1542 1906 1574 decem
1921 1544 2011 1572 Man·

1133 1593 1180 1638 sos
1194 1600 1225 1626 in
1237 1593 1370 1634 beneficio
1377 1593 1516 1634 poffident
1528 1615 1539 1631 ‚
1564 1598 1606 1623 tot
1616 1590 1740 1623 brunias
1771 1603 1835 1625 cum
1860 1592 2012 1624 duodecim

1132 1644 1274 1689 ftutariis
1287 1649 1436 1685 accipiant
1452 1668 1458 1674 .
1471 1641 1661 1684 Capitulum
1676 1641 1783 1675 sanxit
1796 1666 1807 1682 ,
1818 1650 1853 1675 ut
1865 1639 2010 1685 quisquis

1137 1707 1178 1729 ex
1202 1694 1309 1738 Regio
1324 1692 1486 1727 beneficio
1497 1692 1678 1726 duodecim*
1688 1692 1816 1725 mansos
1837 1691 1972 1734 poffidet
1998 1713 2013 1729 ,

1139 1747 1203 1789 ipse
1215 1745 1247 1779 in
1261 1744 1347 1778 bello
1362 1743 1515 1777 loricatus
1528 1752 1712 1786 compareat
1724 1767 1731 1774 .
1760 1742 1899 1775 Carolus
1921 1741 2013 1775 Cras-

1139 1798 1190 1831 sus
1202 1796 1364 1831 contraxit
1375 1794 1416 1828 ad
1429 1794 1540 1828 decem
1554 1793 1683 1826 mansos
1694 1817 1704 1833 ‚
1731 1792 1764 1825 ὃς
1779 1790 1905 1826 addidit
1918 1790 1985 1824 duo
1998 1804 2010 1823 .-

1139 1847 1250 1881 Primo
1265 1870 1275 1887 ,
1287 1857 1322 1879 ut
1336 1845 1515 1879 istiusmodi
1530 1844 1682 1887 possessor
1694 1840 1749 1875 fibi
1762 1842 1917 1887 adjungat
1929 1841 2011 1874 duos

1139 1898 1325 1933 Scutarios:
1353 1895 1492 1933 deinde,
1522 1905 1558 1927 ut
1582 1892 1722 1938 quisquis
1744 1892 1794 1926 bis
1816 1904 1869 1926 aut
1890 1903 1938 1925 ter
1958 1891 2011 1924 de-

1141 1958 1200 1982 nos
1223 1948 1353 1982 mansos
1376 1945 1511 1988 possidet
1526 1969 1536 1984 ‚
1562 1954 1745 1987 compareat
1763 1955 1838 1978 cum
1866 1950 1915 1977 tot
1937 1941 2011 1975 lori·

1141 1998 1221 2032 catis
1237 2022 1247 2038 ‚
1273 1991 1559 2039 quorum'quisque
1580 1993 1695 2028 habeat
1719 1995 1802 2028 duos
1824 1993 1978 2028 scutarios
2003 2016 2010 2024 .
2026 2008 2106 2055 Cap.
2121 2010 2143 2045 6
2168 2034 2175 2042 .

1141 2047 1246 2080 Aliud
1258 2046 1438 2088 capitulum
1455 2044 1566 2077 habet:
1601 2046 1787 2086 ,Quicumque
1796 2045 1870 2077 liber
1883 2044 1964 2076 bomo
1976 2049 2009 2077 in
2145 2023 2166 2058 7

1139 2096 1242 2137 hostem
1254 2097 1394 2129 bannitus
1399 2094 1497 2137 fuerit
1509 2119 1518 2133 ‚
1546 2096 1694 2127 &venire
1704 2093 1907 2137 contempserit
1917 2119 1927 2134 ,
1949 2096 2009 2136 ple-

1139 2158 1209 2179 num
1221 2146 1428 2181 Heribannum
1441 2168 1451 2183 ,
1479 2144 1558 2184 idest
1571 2169 1581 2183 ‚
1606 2143 1714 2186 solidos
1722 2143 1882 2187 sexaginta
1899 2144 2010 2187 persol-

1139 2204 1216 2228 vat.
1245 2199 1302 2228 Aut
1312 2193 1405 2235 finon
1418 2193 1550 2226 habuerit
1570 2195 1649 2226 unde
1673 2195 1756 2226 illam
1774 2193 1924 2236 summam
1940 2203 2010 2235 per·

1134 2244 1235 2288 solvat
1247 2266 1259 2283 ‚
1284 2243 1478 2286 semet-ipsum
1487 2252 1541 2285 pro
1556 2244 1671 2275 Wadio
1682 2249 1713 2275 in
1720 2242 1844 2285 servitio
1859 2247 2010 2285 PrincipIs

1138 2296 1263 2334 tradat,
1293 2294 1380 2326 donec
1402 2302 1456 2335 per
1478 2302 1610 2334 tempora
1631 2292 1691 2336 ipse
1715 2295 1829 2327 bannus
1853 2294 1890 2326 ab
1901 2306 1929 2326 eo
1950 2294 2009 2336 fiat

1132 2344 1323 2387 persolutus.
1354 2347 1399 2376 Et
1411 2352 1480 2376 tunc
1504 2350 1611 2377 iterum
1624 2346 1667 2377 ad
1681 2343 1792 2383 statum
1810 2344 1872 2388 suae
1892 2345 2011 2377 liberta·

1138 2402 1178 2428 tis
1192 2405 1379 2428 revertatur.
1408 2394 1521 2428 Severa
1546 2405 1639 2437 poena
1652 2395 1692 2427 eo
1717 2396 1843 2434 tendit,
1870 2405 1905 2428 ut
1927 2395 2010 2438 quis-

1135 2456 1199 2488 que
1211 2443 1363 2479 foeudalis
1384 2445 1418 2478 sit
1433 2446 1553 2487 semper
1567 2455 1691 2486 paratus
1702 2445 1740 2477 ad
1753 2445 2003 2488 expeditionem.
2023 2439 2099 2474 Lib·
2120 2441 2152 2476 6.

1139 2495 1189 2528 En
1202 2494 1290 2529 aliud
1304 2494 1445 2538 rigidum
1458 2494 1635 2537 capitulum
1652 2507 1658 2525 ε
1690 2496 1808 2527 Placuit
1831 2504 1863 2526 ut
1875 2501 1967 2527 omnis
1997 2520 2006 2534 ‚
2024 2490 2173 2539 cap.326·

1136 2551 1186 2587 qui
1199 2552 1252 2577 aut
1263 2550 1295 2577 in
1302 2545 1516 2585 expeditionem
1528 2549 1670 2576 exercitus
1683 2543 1793 2586 absque
1799 2551 1893 2587 gravi
1915 2544 2008 2587 ncces-

203 2597 315 2624 tamin
327 2591 521 2623 Normandia
534 2592 623 2631 quam
635 2596 667 2621 in
681 2592 788 2633 Anglia
799 2615 810 2631 ,
829 2590 894 2630 five
905 2597 995 2623 etiam
1006 2593 1075 2624 aliis
1130 2595 1217 2637 fitate
1229 2606 1286 2627 non
1295 2595 1481 2637 progreditur
1492 2619 1500 2633 ‚
1528 2603 1581 2625 aut
1592 2596 1628 2626 de
1656 2601 1784 2627 exercitu
1795 2595 1880 2638 fugit
1894 2620 1903 2634 ,
1930 2595 2005 2635 testi-

203 2638 361 2683 terrIssuIs
375 2663 386 2679 ,
406 2638 570 2682 secundum
581 2639 632 2672 hoe
641 2641 720 2681 quod
730 2646 756 2672 ei
769 2638 868 2682 visum
872 2639 938 2681 ficit
952 2665 962 2681 ,
987 2644 1074 2683 Capi·

203 2692 280 2724 tales
295 2693 428 2722 Barones
437 2687 504 2731 suos
517 2701 582 2723 cum
592 2695 696 2730 paucis
704 2688 804 2732 secum
825 2691 914 2722 duxit
926 2714 936 2730 ,
964 2692 1074 2724 Solida-

202 2749 261 2772 rios
274 2742 346 2773 verb
369 2740 479 2772 milites
504 2746 670 2772 innumeros
691 2764 699 2771 .
724 2740 909 2783 Distinguit
933 2740 1076 2784 Burgen-

204 2790 253 2824 ses
267 2814 278 2829 ‚
304 2789 476 2828 Rusticos.
504 2789 662 2833 Agrarios
674 2789 793 2823 milites
805 2813 814 2828 ,
844 2790 1005 2832 Capitales
1017 2791 1075 2824 Ba-

204 2850 301 2873 rones
311 2864 322 2880 ,
347 2840 381 2874 &
394 2839 515 2873 milites
525 2839 720 2872 Solidarios.
749 2840 795 2872 Hi
810 2839 883 2873 sunt
907 2841 1073 2883 stipendia-

1135 2651 1230 2677 monio
1239 2649 1403 2689 Dignitatis
1413 2641 1477 2683 suae
1492 2641 1530 2682 fit
1545 2644 1782 2677 irrevocabiliter
1805 2656 1910 2678 carens
1926 2670 1935 2685 ,
1964 2651 2007 2679 ita

1134 2704 1165 2727 ut
1182 2700 1213 2727 in
1224 2692 1398 2736 quibusdam
1412 2693 1525 2725 villulis
1533 2692 1583 2735 ftu
1595 2698 1753 2727 territoriis
1768 2720 1777 2735 ‚
1798 2694 1860 2735 five
1873 2702 1948 2728 vicis
1957 2705 2009 2737 pe-

1128 2744 1182 2784 stis
1192 2743 1281 2783 hujus
1307 2743 1513 2784 infamationis
1537 2742 1713 2776 habitatores
1735 2744 1862 2786 ipsorum
1885 2748 2007 2778 locorum

1129 2794 1187 2836 fint
1201 2795 1356 2835 degeneres
1369 2796 1393 2832 ‚'
1407 2794 1440 2826 (55
1451 2791 1623 2832 testificandi
1645 2796 1696 2826 vel
1716 2793 1871 2836 accusandi
1895 2796 2007 2828 nullam

1135 2844 1262 2876 habeant
1281 2844 1428 2876 licentiam
1445 2867 1452 2874 .
1479 2842 1609 2886 Nempe
1633 2843 1764 2886 quidam
1790 2845 1906 2888 integri
1931 2845 2006 2890 pagi

37 2918 192 2955 “¹252-
205 2889 265 2930 rii,
292 2890 347 2933 qui
374 2888 497 2923 solidos
517 2889 682 2932 accipiunt
695 2889 727 2921 in
752 2888 929 2932 stipendia.
966 2891 1073 2924 Etiam
1135 2892 1304 2927 constabat
1322 2904 1362 2926 ex
1397 2893 1473 2926 solis
1495 2892 1692 2927 feudalibus.
1724 2894 1799 2926 Erat
1822 2905 1929 2927 tamen
1953 2907 2007 2929 ex·
2021 2896 2138 2942 Lib.4.

205 2939 338 2982 antiqua
350 2940 623 2983 Lantgraviorum
638 2939 767 2972 historia
782 2938 953 2982 distinguit
965 2941 1074 2974 Comi-

39 2970 117 3006 ³54-
206 2998 273 3029 tes,
300 2988 462 3028 Batenos,
492 2989 641 3029 Milites,
666 2999 702 3022 ac
730 2988 910 3022 Militares.
941 2989 983 3023 Et
1011 3001 1074 3023 ma-

32 3010 193 3055 *Fol.409.

209 3087 358 3128 Adolpbus
363 3097 569 3130 praeoecupare
579 3093 757 3130 anticipavit
770 3100 835 3120 cum
843 3088 904 3131 Vas
902 3091 968 3122 allis
981 3091 1014 3123 ὁ·
1025 3094 1076 3122 Ar-

208 3142 324 3180 migeris
340 3137 404 3180 suis
426 3138 565 3182 consuetis

34 3206 192 3255 mio-⁸
210 3188 547 3280 22223252'3201235111
558 3188 950 3273 iniustitia
961 3190 1001 3271 <i
1016 3190 1075 3247 Af:

211 3297 307 3331 geros
316 3310 327 3326 ,
352 3295 389 3318 ac
401 3287 549 3332 adjungit
562 3301 570 3320 :
598 3249 733 3332 ,Quiffiam
742 3254 868 3330 plebgae
880 3251 1078 3332 original-:¹:-

210 3335 344 3380 migerob
356 3335 564 3376 animositatem
575 3340 608 3371 δ’
622 3345 653 3370 in
665 3345 760 3372 armis
766 3338 974 3379 strenuitatem
986 3340 1079 3372 Nobi-

42 3405 111 3445 Ἑοι,
128 3419 170 3447 10
191 3386 334 3442 :umbu'
344 3395 450 3429 genere
458 3387 672 3427 praeferebatur
685 3413 692 3421 .
722 3389 764 3423 Et
778 3389 890 3422 Bruno
903 3389 1079 3424 Mersebur-

215 3437 317 3481 genfis
334 3435 476 3468 Ecclesiae
489 3435 655 3478 Presbyter
666 3438 700 3471 in
728 3437 812 3473 libro
834 3440 875 3473 de
886 3439 971 3473 bello
982 3440 1081 3473 Saxo·

1135 2943 1278 2986 ceptioni
1301 2943 1412 2976 locus:
1440 2948 1479 2975 Ut
1492 2945 1565 2983 Voffi
1577 2943 1679 2983 nostri,
1704 2944 1736 2976 (9
1759 2945 1831 2984 Vafft
1855 2942 2005 2987 Episcopo·
2020 2959 2087 2992 cap.
2114 2955 2169 2993 70.

1135 3005 1225 3032 rum,
1253 2992 1402 3026 Abbatum
1425 3016 1436 3032 ,
1466 2992 1680 3035 abbatissarum
1704 2995 1737 3026 Θ
1759 2997 1926 3034 Comitum,
1953 3001 2006 3038 qui

206 3049 308 3082 gnum
321 3039 427 3082 Belgii
450 3038 640 3072 Chronicon
664 3038 790 3072 scribit:
830 3043 903 3072 Dux
924 3041 1075 3074 Gueldriae
1133 3054 1212 3076 anno
1218 3042 1361 3086 praesenti
1374 3048 1406 3074 in
1417 3041 1489 3082 hoste
1502 3043 1691 3083 nonfuerunt
1704 3067 1714 3083 ‚
1727 3044 1950 3079 Herribannum
1962 3057 2004 3079 re-

1135 3095 1278 3128 wadient
1291 3118 1298 3125 .
1327 3095 1470 3133 Exceptis
1484 3091 1530 3123 his
1544 3098 1593 3134 qui
1609 3101 1731 3135 propter
1757 3095 1924 3137 neceffarias
1938 3107 2006 3129 cau-

590 3163 602 3179 ‚
638 3141 672 3172 Θ
694 3138 868 3181 quibusdam
889 3140 1020 3172 Civibus
1042 3150 1078 3173 ac
1131 3141 1184 3185 sas
1196 3144 1273 3174 domi
1283 3142 1532 3183 dimiffifuerunt.
1567 3144 1606 3176 Id
1614 3142 1671 3182 est,
1701 3146 2004 3187 quiciComiteprop-

1136 3203 1180 3225 ter
1186 3201 1291 3234 pacem
1303 3191 1535 3234 cons'ervandam
1545 3217 1554 3232 ‚
1570 3194 1602 3224 Θ·
1615 3202 1734 3234 propter
1747 3196 1895 3238 conjugem
1905 3206 1938 3226 ac
1954 3197 2001 3227 do·

1138 3253 1215 3275 mum
1230 3244 1291 3281 eius
1305 3241 1516 3280 custodiendam
1527 3267 1535 3281 ,
1549 3244 1581 3274 Θ
1592 3243 1630 3275 ab
1642 3241 1785 3285 Episcopo
1796 3268 1805 3284 ,
1817 3246 1866 3276 vel
1877 3243 2002 3284 Abbate,

1139 3293 1191 3325 vel
1211 3292 1359 3334 Abbatiffa
1362 3290 1497 3331 similiter
1511 3299 1635 3333 propter
1652 3301 1758 3333 pacem
1770 3292 2003 3336 conservandam

1139 3344 1297 3384 &propter
1310 3342 1417 3384 fruges
1431 3342 1607 3384 colligendas
1622 3367 1632 3383 ,
1659 3345 1693 3376 (9
1702 3342 1856 3383 familiam
1868 3341 2005 3380 constrin-

1135 3394 1267 3437 gendam
1279 3417 1289 3433 ,
1317 3393 1350 3424 &
1377 3391 1470 3432 mffos
1495 3393 1673 3433 recipiendos
1691 3391 1932 3435 dimisfifuerunt
1945 3416 1954 3424 .

1191 3443 1284 3476 Hinc
1296 3440 1452 3475 discimus
1462 3451 1527 3475 non
1542 3442 1627 3475 solos
1649 3443 1751 3486 Regis
1762 3466 1771 3481 ‚
1800 3440 1853 3474 sed
1877 3439 2007 3483 insuper

216 3487 291 3521 nico
303 3484 584 3520 scribitdeillustri
595 3486 710 3528 juvene
722 3489 914 3532 Conrardo,
939 3488 1081 3525 Henrici
1142 3489 1601 3537 Episcoporum,Abbatum‚
1624 3502 1661 3525 ac
1675 3491 1914 3526 Abbatiffarum
1937 3491 2006 3525 fens

308 3534 416 3576 christ.
429 3538 508 3580 Lupi
519 3539 617 3578 Opera
628 3538 763 3571 Tole

1582 3542 1610 3575 L
1661 3550 1684 3574 2
1892 3539 1978 3578 dales
