2366 3736
235 282 287 310 21.

306 2441 309 2443 -
334 2415 453 2451 abunde
476 2424 651 2453 commeatus
664 2428 675 2449 .-

284 3036 287 3038 >
338 3017 420 3048 nobis
450 3023 570 3050 viveret
592 3042 602 3057 ‚
641 3016 744 3057 fierent
763 3017 775 3048 ?
802 3015 941 3047 Emenda
962 3020 1054 3058 igitur
1072 3019 1205 3057 primum

398 194 492 247 146

362 270 431 310 sum
453 281 492 309 ae
505 267 721 309 trucidatum3
750 261 799 296 At
821 262 886 298 scio
907 265 1005 305 etiam
1029 264 1159 305 addiab
1181 277 1232 300 eo·

359 321 434 359 dem
447 322 607 361 Scriptore
620 330 630 348 .·
658 313 759 353 Postea
772 323 872 346 tamen
883 320 986 358 ingens
998 322 1029 348 ei
1040 315 1232 356 sepulchrum
1289 314 1360 348 bunt
1373 340 1380 348 .
1408 317 1596 360 Spartianus
1612 318 1717 361 pergit
1730 330 1737 349 :
1764 315 1811 349 bic
1821 318 1989 360 tantaefuit
2006 319 2161 362 severita-

362 371 450 409 ,Λαυρ
462 367 614 412 aggeribus
627 375 725 397 omnes
735 372 854 406 pariter
866 367 980 403 Milites
997 365 1139 410 fecerunt
1152 389 1158 395 .
1188 366 1230 400 Et
1290 371 1330 398 tis
1342 391 1351 406 ‚
1379 375 1412 399 ut
1437 377 1501 399 cum
1512 369 1623 402 milites
1637 365 1779 409 quosdam
1791 373 1824 399 in
1834 375 1941 407 craenio
1957 379 2093 413 argenteo
2103 381 2160 403 ex-

358 418 509 453 marmoii
533 415 717 448 inciderunt
740 414 804 447 hoc
818 414 1052 458 Epitaphium:
1082 420 1137 447 Hic
1159 419 1230 449 Pro-

360 469 413 501 bus
426 472 589 507 Imperator
602 489 612 505 ‚
639 466 671 497 <5
683 464 754 496 vere
761 464 871 505 probus
885 464 962 506 fitus
975 465 1011 504 est
1023 488 1030 497 .
1061 466 1160 503 ινιίῩον
1171 478 1228 499 om—

360 523 440 548 nium
458 522 591 559 gentium
603 513 828 548 Barbararum:
857 515 954 547 Vie'ior
966 521 1059 549 etiam
1082 519 1228 563 Tyranno·

353 577 434 603 rum.
467 565 507 601 Et
532 562 617 602 hanc
630 563 796 609 Regulam
820 575 936 600 omnes
959 566 1037 599 boni
1051 565 1224 609 Imperato-

351 625 401 653 res
422 614 645 654 custodierunt
658 637 666 653 -,
691 614 848 654 Attamen
873 615 995 659 primus
1020 616 1226 658 Maximinus

352 663 517 702 nonnihil
543 662 748 699 immutavit.
774 664 926 708 Exponit
948 664 1053 708 Julius
1066 665 1223 713 Capitoli-

350 726 431 749 nus:
458 719 628 761 Nunquam
641 712 708 755 suit
722 720 818 757 quiin
828 710 959 748 exercitu
975 714 1066 756 faber
1079 741 1089 756 ,
1116 726 1168 749 aut
1181 719 1223 758 al·

349 771 440 798 terius
452 771 517 811 rei,
545 772 580 798 ut
587 765 723 807 plerique
730 761 805 807 sunt
817 789 827 805 ,
852 764 967 806 artifex
979 765 1042 808 effitt
1056 777 1066 812 ᾗ
1089 765 1160 809 solis
1175 778 1224 804 ve·

347 814 516 848 nationibus
528 817 669 858 Legiones
688 813 863 857 frequenter
874 815 1032 855 exercebat
1043 839 1050 847 .
1079 817 1157 851 Erat
1171 828 1221 850 na-

347 874 420 899 tura
446 865 480 906 ὅ(
498 866 629 912 origine
641 857 817 906 Baibarus3
845 862 927 898 hinc
952 866 1022 909 plus
1040 867 1219 907 venationi:

345 915 404 949 bus
417 914 598 960 gaudebat²
623 913 721 956 quam,
748 914 938 956 laboribus.
968 915 1011 949 Et
1037 914 1078 950 de
1093 916 1219 952 Avidio

344 965 454 1000 Caffio
477 966 675 1010 imperatore
696 965 806 999 scribit
819 965 994 1001 Vulcatius
1006 966 1217 1006 Gallicanus.

344 1016 456 1056 Caffius
466 1016 587 1049 delicias
599 1026 699 1053 omnes
712 1016 748 1048 de
761 1014 860 1059 castris
880 1014 1036 1059 submovit
1048 1042 1060 1058 ‚
1078 1018 1218 1061 juffltque

342 1069 451 1100 milites
475 1066 599 1105 hyemem
607 1064 666 1109 sub
683 1066 814 1108 pellibus
828 1078 914 1110 agere
928 1091 938 1107 ,
964 1066 1022 1108 nist
1038 1074 1218 1111 corrigerent

335 1115 404 1159 suos
427 1129 520 1154 mores
541 1129 549 1155 z,
579 1119 625 1156 Et
647 1117 785 1160 egissent,
813 1117 867 1157 nist
887 1116 1031 1154 honestius
1053 1117 1216 1159 vixiffent.

340 1169 529 1205 Exercitium
544 1164 667 1211 septimi
689 1167 748 1199 diei
762 1165 829 1208 fuit
842 1173 971 1206 omniunt
984 1168 1115 1208 militum
1128 1192 1139 1207 ‚
1167 1174 1215 1201 ita

339 1225 373 1249 ut
378 1214 511 1260 sagittas
533 1213 704 1257 mitterent,
730 1217 763 1250 t&
789 1222 886 1254 armis
899 1217 1056 1250 luderent.
1084 1217 1212 1251 Dicebat

337 1273 415 1300 enim
437 1265 574 1310 miserum
586 1268 656 1310 effe,
683 1268 747 1300 cum
766 1276 970 1300 exercerentur
983 1265 1111 1300 Athletae
1125 1292 1136 1308 ‚
1163 1280 1210 1306 ve-

337 1327 456 1350 natores
481 1320 515 1351 &¹
531 1318 736 1360 gladiatores,
766 1328 822 1349 non
834 1321 963 1349 exerceri
983 1319 1096 1350 milites
1111 1342 1122 1357 ‚
1148 1324 1209 1360 qui·

336 1365 391 1399 bus
403 1373 497 1403 minor
508 1367 574 1410 effet
579 1367 704 1407 futurus
716 1366 798 1398 labor
806 1389 815 1404 ,
831 1366 858 1407 fi
868 1364 1021 1408 consuetus
1036 1368 1101 1409 efflet
1112 1392 1120 1402 .
1143 1368 1209 1402 Mi-

337 1416 430 1450 litare
441 1417 639 1456 exercitium
649 1416 801 1458 miscebat
814 1438 827 1462 ³.
850 1416 883 1448 δε
900 1416 1081 1457 alternabat
1095 1416 1211 1458 labori·

334 1464 393 1499 bus
406 1491 413 1498 .
443 1467 485 1500 Et
500 1466 603 1507 reeie.¹

387 1517 544 1559 Notanda
557 1517 630 1550 sunt
642 1515 759 1550 verba:
788 1517 919 1556 Delicias:
932 1527 1031 1552 omnes
1055 1519 1071 1551 e
1093 1518 1207 1558 Castris

328 1564 482 1609 submovit
495 1592 503 1599 .
531 1567 606 1610 Nec
618 1567 707 1601 enirn
722 1566 787 1601 sola
801 1566 934 1601 ebrietas
945 1567 980 1609 ὃς
993 1568 1169 1611 intempera
1177 1581 1206 1602 n·

334 1619 379 1650 tia
394 1641 404 1656 ,
432 1617 486 1658 sed
507 1615 618 1667 quivis
636 1617 794 1650 delicatus
817 1617 916 1650 vietus
941 1618 1014 1650 sunt
1039 1614 1206 1660 pessimum

333 1667 468 1700 Militiae
480 1669 597 1703 vitium
609 1691 617 1699 .
643 1667 736 1700 Hinc
755 1666 796 1700 de
808 1667 936 1710 praefato
948 1667 1144 1709 Imperatore
1156 1670 1206 1702 ad-

332 1717 441 1762 jungit
454 1717 542 1758 idem
554 1716 727 1751 Vulcatius
740 1730 751 1750 .·
778 1719 897 1750 Praeter
916 1719 1045 1750 laridum
1059 1742 1070 1757 ‚
1098 1720 1131 1751 (ε’
1144 1719 1207 1752 buc·

332 1768 470 1800 cellarum
485 1791 498 1810 ,Ἴ
520 1776 611 1809 atque
634 1775 750 1799 acetum
769 1791 779 1807 ,
815 1768 943 1800 Militem
963 1773 995 1799 in
1019 1770 1207 1808 expeditione

332 1818 500 1859 quidquam,
517 1824 640 1858 portare
646 1815 821 1858 probibuit:
850 1819 895 1848 Et
912 1815 941 1856 fi
954 1817 1041 1848 aliud
1048 1819 1206 1860 quidpiam

331 1867 462 1909 reperii,
490 1870 655 1906 Luxuriem
665 1877 722 1905 non
731 1866 793 1906 letti
801 1863 949 1908 supplicio.
970 1866 1103 1907 adfecit.
1130 1868 1205 1915 Qua

333 1918 453 1951 virtute
465 1918 572 1962 viguit
584 1927 660 1950 ante
678 1912 854 1959 Imperium
868 1940 875 1947 .
907 1916 1038 1956 Etenim
1060 1918 1101 1951 de
1112 1918 1181 1961 ipso
1196 1943 1205 1957 ,

331 1968 491 2001 enervatis
503 1979 556 2011 per
579 1965 712 2004 delicias
733 1966 875 2008 Syriacis
886 1965 1092 2011 Legionibus
1104 1992 1115 2007 ‚
1143 1968 1204 2001 lm-

331 2028 459 2060 perator
469 2018 606 2051 Marcus
618 2015 769 2049 Aurelius
790 2016 910 2058 scripsit
923 2016 966 2049 ad
990 2016 1184 2051 Praefectum
1198 2030 1204 2049 :

332 2068 443 2101 Avidio
462 2068 550 2107 Caffio
564 2070 704 2110 Legiones
716 2067 849 2103 Syriacas
872 2065 946 2098 dedi
956 2089 966 2104 ,
992 2066 1153 2106 defluentes
1164 2068 1209 2100 lu·

332 2123 442 2159 sturia,
471 2119 505 2151 (9¹
526 2117 692 2159 Daphnicis
717 2115 844 2147 moribus
870 2123 988 2158 agentes
1002 2141 1014 2158 ι
1039 2128 1115 2158 quas
1126 2127 1206 2150 totas

333 2169 531 2203 excaldantes,
551 2161 584 2210 se¹
602 2166 733 2207 reperisse
762 2164 912 2208 Caesbnius
927 2165 1116 2202 Villalianus
1134 2166 1206 2208 scri·

327 2216 388 2259 pfit
400 2242 407 2248 .
427 2220 479 2259 *Et
489 2225 565 2258 putor
575 2227 619 2248 me
629 2226 687 2248 non
698 2215 819 2257 errasse.
850 2216 1047 2259 siquidem&
1059 2223 1092 2248 tu
1105 2224 1204 2248 notum

333 2266 426 2300 habes
440 2266 561 2306 Cafftum
571 2278 584 2307 ‚·
610 2264 757 2297 bominem
771 2265 915 2303 Caffianae
923 2262 1093 2307 severitatis
1109 2267 1141 2297 ὼ·
1153 2268 1203 2296 Di-

329 2314 467 2360 fiiplinae
479 2341 486 2348 .
516 2321 624 2358 Neque
634 2321 714 2348 enim
728 2316 840 2347 Milites
851 2319 913 2357 regi
929 2315 1045 2356 possunt
1055 2340 1064 2354 ‚
1092 2314 1148 2355 nifi
1155 2327 1206 2348 ve—

333 2377 394 2400 tere
415 2364 591 2408 disciplina.
620 2368 665 2398 Tu
691 2372 810 2403 tantum
826 2364 882 2406 fac
908 2364 1004 2405 adfine
1029 2365 1204 2407 Legionibus

702 2417 785 2463 ,Quos
798 2438 809 2454 ,
827 2412 855 2455 fi
873 2414 945 2453 ben&
958 2416 1101 2447 Avidium
1115 2420 1184 2448 novi
1196 2440 1206 2456 ,

331 2465 391 2510 scio
413 2477 475 2498 non.
493 2471 661 2507 perituros.
690 2465 731 2497 Et
757 2465 825 2506 spes
853 2476 923 2503 non.
943 2464 1059 2498 fefellit
1084 2464 1205 2499 Princi-

334 2527 428 2560 pem:
458 2516 594 2553 Etenim
605 2514 776 2548 Praefectus
798 2514 972 2557 rescripsit:
1001 2515 1088 2548 Rec‘le
1109 2514 1207 2558 consu-

335 2567 413 2607 luisti
424 2591 436 2607 ‚
461 2572 502 2599 mi
522 2569 668 2603 Domine,
696 2565 777 2606 quod
786 2564 908 2603 Caffium
925 2564 1100 2605 praefecistis
1114 2568 1207 2604 syria-

334 2624 376 2651 cis
396 2615 567 2660 Legionibus
580 2640 587 2647 .
618 2615 669 2648 iiie
677 2612 752 2657 sane*
763 2624 860 2646 omnes
873 2615 1097 2648 excaldationes
1111 2641 1120 2655 ,
1143 2627 1205 2655 om-

335 2679 386 2701 nes
395 2667 480 2708 flores
493 2668 529 2700 de
551 2670 647 2708 capite
659 2689 668 2704 ,
695 2666 783 2703 collo,
810 2665 843 2697 (tr
855 2662 921 2705 finu
941 2665 1034 2702 Militi
1056 2660 1203 2699 excu‘tiet.

336 2718 379 2751 Et
391 2718 429 2751 ad
444 2717 641 2761 Rogonium
659 2739 668 2755 ‚
694 2714 811 2747 Galliae
825 2713 997 2753 Restorem
1011 2715 1130 2758 scripsit
1142 2716 1206 2749 Im·

335 2778 462 2811 perator
488 2768 647 2801 Severus:
675 2765 790 2796 Milites
814 2770 858 2795 tui
881 2775 1055 2807 vagantur,
1081 2766 1205 2799 Tribuni

334 2819 430 2851 medio
450 2819 498 2850 die
520 2819 632 2854 lavant
653 2840 666 2856 ,⁸
685 2823 742 2857 pro
761 2815 901 2846 tricliniis
921 2822 1050 2855 popinas
1073 2815 1205 2858 babent,

329 2877 387 2910 pro
397 2868 534 2907 cubiculis
547 2871 715 2899 meritoria.
744 2865 883 2903 Saltant,
910 2864 1034 2905 bibunt,
1062 2876 1203 2900 cantant:

336 2921 382 2949 Et
394 2917 535 2961 mensuris.
554 2922 757 2956 conviviorum
769 2923 881 2947 vacant
891 2938 909 2967 ,ἢ
931 2925 996 2947 cum
1013 2914 1073 2955 fine
1085 2916 1206 2959 mensu·-

337 2979 372 2999 ra
380 2976 498 3007 potent.
528 2970 597 3007 Ηώς
609 2993 618 3007 ,
638 2965 664 3005 lt‘
670 2967 731 2999 ulla
745 2976 824 2998 vena
831 2972 972 3005 paternae
990 2964 1162 3007 Disciplinae
1174 2972 1206 3000 in

337 3066 482 3098 Tribunos
496 3089 505 3103 ‚
534 3068 640 3099 deinde
653 3068 792 3103 Militem.
825 3065 935 3101 Exstat
950 3064 1096 3107 Epistola
1119 3067 1203 3109 apud

340 3115 471 3148 AEliurn
486 3115 688 3158 Spanianum
713 3117 745 3149 in
761 3115 945 3153 Pescennio,
956 3114 1082 3159 Nigro.
1112 3117 1151 3149 Et
1165 3116 1205 3151 de
1224 3135 1227 3154 ς

338 3167 408 3208 ipso
421 3166 484 3208 jam
499 3166 694 3208 Imperatore
707 3166 898 3198 Pescennio
919 3164 1027 3198 scribit
1042 3164 1126 3198 idem
1143 3166 1203 3199 AE-

337 3215 400 3251 lius
411 3227 424 3254 ε,
447 3214 493 3246 hic
515 3226 585 3258 erga
597 3217 708 3247 Milites
724 3216 895 3257 fuittanta⁴
911 3212 1056 3257 censura,
1084 3225 1118 3248 ut
1140 3220 1204 3249 c'um

336 3267 422 3308 apud
431 3268 598 3309 AEgyptu‘m
608 3265 645 3296 ab
658 3277 686 3297 eo
701 3269 862 3297 Limitanei
875 3266 984 3301 milites
996 3271 1101 3298 vinum
1123 3275 1201 3308 pete-

337 3315 428 3356 rent,
452 3313 638 3358 'respb'nderit
652 3338 662 3352 ,
691 3315 796 3346 Nilum
811 3314 925 3347 habetis
937 3341 945 3354 ,
971 3316 1117 3348 &vinum
1126 3328 1203 3359 quae-

336 3374 408 3400 ritis.
421 3366 441 3398 ἓ·
449 3360 595 3409 siquidem
606 3371 695 3395 tanta
717 3365 794 3395 illius
806 3365 939 3403 fluminis
964 3366 1083 3397 dulcedo
1095 3365 1130 3404 el}
1142 3391 1150 3405 ,
1172 3377 1204 3399 ut

337 3418 440 3451 accolae
454 3427 533 3449 vina,
542 3426 598 3447 non
609 3421 758 3455 quaerant.
787 3417 872 3451 Idem
882 3415 1130 3448 tumultuantibus
1146 3422 1182 3448 iis
1194 3441 1204 3457 ,

337 3473 386 3509 qui
409 3469 428 3498 ἃ
449 3463 690 3502 ,saracenisvtfe‘li
705 3462 852 3504 fuerant,
880 3467 913 3498 <st
938 3465 1128 3507 dicentibus,
1155 3470 1204 3498 Vi-

338 3528 409 3553 num
426 3528 483 3550 non
495 3520 657 3558 accepimus
672 3537 683 3555 ‚
706 3521 841 3557 pugnare
852 3524 908 3547 nott
925 3517 1071 3558 poffumus
1084 3529 1095 3549 .·
1122 3520 1206 3550 Eru-

942 179 1584 233 Dissearsrso

1290 263 1414 310 bes‘cite,¹
1441 265 1573 310 inquit,
1601 265 1646 306 illi
1664 263 1790 308 quivos
1810 267 1958 310 vineunt,
1984 277 2098 310 aquom-
2119 266 2163 303 bi-

2229 353 2283 386 10·

1285 416 1448 462 peditionis
1462 426 1590 457 tempore
1612 416 1709 450 bibere
1720 419 1856 459 vidisset,
1881 416 1999 460 jufferir‘
2018 431 2102 456 omne
2110 432 2162 452 ar-

1280 465 1410 509 =gentum
1417 465 1586 509 fiibmoveri
1601 489 1612 505 ,
1638 468 1744 501 addito
1760 479 1791 501 eo
1801 492 1811 508 ‚
1837 477 1869 499 us
1884 470 1991 511 ligneis
2002 468 2078 509 vafis
2089 479 2160 503 ute·-

1289 509 1396 548 'rentur
1411 529 1417 547 :
1446 515 1570 549 Dicebat
1582 520 1660 555 enim
1667 518 1744 560 poffe
1755 524 1872 552 evenire
1882 542 1893 558 ‚
1916 528 1948 551 ut
1959 520 2092 550 sarcina·
2102 522 2159 552 Mt-

1287 564 1392 600 litares
1406 572 1438 598 in
1444 566 1616 608 potestatem
1636 566 1756 610 bostium
1766 574 1905 602 venirent
1915 589 1925 605 ‚
1953 568 1989 600 ne
1994 565 2029 609 se
2039 568 2157 601 Barba-

1287 626 1331 646 rae
1357 619 1504 653 Nationes
1532 615 1661 659 Argenta
1686 616 1777 655 nostro
1796 617 1972 661 gloriosiores
1992 616 2131 658 facerent
2145 642 2154 651 .

1286 666 1369 697 Idem
1386 666 1466 711 juffit
1487 671 1592 701 vinum
1613 672 1762 700 neminem
1783 674 1816 700 in
1827 669 2015 710 expeditione
2035 666 2154 707 bibere,

1280 713 1338 756 sed
1347 724 1424 748 aceto
1438 716 1594 759 Universos
1606 717 1657 759 effe
1668 726 1817 755 contentos
1832 740 1840 749 .
1866 720 1948 757 Idem
1957 717 2083 759 Pistores
2103 716 2158 760 se·-

1283 771 1335 806 qui
1355 767 1572 807 expeditionem
1584 766 1756 808 probibuit:
1784 769 1951 801 Buccellato
1964 767 2078 808 jubens
2100 773 2160 799 mi-

1281 815 1348 847 lites
1373 817 1406 848 (5
1425 826 1526 849 omnes
1543 825 1689 850 contentos
1703 817 1755 860 esse
1769 842 1776 849 .
1804 816 1847 850 Et
1860 815 2057 858 Pescennius
2070 818 2158 861 praei·

1283 865 1328 898 vit
1340 866 1491 909 exemplo
1505 892 1511 899 .
1540 870 1663 901 Etenim
1673 874 1706 900 in
1716 872 1843 900 concione
1846 868 1971 908 juravit
1978 865 2030 909 se,
2056 875 2158 909 quam·

1281 915 1334 952 diu
1355 922 1387 947 tn
1408 918 1650 957 expeditionibus
1668 916 1788 961 fuiffet,
1812 917 1933 960 effetque
1956 916 2054 956 adbuc
2067 916 2156 957 futu-

1280 975 1330 997 rus
1345 989 1355 1006 ,
1381 977 1439 999 non
1449 967 1539 999 alium
1546 965 1724 1010 seaHurum
1735 992 1746 1008 ,
1772 969 1866 1010 qucim
1886 968 2028 1001 militem.
2058 967 2102 1000 Et
2113 966 2155 1000 de

1279 1025 1431 1064 corrupta
1458 1016 1515 1050 sub
1541 1011 1737 1060 l‘mperato're
1762 1018 1960 1052 Constantio
1982 1017 2154 1061 disciplina

1279 1063 1387 1102 scribit
1401 1067 1599 1100 Ammianus
1614 1067 1851 1105 Marcellinus:
1880 1067 2015 1111 Accessere
2038 1065 2153 1111 flagi-¹¹⁹4
2168 1075 2241 1111 Lib.
2269 1088 2324 1120 22,

1277 1112 1442 1156 disciplina
1454 1116 1602 1158 castrensis
1623 1142 1633 1157 ,
1659 1129 1725 1150 cum
1736 1120 1820 1151 miles
1844 1119 2011 1150 cantilenas
2025 1114 2151 1149 me'dita·
2167 1138 2235 1172 cap·
2245 1129 2278 1163 6,

1274 1172 1353 1197 retur
1360 1172 1416 1205 pro
1425 1165 1522 1212 jubilo
1542 1168 1685 1201 molliores
1698 1192 1708 1208 ‚
1735 1170 1769 1201 (5·
1791 1179 1847 1201 non
1864 1166 1977 1210 saxum
1999 1176 2066 1200 erat
2078 1191 2089 1206 ‚
2115 1176 2149 1209 ut
2190 1165 2193 1168 ⁴
2211 1177 2216 1182 ·
2232 1166 2235 1171 '

1274 1213 1413 1247 ante-bac
1429 1239 1442 1257 2
1467 1220 1592 1257 Armato
1609 1218 1699 1251 cubile
1711 1242 1721 1258 ,
1743 1216 1802 1260 sed
1817 1219 1922 1260 pluma
1934 1215 1967 1251 Θ
1975 1217 2091 1259 flexiles
2110 1217 2152 1259 le·

1273 1263 1347 1296 &uli
1358 1288 1365 1295 .
1393 1259 1591 1309 Et‘graviora
1598 1268 1713 1315 gladiis
1725 1262 1847 1308 pocula.
1875 1267 1959 1307 Testa
1971 1273 2050 1299 enim
2070 1266 2150 1299 bibe-

1272 1324 1304 1346 re
1319 1315 1391 1355 jam
1401 1315 1535 1356 pudebat
1543 1339 1550 1345 .
1580 1319 1626 1348 Et
1637 1317 1850 1359 quaerebantur
1861 1318 1944 1350 aedes
1956 1326 2130 1348 marmorea
2139 1339 2152 1355 ‚

1271 1374 1334 1396 cum
1341 1362 1488 1406 scriptum
1501 1362 1537 1405 fit
1548 1370 1582 1407 itt
1594 1365 1835 1408 Antiquitatibus
1848 1389 1859 1405 ‚
1885 1367 2071 1407 spartanum
2093 1370 2150 1397 mi-

1271 1413 1352 1446 litem
1372 1421 1531 1447 coercitum
1555 1412 1688 1456 acriterg
1714 1416 1795 1458 quod
1814 1414 1989 1460 Procinc‘lus
2018 1421 2150 1460 tempore

1273 1458 1359 1505 ausus
1366 1461 1402 1503 fit
1413 1465 1512 1497 videri
1519 1463 1575 1506 sub
1587 1465 1662 1497 redo
1672 1490 1680 1497 .
1972 1498 1975 1502 .
2083 1464 2086 1467 ’

1324 1512 1474 1546 Militum
1488 1510 1677 1548 ebrietatem
1690 1512 1772 1547 adeo
1782 1514 1956 1548 detestatus
1968 1515 2033 1549 fuit
2049 1514 2152 1557 liupo,
2164 1526 2237 1563 Hb·
2252 1539 2281 1566 ι,
2291 1539 2323 1572 c„

1274 1563 1387 1599 tatoris
1400 1563 1577 1607 justiniani
1600 1565 1679 1598 Dux
1692 1564 1886 1604 Belisatius,
1914 1575 1950 1598 ut
1968 1565 2090 1607 deipso
2113 1564 2147 1598 in
2169 1590 2223 1616 12·
2277 1567 2282 1573 '

1275 1612 1420 1651 Africam
1434 1624 1550 1647 contra
1562 1614 1745 1648 Wandalos
1766 1613 1919 1648 tendente
1932 1614 2046 1657 scribat
2068 1613 2152 1652 Pro-2
2179 1619 2183 1627 ¹
2222 1619 2225 1623 '

1273 1661 1389 1705 copius
1414 1663 1645 1697 Caesaraeenfis:
1674 1664 1839 1708 Meffagetae
1862 1664 1919 1696 duo
1942 1669 2019 1706 inter
2039 1672 2151 1706 potanq

1273 1714 1345 1744 dum
1366 1712 1483 1745 cavillis
1498 1715 1518 1745 ᾶ
1528 1714 1657 1756 quodam
1668 1712 1771 1757 sodali
1789 1712 1841 1756 suo
1850 1720 1998 1755 proritati
2011 1738 2021 1754 ,
2047 1712 2148 1757 ipsum

1269 1770 1459 1803 peremerunt
1474 1765 1546 1803 jam
1561 1763 1658 1804 ebrii,
1680 1772 1712 1797 ut
1719 1762 1794 1807 sunt
1805 1763 1954 1796 mero-bibi
1967 1763 2058 1806 super
2070 1774 2150 1796 mor·

1272 1813 1348 1844 tales
1362 1811 1521 1855 Universos
1547 1814 1729 1858 Meffagetae.
1757 1815 1921 1855 Extemplo
1931 1812 2101 1856 Belisarius
2113 1819 2147 1846 itt

1272 1861 1340 1894 colle
1346 1862 1535 1904 percufforem
1547 1873 1705 1906 utrumque
1717 1863 1820 1906 arbore
1841 1862 1954 1905 infelici
1973 1861 2145 1905 suspendit.

1274 1911 1353 1944 Non
1368 1912 1541 1954 dumtaxat
1554 1923 1684 1958 propter
1697 1913 1916 1948 homicidium
1929 1936 1940 1953 ,
1967 1913 2020 1947 sed
2032 1914 2065 1947 ἀ
2079 1923 2151 1956 pro-

1273 1969 1340 2004 pter
1366 1962 1580 2005 ebrietatem.
1606 1965 1702 2007 Hinc
1722 1965 1756 1998 &
1778 1963 1855 2007 ipsis,
1872 1962 2085 2008 Meffagetis,
2112 1962 2148 1996 δε

1271 2010 1467 2052 quibusdam,
1476 2013 1654 2050 criminum
1667 2014 1896 2056 impunitatem
1907 2011 2122 2056 diligentibus
2135 2035 2149 2052 ,

1227 2064 1230 2067 '
1271 2061 1412 2103 ideoque
1429 2060 1470 2094 de
1493 2062 1654 2105 supplicio
1679 2061 1958 2102 murmurantibus
1984 2061 2147 2103 Romanis

1271 2109 1447 2144 Belisarius
1462 2111 1622 2155 reposuit:
1649 2117 1757 2154 Neque
1778 2116 1855 2146 enim
1866 2110 2064 2155 cuiquamfas
2085 2111 2145 2152 est,

1270 2162 1401 2193 maxime*
1412 2163 1483 2193 vero
1499 2160 1529 2202 [ἰ
1545 2162 1650 2202 Castra
1669 2161 1832 2204 sequatur,
1859 2169 1904 2195 ita
1918 2162 2084 2202 inebriari,
2110 2170 2146 2194 ut

1270 2209 1321 2245 vel
1343 2211 1520 2248 amiciffimos
1536 2212 1680 2254 jugulare
1704 2224 1763 2244 non
1785 2213 1916 2245 dubitet.
1943 2214 2036 2245 Imm&
2054 2217 2145 2246 etlam

1269 2255 1333 2300 ipsa
1343 2266 1397 2299 per
1414 2258 1448 2300 se
1460 2262 1654 2301 temulentia,
1679 2266 1818 2301 quamvis
1841 2262 1939 2293 caedes
1959 2260 2054 2302 absit,
2075 2270 2145 2303 poe-

1270 2320 1341 2340 nam
1362 2318 1508 2342 meretur.
1537 2309 1632 2349 Nihil
1652 2311 1796 2354 negligam
1810 2321 1846 2342 ex
1864 2310 1920 2343 bac
1937 2318 2028 2351 parte
2040 2335 2047 2342 .
2076 2315 2142 2343 Nec

1269 2368 1450 2400 quemquam*
1468 2359 1615 2400 vestrum,
1641 2365 1837 2402 quantumvis
1847 2358 1921 2401 bosti-
1931 2358 2143 2405 formidabilis

1270 2409 1434 2447 videatur,
1459 2411 1683 2443 commilitonem
1697 2408 1850 2454 agnoscam
1874 2421 1971 2443 meum
1983 2433 1994 2449 ,
2022 2408 2078 2451 nisi
2089 2418 2144 2452 pu-

1269 2469 1319 2490 ras
1333 2469 1441 2491 manus
1457 2465 1489 2490 in
1499 2459 1696 2501 boflemferat
1708 2484 1715 2492 .
1743 2465 1851 2502 Neque
1862 2464 1943 2494 enim
1948 2460 2017 2504 fieri
2025 2458 2119 2501 potest
2129 2483 2143 2501 ,

1269 2517 1302 2540 ut
1319 2514 1424 2540 vincat
1429 2508 1583 2550 fortitudo
1597 2533 1608 2550 ‚
1619 2505 1623 2510 ”
1633 2521 1702 2552 quae
1712 2515 1744 2542 in
1754 2511 1859 2545 eadem
1868 2509 1994 2551 nonstat
2005 2515 2066 2543 acie
2075 2520 2143 2543 cum

1261 2557 1395 2599 justitia.
1425 2559 1581 2596 Notanda
1603 2560 1721 2594 sunt&
1735 2560 1800 2594 haec
1812 2559 1878 2601 ejus
1906 2559 2024 2593 verba:
2051 2559 2144 2602 ,Quod

1263 2607 1292 2649 fi
1301 2608 1462 2641 Barbarus
1484 2610 1616 2652 aliquis,
1643 2610 1707 2643 idco
1732 2615 1803 2650 quia
1822 2610 2142 2651 propinquumoccidit

1268 2659 1390 2698 ebrius,
1416 2661 1524 2694 Dicam,
1543 2684 1553 2699 ‚
1579 2670 1648 2700 quae
1671 2658 1726 2701 ipfi
1742 2666 1920 2703 impingitur
1941 2683 1952 2699 ‚
1989 2660 2143 2694 ventalem

1269 2708 1320 2750 effe
1331 2711 1481 2741 contendit
1496 2733 1506 2749 ,
1532 2721 1561 2742 eo
1574 2708 1658 2751 ipso,
1685 2721 1741 2752 quo
1750 2717 1860 2743 crimen
1870 2710 1945 2742 dilui
1954 2708 2140 2752 adseverat,

1268 2754 1390 2801 causam
1415 2758 1502 2802 suam
1526 2762 1658 2805 pejorem
1677 2759 1781 2801 facit.
1805 2762 1851 2791 Et
1872 2760 1992 2801 quidem
2013 2761 2139 2791 merito.

1272 2810 1321 2842 Ex
1336 2815 1397 2843 noc
1413 2811 1506 2843 fonte
1525 2812 1670 2852 optimus
1687 2810 1845 2852 Princeps.
1869 2808 1976 2845 noster
1986 2819 2023 2842 ac
2036 2808 2142 2851 Impe—

1269 2868 1354 2892 rator
1381 2860 1489 2893 nosser
1510 2860 1657 2899 Carolus.
1674 2859 1719 2893 V.
1741 2857 1843 2892 haufit
1865 2860 1957 2900 suam¹
1976 2859 2144 2902 optimam,

1270 2909 1392 2952 Legem
1404 2932 1414 2947 ,
1441 2921 1508 2953 qua¹
1520 2911 1626 2943 sanxit
1638 2907 1857 2948 homicidium
1869 2921 1922 2953 per
1947 2908 2139 2943 ebrietatem

1269 2970 1337 2992 non
1367 2961 1535 2999 excusari,
1562 2960 1613 2993 sed
1641 2960 1809 3004 adgravari
1832 2983 1838 2990 .
1875 2959 2013 3002 Optima
2035 2958 2081 2992 est
2104 2958 2140 2992 δε

1270 3007 1335 3042 haec
1357 3011 1477 3053 Magni
1490 3010 1600 3043 Caroli
1626 3009 1716 3043 Lex:
1744 3014 1826 3042 Utin
1845 3009 1919 3044 hoste
1933 3020 2016 3042 nemo
2032 3017 2147 3050 parem,

1226 3070 1228 3073 ’
1262 3057 1351 3101 suum
1361 3081 1372 3097 ,
1400 3061 1451 3093 vel
1461 3060 1617 3102 quemlibet
1628 3063 1753 3093 alterum
1764 3058 1907 3092 hominem
1919 3058 2017 3091 bibere
2040 3067 2120 3102 roget
2131 3082 2141 3091 .

1268 3112 1313 3141 Et
1335 3114 1506 3151 quicumque
1525 3117 1558 3142 in
1580 3115 1708 3144 exercitu
1742 3108 1839 3142 ebrius
1860 3114 2003 3142 inventus
2018 3108 2118 3149 fuerit
2128 3133 2146 3151 ‚„

1266 3165 1310 3191 ita
1322 3154 1588 3193 excommunicetur
1597 3183 1607 3198 ,
1632 3170 1665 3193 ut
1678 3166 1710 3192 in
1722 3159 1847 3199 bibendo
1852 3157 1916 3201 sola
1927 3170 2005 3201 aqua
2016 3168 2118 3191 utatur
2126 3182 2139 3199 ,

1245 3206 1249 3227 ⁵
1264 3208 1413 3252 quousque
1423 3209 1455 3252 se
1468 3211 1544 3243 male
1559 3209 1659 3253 fecisse
1670 3207 1836 3252 cognoscat.
1863 3209 1928 3243 Pro
1950 3208 2047 3243 verbo
2060 3233 2070 3248 ,
2095 3219 2140 3242 ro-

1244 3253 1308 3303 ¹get
1323 3283 1333 3298 ,
1360 3261 1491 3294 forlitan
1518 3261 1706 3303 ponendum
1730 3259 1799 3293 est.-
1824 3269 1906 3303 cogat
1925 3284 1933 3291 .
1961 3259 2139 3298 Praesettim

1245 3345 1247 3348 Α
1265 3313 1330 3343 hoc
1343 3309 1452 3343 locum
1468 3309 1568 3351 habet⁸
1591 3310 1625 3342 in
1647 3309 1738 3342 hoste
1750 3333 1760 3349 ,
1787 3310 1867 3343 dum
1883 3310 2053 3343 Exercitus
2073 3318 2143 3341 ver-.

1244 3356 1349 3393 {satur
1373 3360 1405 3392 in
1432 3358 1542 3392 hostili
1553 3369 1632 3392 terra
1645 3370 1702 3393 aut
1727 3359 1851 3394 limite.
1882 3360 2140 3393 Hinelamenta-

1225 3409 1227 3412 ⁴
1245 3410 1247 3412 ’
1266 3420 1317 3443 tur
1335 3408 1515 3452 Jor‘nandes
1527 3421 1540 3449 ².
1564 3411 1737 3451 Praecipuus
1754 3414 1928 3443 Hunnorum
1939 3413 2004 3442 Rex
2017 3408 2114 3439 Attila
2125 3431 2141 3447 ‚

1243 3500 1246 3506 Δ
1260 3459 1485 3502 fortiffimarum
1502 3465 1640 3501 gentium
1668 3463 1818 3500 Domitor,
1844 3466 1896 3503 qui
1907 3458 2047 3492 inaudita
2066 3466 2145 3493 ante,—

1263 3509 1295 3559 [δ’
1303 3508 1441 3555 potentia
1458 3507 1538 3553 s01us
1560 3512 1578 3544 5
1580 3508 1688 3548 chitica
1700 3512 1734 3546 (π
1745 3512 1921 3545 Germanica
1932 3507 2146 3590 Regnzlpoffe«

2053 3564 2066 3590 ¹
2076 3579 2097 3601 ι.
