2366 3736
726 123 788 157 tu
810 108 1225 164 ,ΡειΑσῙΑΝΛΜ
1260 106 1561 154 HAEResrm.

231 244 422 287 Dllediffims's
446 244 607 280 Fratribus
623 245 768 281 Veneno,
795 242 914 274 Marino
926 264 937 280 ,
965 240 1106 280 Leontio,

328 300 481 337 auxonio,
509 297 653 333 Arcadio,
678 291 815 331 sillucio,
842 294 876 326 (tr
893 295 1010 325 caeterts

497 347 668 381 Galliarum
691 340 849 385 Eplsropis

569 393 771 428 Celcstinus.

321 494 481 531 Postolici
493 494 588 528 ‘verba
601 492 747 537 praecepti
760 493 834 527 sunt
846 516 857 533 ,
883 491 968 536 apud
982 489 1108 535 Judaeos

345 557 441 590 atque
452 544 603 578 Gentiles
614 545 680 578 sine
701 543 878 580 offensione
898 554 957 578 nos
978 544 1040 578 esse
1051 542 1107 575 de-

228 599 303 633 bere
315 622 323 630 .
349 597 428 630 Hoc
440 595 586 639 quisquis
607 593 811 630 Christianus
822 592 868 628 est
880 617 891 634 ,
918 601 988 627 tota
1004 590 1108 627 animi

226 649 347 682 virtute
368 645 529 680 custodit.
556 644 659 692 Qod
673 645 749 679 cum
760 645 805 678 ita
826 643 886 683 sit,
913 655 981 678 non
995 645 1109 686 parum

226 695 361 742 periculi
375 695 424 730 illi
436 706 565 730 manere
577 695 696 739 poterit
707 702 782 737 ante
804 694 914 728 Deum
927 718 937 734 ,
963 693 1021 736 qui
1044 691 1108 726 hoc

225 746 378 781 detrectat
390 746 489 781 etiam
503 744 817 783 fidelibusexhibere
828 769 835 776 .
864 743 954 777 Nam
967 742 1108 785 qualiter

225 807 288 832 nos
301 820 313 837 ,
336 797 393 840 qui
414 797 578 831 neminem
591 796 692 839 perire
712 795 885 834 volumus,
913 793 972 827 ista
988 793 1110 826 contri-

223 847 331 887 sscnt,
358 858 429 890 quae
446 845 628 881 auctoribus
637 843 831 879 Christianis
850 843 1031 887 percellunt
1041 843 1109 876 ani.

226 907 299 930 mos
311 895 516 932 Christianos
527 921 538 936 ‚
552 894 750 930 Dominicus
762 895 796 927 in
810 894 995 939 Evangelio
1007 894 1109 936 sermo

225 947 376 981 testatur.
404 947 464 980 Ait
475 948 563 979 enim
575 945 639 988 ipse
650 944 818 985 Salvator,
844 944 935 988 quod
957 942 1107 986 expediat

227 995 458 1030 scandalizanti
471 1006 573 1028 unum
585 994 626 1028 de
638 995 777 1037 pusillis,
803 995 839 1027 in
860 995 956 1029 matis
978 995 1108 1038 profun-

225 1044 303 1079 dum
315 1045 480 1089 demergi.
506 1045 585 1079 Ideo
596 1056 664 1088 qua:
677 1046 711 1077 fit
723 1045 787 1088 jam
799 1043 867 1086 ejus
879 1056 976 1088 poena
993 1054 1110 1088 quaera-

226 1106 320 1136 mus,
346 1096 402 1129 cui
423 1095 486 1129 tale
509 1095 704 1139 supplicium
724 1094 865 1140 legimus
886 1095 1058 1139 expedire.

373 1193 886 1234 CAPITULUM
935 1195 961 1230 1.

298 1293 349 1328 llii
378 1294 481 1330 nostri
508 1296 676 1338 praesentes
702 1294 841 1339 Prosper
866 1296 900 1330 δε
926 1294 1075 1329 Hilarius
1098 1316 1109 1333 ,

320 1356 459 1389 quorum
472 1345 558 1379 circa
571 1347 681 1380 Deum
695 1344 840 1379 nostrum
853 1345 1031 1379 solicitudo
1045 1344 1109 1380 lau·

225 1393 332 1429 danda
344 1395 388 1429 est
402 1420 413 1436 ,
441 1405 570 1429 tantum
578 1396 690 1429 nescio
698 1394 816 1438 quibus
829 1394 1030 1437 presbyteris
1042 1393 1109 1426 illic

225 1443 343 1486 licere,
356 1446 411 1488 qui
422 1443 607 1478 dissensioni
623 1444 840 1477 Ecclesiarum
855 1444 1004 1477 studeant
1015 1466 1026 1482 ,
1036 1443 1109 1476 sunt

224 1494 312 1537 apud
325 1506 385 1528 nos
396 1493 554 1537 prosecuti
568 1517 579 1533 ,
604 1503 641 1527 ut
650 1493 908 1536 indisciplinatas
920 1492 1110 1534 quaestiones

224 1554 381 1578 vocantes
391 1545 426 1578 in
438 1543 587 1577 medium
597 1568 607 1584 ,
629 1543 835 1586 pertinaciter
843 1554 899 1577 eos
910 1542 1023 1577 dicant
1036 1554 1109 1586 prae·

223 1592 333 1627 dicare
344 1594 546 1627 adversantia
559 1593 705 1627 veritati.
731 1592 792 1627 Sed
807 1593 914 1627 vesttae
925 1593 1108 1627 Dilestioni

222 1642 336 1687 justius
350 1646 549 1687 imputamus
562 1667 572 1684 ,
599 1642 731 1687 quando
743 1643 791 1676 illi
804 1644 896 1686 supra
916 1654 975 1677 vos
986 1642 1109 1678 habent

224 1694 355 1736 copiam
378 1693 566 1736 disputandi
590 1718 598 1726 .
624 1693 783 1738 Legimus
805 1694 897 1737 super
916 1692 1107 1738 magistrum

223 1753 294 1776 non
316 1744 379 1777 esse
397 1743 594 1788 discipulum
608 1767 619 1783 ‚
645 1743 709 1777 hoc
728 1743 795 1784 est,
823 1754 891 1777 non
915 1743 970 1778 sibi
991 1743 1108 1778 debere

222 1803 418 1837 quemquam
442 1793 483 1827 ad
504 1793 656 1836 injuriam
669 1793 854 1827 Doctorum
868 1794 1039 1827 vendicare
1050 1793 1106 1826 do·

222 1843 357 1879 {trinam
369 1868 376 1875 .
403 1842 494 1877 Nam
507 1843 543 1877 ἃ
555 1842 616 1876 hos
627 1844 712 1886 ipsos
731 1842 749 1875 a
773 1843 848 1877 Deo
860 1843 973 1877 nostro
988 1842 1107 1886 positos

222 1892 377 1927 novimus
387 1892 429 1926 ad
440 1891 629 1926 docendum
640 1917 652 1934 ,
678 1902 753 1927 cum
765 1892 801 1926 fit
816 1893 949 1926 dicente
965 1892 1106 1936 Aposto-

223 1941 260 1977 lo
276 1942 323 1975 eis
342 1942 455 1976 tertius
476 1942 570 1976 locus
590 1942 674 1976 intra
686 1942 860 1975 Ecclesiam
877 1941 1088 1984 'deputandus
1101 1966 1108 1972 .

222 1991 316 2037 Qid
326 1991 393 2025 illic
406 1991 472 2031 spei
484 1990 530 2024 est
539 2015 550 2031 ,
575 1990 633 2023 ubi
645 1991 806 2041 magistris
817 1990 1001 2024 tacentibus
1013 1988 1048 2023 hi
1061 1991 1106 2023 lo-

223 2051 370 2083 quuntur
380 2065 390 2081 ,
417 2041 473 2085 qui
484 2040 507 2073 st
520 2040 565 2074 ita
576 2040 621 2073 est
633 2064 643 2080 ‚
669 2051 785 2073 eorum
797 2040 948 2083 discipuli
959 2051 1025 2074 non
1040 2041 1106 2074 fue-

223 2092 324 2125 runt?
348 2091 475 2127 Timeo
487 2101 527 2125 ne
554 2090 731 2123 connivere
757 2090 793 2123 sit
820 2089 884 2124 hoc
896 2100 1002 2124 tacere
1012 2115 1019 2122 .
1047 2090 1107 2124 Ti-

223 2152 299 2175 meo
312 2153 351 2175 ne
366 2140 471 2185 magis
482 2140 536 2183 ipsi
548 2139 745 2182 loquantur,
768 2140 824 2182 qui
838 2140 1029 2182 permittunt
1043 2140 1109 2172 illis

223 2192 331 2226 taliter
342 2192 433 2234 loqui
446 2214 454 2222 .
480 2191 518 2225 ln
532 2188 651 2223 talibus
663 2189 765 2223 causis
778 2199 846 2224 non
858 2198 945 2222 caret
957 2188 1108 2232 suspicio·

222 2251 265 2275 ne
280 2239 486 2274 taciturnitas
498 2263 508 2279 ‚
535 2237 613 2281 quia
623 2248 806 2272 occurreret
828 2239 964 2278 veritas,
991 2239 1013 2271 fi
1027 2238 1106 2272 falsi-

221 2299 270 2323 tas
282 2289 465 2333 displiceret
477 2312 484 2319 .
512 2286 640 2320 Merito
668 2298 808 2332 namque
834 2289 930 2323 causa
943 2299 1004 2322 nos
1015 2288 1107 2332 respi-

223 2339 290 2381 cit,
316 2340 338 2372 fi
365 2337 492 2372 silentio
511 2338 675 2371 faveamus
687 2337 805 2371 errori.
833 2338 925 2383 Ergo
936 2338 1109 2382 corripian-

224 2399 278 2423 tur
289 2388 492 2432 hujusmodi.
521 2387 600 2421 Non
629 2384 668 2420 sit
695 2387 747 2420 his
760 2387 897 2422 liberum
924 2387 1042 2422 habere
1051 2399 1110 2432 pro

226 2439 397 2472 voluntate
408 2439 589 2472 sermonem
603 2462 610 2469 .
638 2436 794 2479 Desinat,
822 2437 845 2471 st
870 2439 915 2472 ita
936 2449 984 2472 res
1015 2439 1111 2478 sunt,

225 2488 378 2522 incessere
391 2487 519 2521 novitas
530 2487 716 2521 vetustatem
728 2511 740 2528 ,
765 2486 886 2523 desinat
896 2488 1108 2522 Ecclefiarum

226 2538 372 2581 quietem
384 2536 578 2580 inquietudo
589 2535 716 2569 turbare
727 2561 734 2568 .
762 2538 938 2571 Conantur
948 2538 1024 2581 saepe
1034 2550 1097 2572 nau

226 2587 332 2631 fragio
344 2597 487 2632 mergere
499 2610 510 2625 ,
536 2596 618 2628 quos
631 2587 714 2619 intra
726 2597 857 2629 portum
870 2587 988 2621 stantes
1011 2588 1108 2621 statio

225 2638 305 2672 facit
330 2636 395 2671 fida
422 2638 550 2669 securos
561 2658 569 2668 .
595 2635 674 2669 Fida
688 2636 809 2679 quippe
819 2637 863 2670 est
887 2637 1039 2671 omnium
1051 2638 1108 2673 sta-

225 2688 276 2722 tio
286 2711 297 2728 ,
324 2697 463 2730 quorum
477 2686 622 2729 per-festis
633 2684 788 2730 gressibus
801 2686 935 2731 vestigia
958 2698 1026 2721 non
1039 2699 1105 2722 mo-

224 2747 342 2771 ventur
352 2761 359 2768 .
388 2736 604 2769 Recurrerunt
615 2738 653 2768 ad
668 2736 895 2778 Apostolicam
904 2736 1041 2779 praedisti
1056 2738 1108 2771 Se-

224 2788 317 2826 dem,
344 2785 410 2820 haec
422 2787 489 2829 ipsa
500 2785 597 2819 nobis
611 2796 680 2828 quae
690 2796 795 2820 tentat
808 2787 1008 2829 perturbatio
1027 2799 1104 2820 con-

225 2847 393 2880 querentes
409 2860 418 2869 .
445 2835 614 2870 Habetote
624 2859 634 2875 ,
662 2836 787 2870 Fratres
813 2835 987 2870 charissimi
1007 2862 1016 2876 ,
1044 2849 1103 2881 pro

225 2885 407 2921 Catholicae
426 2885 530 2928 plebis
557 2897 634 2928 pace
645 2888 815 2920 tractatum
828 2911 835 2918 .
865 2887 975 2920 Sciant
1003 2889 1053 2927 se,
1081 2888 1101 2920 si

224 2944 330 2970 tamen
352 2937 544 2970 censeantur
566 2935 762 2979 presbyterii
785 2936 947 2981 dignitate
967 2963 978 2978 ,
1015 2937 1106 2972 vobis

226 2987 288 3020 effe
311 2986 483 3029 subjectos.
511 2985 622 3021 Sciant
642 2997 758 3021 omnes
780 2987 836 3031 qui
857 2987 941 3021 male
963 2988 1107 3027 docent,

204 3048 211 3055 ·
226 3036 313 3078 quod
326 3036 379 3070 fibi
393 3035 513 3072 discere
523 3036 627 3080 magis
640 3049 677 3070 ac
691 3038 794 3081 magis
805 3048 972 3081 competat
984 3062 994 3077 ‚
1007 3048 1104 3080 quarn

227 3084 342 3118 docere
356 3111 364 3119 .
391 3087 480 3120 Nam
496 3088 575 3130 quid
603 3088 635 3120 in
648 3087 795 3120 Ecclesiis
807 3098 865 3120 vos
875 3088 972 3131 agitis
985 3112 994 3125 ,
1021 3088 1042 3120 fi
1057 3088 1105 3122 illi

227 3136 384 3168 summam
395 3146 527 3170 teneant
539 3137 735 3181 predicandi
748 3139 760 3171 ?
785 3138 855 3172 Nisi
864 3137 947 3171 forte
959 3137 1040 3170 illud
1051 3136 1107 3170 ob-

226 3184 332 3224 sistat,
358 3186 445 3225 quod
464 3198 530 3220 non
543 3189 730 3221 austeritate
741 3212 751 3227 ‚
780 3199 847 3221 non
861 3187 967 3222 adhuc
981 3189 1107 3222 ratione

223 3235 393 3278 colligitur
406 3257 415 3272 ,
441 3246 476 3269 ut
502 3237 602 3280 aliqui
616 3238 632 3270 ὲ
643 3238 792 3272 Fratrum
819 3250 957 3271 numero
969 3262 978 3277 ,
1007 3249 1108 3281 nuper

225 3285 266 3318 de
288 3286 463 3318 Laicorum
484 3288 651 3321 consortio
676 3289 707 3320 in
736 3287 929 3330 Collegium
959 3290 1108 3322 nostrum

226 3336 355 3369 fortasse
367 3333 492 3368 adrniffi
506 3360 516 3375 ,
527 3337 670 3370 nesciant
682 3338 761 3381 quid
777 3337 831 3371 fibi
845 3336 985 3372 debeant
999 3338 1109 3372 vendi-

224 3396 316 3419 care.
345 3385 446 3427 Super
464 3384 513 3417 his
526 3385 700 3429 multajam
718 3389 799 3421 dista
814 3390 937 3422 sunteo
953 3398 1107 3431 tempore,

222 3445 287 3479 quo
307 3435 347 3471 ad
363 3435 482 3471 Fratris
504 3434 645 3472 Tuentis
658 3436 807 3472 dedimus
830 3438 954 3482 Scripta
966 3439 1119 3483 Respon·'

1172 191 1262 224 sum.
1290 190 1390 225 Nunc
1401 202 1509 226 tamen
1526 199 1703 237 repetentes
1715 190 1826 237 saepius
1840 190 2052 229 admonemus

1172 252 1208 275 ut
1237 241 1379 276 vitentur
1406 241 1592 284 hujusmodi
1606 269 1618 284 ,
1643 244 1699 288 qui
1713 243 1860 278 laborant
1889 253 1943 287 per
1958 255 2054 279 terras

1174 291 1263 325 aliud
1278 316 1288 331 ,
1315 303 1413 333 quam
1429 291 1483 324 ille
1494 295 1693 336 nosterjuffit
1712 293 1890 339 Agricola,
1916 295 2054 327 semina·

1172 353 1206 375 re
1218 367 1225 374 .
1252 341 1324 377 Nec
1333 353 1443 375 tamen
1457 343 1562 375 mitari
1576 346 1738 386 poffumus
1751 369 1761 384 ,
1787 344 1808 376 st
1824 340 1891 377 haec
1912 354 1987 388 erga
2009 344 2054 376 vi-

1175 401 1285 426 ventes
1297 392 1331 425 hi
1345 402 1431 425 nunc
1442 401 1566 427 tentare
1578 394 1696 427 audent
1708 394 1781 438 ,qui
1794 394 1946 428 nituntur
1953 394 2055 428 etiam

1173 442 1422 487 quiescientium
1434 443 1568 476 fratrum
1579 445 1770 478 memoriam
1782 443 1932 488 diffipare
1942 467 1952 477 .

1307 540 1817 577 CAPITULUM
1867 543 1917 577 11.

1268 641 1478 686 Ugustinum
1488 642 1599 676 sanstae
1610 641 1844 676 recordationis
1864 642 1969 676 virum
1996 653 2055 685 pro

1294 694 1359 727 vita
1372 694 1426 727 sua
1437 702 1533 736 atque
1546 692 1672 726 meritis
1685 692 1718 724 in
1732 693 1800 726 nos}
1807 704 1839 725 ra
1851 693 2058 726 communio-

1176 754 1216 776 ne
1229 743 1351 786 semper
1361 740 1556 782 habuimus‚
1581 753 1643 776 nec
1656 753 1800 785 unquam
1823 739 1911 775 hunc
1931 741 2057 775 finistrae

1177 791 1366 835 suspicionis
1378 793 1490 827 saltem
1512 803 1623 827 rumor
1644 790 1791 835 adspersit
1804 815 1815 831 ,
1843 802 1940 834 quem
1960 802 2057 826 tantas

1175 842 1314 876 scientias
1337 842 1420 876 olim
1443 843 1535 876 fuiffe
1555 842 1785 881 meminimus,
1811 843 1944 875 utinter
1955 842 2060 885 magi-

1175 893 1254 926 stros
1265 892 1412 936 optimos
1421 893 1519 929 etiam
1528 903 1605 927 ante
1615 892 1632 927 ὲ
1642 893 1722 926 meis
1732 889 1948 929 decessoribus
1961 891 2058 925 habe-

1174 953 1262 977 retur
1275 969 1282 976 .
1310 943 1400 976 Bene
1410 954 1491 987 ergo
1501 943 1715 976 deeoomnes
1730 945 1763 975 in
1786 952 1963 975 commune
1991 942 2060 973 sen-

1177 994 1309 1035 serunt;
1331 991 1446 1036 utpote
1460 994 1516 1037 qui
1529 992 1650 1036 ubique
1658 992 1823 1026 cunetis&
1836 991 1940 1025 amori
1951 991 2059 1028 fuerit,

1174 1043 1207 1077 &
1234 1042 1374 1078 honori.
1404 1043 1511 1079 Unde
1533 1043 1692 1076 'resistatur
1718 1041 1857 1082 talibus,
1885 1051 1965 1084 quos
1977 1040 2064 1073 male

1175 1094 1314 1127 crescere
1342 1093 1509 1127 videmus.
1536 1093 1635 1126 Nefas
1660 1092 1704 1126 est
1732 1092 1797 1126 haec
1810 1092 1875 1135 pati
1895 1090 2060 1135 religiosas

1176 1143 1304 1177 animas
1318 1167 1329 1183 ,
1356 1154 1491 1186 quarum
1518 1142 1696 1179 afflictione
1709 1168 1720 1183 ‚
1746 1143 1821 1185 quia
1832 1141 1976 1176 membra
2002 1151 2062 1174 no-

1176 1194 1235 1226 stra
1247 1194 1341 1233 sunt,
1355 1204 1416 1228 nos
1427 1203 1560 1237 quoque
1569 1193 1728 1228 convenit
1739 1192 1892 1226 macerari
1908 1203 1914 1223 ε
1935 1191 2063 1237 Qam·

1178 1244 1224 1277 vis
1249 1254 1380 1277 maneat
1394 1243 1455 1277 hos
1483 1242 1651 1278 beatitudo
1662 1243 1812 1286 promiffa
1825 1265 1836 1281 ,
1861 1242 2061 1285 quicumque

1177 1293 1355 1336 probantur
1376 1293 1637 1336 persecutionem
1659 1287 1791 1336 propter
1800 1291 1956 1334 justitiam
1972 1290 2061 1323 susti·-

1176 1354 1269 1376 nere.
1295 1341 1427 1391 Qibus
1441 1341 1520 1384 quid
1544 1343 1713 1384 promittat
1737 1340 1906 1380 Dominus
1921 1341 1953 1372 in
1973 1340 2062 1372 futu-

1175 1403 1244 1426 rum
1254 1415 1265 1431 ,
1292 1394 1426 1436 sequens
1440 1391 1541 1425 sermo
1551 1389 1692 1424 declarat
1704 1414 1711 1422 .
1742 1390 1822 1423 Non
1836 1389 1879 1423 est
1892 1388 2064 1433 agentium

1176 1443 1270 1477 causa
1281 1443 1427 1476 solorum
1442 1466 1451 1482 ‚
1479 1441 1612 1485 quando
1623 1440 1811 1485 universalis
1825 1439 1963 1473 Ecclesia
1988 1449 2065 1481 qua-

1173 1503 1317 1535 cumque
1330 1491 1479 1526 novitate
1492 1491 1634 1534 pulsatur
1648 1515 1654 1522 .
1682 1490 1907 1534 intelligamus
1918 1487 1986 1524 haec
1998 1489 2065 1531 ipsa.

1177 1543 1270 1576 vobis
1284 1566 1295 1582 ,
1322 1554 1393 1586 quae
1404 1541 1500 1575 nobis
1510 1552 1578 1575 non
1592 1540 1721 1584 placent
1732 1565 1742 1580 ‚
1758 1540 1928 1583 displicere
1939 1563 1946 1571 .
1960 1537 2066 1585 Qod

1175 1593 1219 1626 ita
1232 1593 1366 1626 demum
1381 1591 1513 1634 probare
1525 1591 1704 1634 poterimus
1717 1614 1728 1630 ,
1749 1591 1770 1623 si
1785 1590 1938 1632 imposito
1949 1590 2067 1632 impro-

1175 1642 1225 1677 bis
1239 1644 1368 1676 silentio
1379 1641 1421 1675 de
1438 1641 1495 1675 tali
1511 1653 1542 1675 re
1554 1640 1763 1684 imposterum
1785 1640 1912 1684 querela
1935 1639 2070 1672 cessave-

1175 1694 1236 1727 rit.
1267 1691 1630 1727 Dominusincolumes
1650 1701 1708 1725 vos
1730 1689 1914 1730 custodiat,
1939 1689 2067 1722 Fratres

1174 1741 1364 1777 chatiffimi.

1173 1843 1350 1877 Sanfflorum
1379 1840 1519 1885 Prosper}
1545 1852 1580 1874 ac
1605 1842 1718 1874 Hilarii
1739 1848 1795 1883 per
1822 1838 1960 1882 celestini
1987 1841 2063 1884 Epis

1370 1891 1480 1934 stolam
1504 1891 1680 1934 confirmata
1694 1891 1841 1934 capitula
1852 1915 1860 1923 .
2070 1898 2072 1900 ’

1272 1991 1402 2027 Uaestio
1422 1992 1469 2025 est
1483 2015 1494 2031 ‚
1519 1989 1576 2025 An
1605 1990 1758 2025 undecim
1768 2016 1780 2033 ,
1807 2002 1878 2036 quae
1904 1990 2062 2026 Celestini

1298 2041 1454 2085 Epistolae
1475 2041 1600 2076 adnecti
1629 2042 1739 2084 paffim
1753 2041 1856 2075 solent
1870 2066 1880 2082 ,
1907 2042 2063 2085 Capitula

1176 2092 1234 2125 sint
1246 2092 1345 2126 etiam
1358 2092 1541 2127 Celestini?
1567 2090 1682 2126 Petrus
1695 2092 1864 2126 Diaconus
1876 2116 1887 2132 ‚
1912 2093 2063 2126 Orienta-

1176 2141 1217 2174 lis
1229 2140 1379 2178 Ecclesiae
1390 2141 1429 2174 ad
1440 2140 1666 2184 Apostolicam
1679 2140 1793 2182 Sedetn
1812 2143 1956 2185 Legatus
1978 2141 2011 2174 in
2025 2141 2064 2174 li-

1178 2189 1265 2223 bello
1290 2189 1332 2224 de
1358 2191 1471 2224 Gratia
1494 2191 1528 2225 δε
1555 2190 1782 2225 incarnatione
1793 2216 1803 2231 ,
1831 2202 1928 2234 quem
1954 2191 2064 2225 sandio

1177 2239 1381 2284 Fulgentio,
1406 2241 1439 2274 δε
1459 2239 1533 2273 aliis
1557 2239 1712 2273 Afrorum
1742 2240 1911 2283 Episcopis
1921 2239 2062 2282 obtulit,

1178 2289 1285 2323 lucide
1293 2290 1442 2323 adfirmat
1457 2315 1464 2323 .
1478 2288 1623 2324 Adducit
1637 2292 1721 2323 varia
1735 2290 1960 2324 Romanorum
1974 2290 2063 2324 Pon·

1178 2340 1305 2387 tificum
1317 2341 1478 2380 Decreta,
1505 2340 1539 2374 &
1560 2340 1687 2385 pergit:
1716 2345 1769 2372 His
1790 2341 1912 2383 congrue
1933 2340 2063 2378 Beatissi-

1179 2401 1246 2422 mus
1257 2390 1419 2430 celestinus
1432 2395 1464 2423 in
1475 2389 1611 2431 Epistola
1621 2392 1666 2423 ad
1675 2391 1779 2423 Gallos
1792 2392 1867 2422 data
1879 2414 1885 2420 .
1913 2389 2062 2423 Adducit

1177 2440 1328 2474 ostavum
1340 2441 1374 2474 ὅ(
1386 2451 1515 2473 nonum
1528 2440 1739 2482 Capitulum.
1771 2439 1922 2481 Ejusdem
1937 2439 2062 2473 senten·

1177 2490 1230 2523 tiae
1238 2489 1301 2523 fuit
1314 2490 1347 2523 in
1362 2489 1446 2523 libro
1457 2489 1605 2522 adversus
1618 2489 1778 2531 Joannem
1792 2488 1967 2532 Erigenam
1989 2489 2063 2523 Flo·

1178 2551 1230 2573 rus
1252 2539 1401 2573 Ecclefiae
1428 2537 1654 2582 Lugdunenfis
1682 2538 1856 2572 Diaconus
1867 2563 1877 2578 ,
1903 2539 1970 2581 ejus
1982 2538 2060 2574 item

1180 2590 1359 2633 Episcopus
1372 2589 1506 2621 Sanctus
1517 2589 1690 2632 Remigius
1702 2589 1734 2622 in
1748 2588 1832 2622 libro
1842 2588 1883 2621 de
1906 2589 2006 2623 tribus
2020 2590 2059 2623 E-

1175 2640 1304 2682 pistolis
1315 2664 1324 2679 ‚
1336 2639 1368 2672 &
1380 2637 1412 2670 in
1422 2637 1506 2671 libro
1518 2638 1559 2671 de
1574 2637 1714 2673 tenenda
1728 2639 1819 2671 sacrae
1830 2638 1997 2682 Scripturae
2008 2650 2058 2673 ve-

1175 2690 1288 2722 ritate:
1315 2688 1518 2721 Hincmarus
1543 2687 1621 2721 item
1647 2687 1817 2722 Remensis
1838 2688 2057 2731 Metropolita

1172 2737 1373 2772 dostiffimus
1385 2762 1398 2779 ‚
1424 2738 1610 2781 Cardinalis
1635 2738 1850 2778 Cresconius,
1878 2740 1910 2772 δε
1922 2740 2056 2773 Sanetus

1173 2789 1230 2821 lvo
1245 2787 1424 2831 Episcopus
1435 2787 1662 2822 Carnutensis.
1693 2789 1734 2822 Et
1746 2787 1957 2831 antiquissimi
1969 2788 2058 2822 codi-

1171 2850 1222 2871 ces
1237 2837 1392 2872 Celestini
1406 2837 1586 2881 Epistolam
1599 2863 1609 2879 ,
1620 2838 1652 2871 &
1663 2836 1728 2871 haec
1742 2838 1895 2882 Capitula
1905 2838 1938 2872 in
1952 2848 2055 2874 unum

1170 2888 1317 2922 libellum
1331 2887 1441 2932 paffim
1453 2888 1597 2932 jungunt
1610 2912 1617 2919 .
2059 2921 2061 2923 .

1221 2938 1347 2972 Verum
1360 2937 1454 2972 verba
1466 2963 1476 2979 ,
1504 2936 1569 2971 haec
1583 2936 1752 2980 Epistolae,
1780 2940 1926 2973 Dominus
1949 2939 2056 2974 incolu-

1168 3000 1232 3022 mes
1244 2999 1298 3020 vos
1308 2987 1449 3028 custodiat
1459 3012 1468 3027 ,
1498 2993 1626 3021 Fratres
1638 2986 1788 3027 chartfflmi
1798 3013 1810 3029 ,
1836 2988 1927 3023 aliud
1939 2990 2053 3023 omni-

1174 3038 1217 3072 τιὸ
1228 3039 1382 3072 edicunt.
1409 3039 1491 3072 Sunt
1513 3037 1641 3071 lucidus
1657 3037 1808 3080 Epistolae
1829 3039 1921 3072 finis:
1953 3038 2050 3073 Plura

1172 3088 1252 3122 istud
1266 3087 1369 3132 ipsum
1381 3087 1536 3122 omnibus
1550 3086 1695 3121 Eruditis
1706 3087 1768 3130 jam
1790 3088 1913 3131 pridem
1928 3091 2052 3132 persua-

1173 3140 1256 3172 sere.
1287 3139 1328 3172 Et
1341 3138 1419 3172 hinc
1430 3138 1507 3171 recte
1520 3138 1551 3170 in
1568 3136 1756 3171 Annalibus
1772 3138 1881 3173 scribit
1895 3139 2051 3173 Cardina-

1171 3188 1211 3222 lis
1237 3188 1396 3222 Batonius
1411 3202 1417 3220 :
1447 3190 1599 3220 Putamur
1625 3187 1678 3227 ista
1699 3191 1814 3230 Capita
1823 3190 1873 3233 effe
1897 3187 2050 3230 Prosperi,

1172 3243 1223 3280 qui
1235 3263 1246 3279 ,
1271 3249 1304 3271 ut
1312 3238 1444 3280 profiteri
1458 3239 1596 3277 videtur,
1626 3249 1661 3270 ea
1676 3240 1787 3282 collegit
1798 3252 1835 3271 ex
1848 3242 1974 3270 Decretis
1996 3240 2053 3269 Ro-

1171 3300 1325 3322 manorum
1341 3287 1512 3327 Pontificum
1523 3313 1533 3328 ‚
1556 3287 1699 3330 simulque
1727 3292 1865 3321 conciliis
1880 3289 2030 3329 Africanis
2042 3311 2050 3319 .

1171 3340 1316 3387 Qidam
1333 3339 1519 3371 existimant
1531 3349 1569 3371 ea
1584 3337 1696 3372 libello
1712 3364 1721 3378 ,
1750 3350 1844 3381 quem
1869 3338 1941 3372 Sodi
1960 3338 2053 3376 Atio·

1174 3389 1294 3423 stolicae
1305 3388 1495 3422 obtulerunt
1507 3386 1642 3431 Prosper
1652 3390 1683 3422 ὅ(
1705 3389 1867 3426 Hilarius,
1897 3388 1988 3420 fuisse
2001 3386 2058 3420 ad-

1175 3451 1257 3475 nexa
1270 3463 1282 3480 ,
1300 3437 1341 3473 ab
1360 3437 1425 3472 illis
1438 3438 1644 3483 impetratam
1656 3438 1748 3473 istam
1761 3437 1915 3472 Celestini
1933 3435 2061 3479 Episto-

1924 3487 1988 3521 lam
1998 3512 2008 3528 ,
