2366 3736
486 98 572 147 Dr.
607 100 1047 147 Cotti-numne
1083 108 1146 140 ET
1181 95 1589 140 Ari-atrimae,

228 189 335 220 cctam
352 181 544 218 charitatem
562 185 628 218 esse
655 184 830 229 perfectam
854 177 1009 224 justitiam
1034 177 1095 212 ad-

212 236 321 269 firmat
343 233 440 268 etiarn
466 235 499 268 in
522 234 608 269 libro
627 234 668 268 de
688 240 801 267 natura·
823 232 856 264 ὅ(
879 228 982 273 gratia
997 228 1094 268 ‚item

213 286 394 327 frequenter
417 284 489 318 aliis
507 286 541 319 in
570 284 661 318 libris
679 280 850 316 adversum
876 277 1073 323 Pelagianos
1088 303 1095 310 .

43 331 125 376 ΟΡ·
143 338 199 378 70·
215 332 377 370 Eamdem
389 335 451 369 effe
463 334 719 372 dicitaaudatam
732 332 750 364 a
763 331 880 365 Sansto
892 329 998 362 Petro
1011 327 1096 371 Apo·

51 988 195 1025 Perfe&a

54 1038 189 1075 Contri-

56 1091 126 1130 tio‚
150 1097 188 1122 ut

54 1139 165 1186 justifi-

52 1200 124 1230 cet,
146 1197 190 1221 re·

57 1238 164 1283 quirit

61 1290 168 1325 Sacra·

62 1337 169 1374 menti

58 1397 178 1423 votnm

62 1438 103 1473 L.
127 1437 163 1473 6.

60 1497 90 1528 t·
106 1497 163 1534 25·

75 2108 112 2143 L.
137 2115 168 2152 4.

77 2170 110 2192 c.
133 2166 186 2204 23,

92 3031 234 3070 Gontri?

94 3086 144 3120 tio
164 3086 228 3118 im-

93 3135 232 3179 perfecta

94 3185 159 3218 line
183 3186 237 3219 Sa-

92 3244 233 3268 eramen·

96 3293 131 3317 to
145 3295 244 3327 quan-

97 3332 205 3374 doque

97 3381 208 3426 justifi-
250 3383 253 3386 ·

98 3440 150 3468 eat
161 3455 172 3479 ·,

218 384 307 420 flolo
331 385 438 418 bonam
462 384 680 429 conscientiam,
707 383 741 415 (β’
761 379 845 424 spem
870 386 902 412 in
927 381 1044 418 Deum,
1064 377 1098 411 id

216 435 262 470 est
297 447 306 477 ς
333 436 565 470 conscientiam
594 431 634 466 ab
659 432 750 465 omni
779 439 983 475 peccatorum
1010 437 1098 462 reatu

222 484 358 521 liberam
380 510 391 526 ‚
414 497 483 529 quae
504 495 579 518 cum
605 482 722 516 fiducia
746 483 888 525 expediet
909 479 926 512 a
947 478 1100 511 Domino

223 535 324 569 vitam
348 545 509 570 aeternam.
538 534 588 566 Ex
614 532 730 567 eodem
757 531 919 576 principio
945 528 1103 562 Domini-

223 585 506 623 enumerationem,
535 594 600 615 non
628 583 645 616 a
672 579 926 616 Catechumenis
938 590 994 613 aut
1005 579 1103 613 Com·

222 633 420 679 petentibus,
447 633 501 667 sed
526 633 544 667 a
572 634 648 667 solis
662 635 726 667 iam
741 644 796 676 per
817 632 955 665 sannam
970 630 1103 673 Aquam

222 682 416 728 regeneratis
427 683 493 717 dici
510 683 652 726 permisit
665 682 797 726 antiqua
811 679 952 715 Ecclesia
963 704 971 712 .
1000 677 1104 725 Qud

224 744 341 776 nempe
367 733 543 772 articulus,
572 735 725 767 adveniat
751 743 870 776 regnum
894 738 997 769 tuum,
1025 731 1106 761 sum-

228 794 322 817 mum
343 783 664 827 perfenaecharitatis
690 794 816 820 votum,
843 781 947 815 secure
960 778 1023 813 dici
1039 788 1105 811 non

225 833 343 877 possit,
371 834 428 867 nifi
455 833 473 867 a
504 834 647 867 Donatis
673 832 856 866 temiffione
883 837 1109 873 peccatorum-

226 885 270 918 Et
298 883 376 918 hinc
404 883 559 917 articulos
587 884 692 916 varios
711 906 722 922 ,
755 883 813 925 qui
840 879 1011 924 perfefiam
1037 877 1108 911 cha>

228 935 359 969 ritatem
386 934 438 967 seu
465 933 711 967 Contritionem
738 932 803 965 fine
829 940 1037 975 peccatorum
1065 939 1110 960 re·

229 983 379 1018 missione
399 1007 412 1023 ‚
449 984 505 1016 seu
532 993 608 1015 curn
636 991 844 1025 peccatorum
870 991 960 1014 reatu
996 979 1112 1012 adsere-

229 1035 307 1068 bant
334 1033 422 1075 posse
447 1031 632 1071 confistere,
658 1031 788 1075 optimo
814 1032 882 1074 jure
909 1030 993 1063 Pius
1021 1029 1113 1072 quin-

235 1093 284 1117 tus
295 1080 452 1116 Pontifex
463 1080 645 1121 damnavit,
663 1081 821 1122 abolevit,
849 1078 1092 1121 circumscripsit
1102 1100 1109 1108 .

278 1130 379 1166 Refflt
399 1129 476 1165 vero
508 1133 709 1166 sacrosansta
734 1130 935 1165 Tridentina
962 1129 1115 1171 Synodus

230 1182 322 1217 addit
344 1195 352 1215 t
378 1180 481 1224 Ipsam
505 1181 695 1214 nibilominus
709 1183 971 1215 reconciliationem
982 1178 1036 1221 ipſs
1042 1182 1117 1210 Con·

233 1237 345 1267 trition}
362 1230 422 1272 fine
445 1233 626 1265 sacramenti
653 1242 743 1273 voto,
766 1233 846 1274 quod
866 1238 899 1264 in
923 1231 976 1263 illa
995 1228 1117 1261 includi-

234 1292 307 1321 tur,
330 1292 388 1314 non
408 1281 459 1323 effe
479 1280 725 1324 adscribendam.
752 1283 915 1325 Loquitur
932 1278 1054 1314 rursum
1076 1288 1120 1309 ex

236 1333 348 1370 sandio
365 1330 553 1376 Augustino
565 1332 598 1365 in
615 1332 705 1365 libris
717 1330 758 1366 de
770 1331 938 1374 Baptismo
949 1326 1119 1364 adversum

237 1381 452 1417 Donatistas:
477 1384 558 1414 Deus
570 1380 747 1424 sanevificat
769 1385 991 1415 Sacramentum
1008 1376 1094 1420 suum
1110 1399 1121 1416 ,

239 1441 274 1465 ut
295 1431 397 1472 homo,
430 1430 488 1469 live
510 1441 672 1472 antequam
691 1431 877 1471 baptizetur,
895 1429 960 1476 five
979 1439 1044 1461 cum
1066 1426 1123 1459 ba-

239 1487 387 1524 ptizatur,
404 1480 469 1523 five
487 1481 584 1521 postea
607 1481 846 1522 quandocumque
866 1482 910 1512 ad
924 1478 957 1522 se
977 1481 1124 1512 veraciter

241 1530 378 1573 converso
403 1529 532 1571 idipsum
556 1532 659 1563 valeat
678 1532 722 1562 ad
737 1529 866 1572 salutem
884 1552 894 1568 ,
907 1530 988 1571 quod
1006 1528 1049 1560 ad
1060 1535 1125 1568 per·

242 1587 347 1614 merem
361 1605 371 1621 ,
396 1579 452 1622 m'fi
467 1589 685 1613 converteretur
709 1604 719 1620 ,
741 1581 875 1614 valeret.
900 1577 1018 1613 Cordis
1043 1587 1125 1611 con-

244 1630 427 1665 versionem
446 1630 478 1663 &
502 1629 729 1672 Baptismatis,
753 1629 902 1673 adeoque
921 1628 954 1661 ὅ(
967 1623 1127 1661 Reconci-

243 1679 391 1716 liationis
412 1681 657 1714 Sacramentum
669 1679 749 1713 dicit
761 1680 823 1715 esl‘e
841 1678 920 1713 duas
934 1676 1128 1721 justificatio·

244 1731 298 1765 nis
320 1730 434 1764 nostrae
451 1729 637 1763 necessarias
649 1731 860 1769 concauffas,
875 1729 1033 1772 istamque
1056 1737 1128 1759 mu·-

239 1790 340 1815 <tuam
361 1779 579 1814 necessitatem
591 1781 658 1812 esse
671 1789 796 1814 tantam
813 1792 820 1811 z
841 1777 1061 1815 metiamini,
1075 1777 1130 1819 qui

245 1839 324 1865 ante
346 1840 402 1864 aut
414 1828 484 1872 post
507 1830 687 1872 susceptum
700 1830 944 1863 Sacramentum
957 1826 1132 1870 justifican-

247 1891 301 1916 tur
322 1905 333 1920 ,
367 1879 581 1923 justificentur
606 1891 660 1922 per
683 1881 786 1922 ipsum
811 1880 903 1923 quod
927 1877 1066 1911 'necdum
1088 1875 1132 1909 est

249 1940 304 1964 aut
325 1929 568 1972 jampraeteriit:
596 1929 686 1975 Qia
701 1941 816 1972 nempe
839 1929 929 1962 nulla
941 1928 1048 1961 cordis
1059 1936 1136 1959 con·

250 1980 354 2014 verfio
375 1979 552 2023 quidquam
566 1979 691 2022 prodest
705 1980 769 2012 sine
781 1980 877 2022 ipsius
890 1988 969 2012 voto
983 2001 990 2008 .
1016 1975 1144 2012 Hocce¹

240 2030 416 2065 ,adseverat
437 2031 502 2064 esse
512 2029 596 2062 adeo
621 2030 834 2062 necessarium
848 2052 859 2068 ‚
884 2040 919 2062 ut
932 2026 1032 2060 etiam
1046 2025 1137 2060 bon'o

244 2080 373 2114 latroni
387 2091 455 2114 non
470 2080 564 2123 poffit
578 2079 720 2113 defuisse.
751 2079 805 2112 An
820 2079 891 2112 adiu
904 2078 1084 2119 baptizatus
1101 2076 1135 2108 il-

254 2131 286 2165 le
297 2130 417 2171 fuerit,
444 2131 564 2163 fatetur
577 2130 769 2173 ambiguum
784 2154 795 2170 ,
819 2129 936 2162 definit
958 2137 1066 2160 tamen
1078 2123 1138 2165 fine

254 2183 441 2215 Sacramenti
459 2178 624 2223 sam‘lt'tate
635 2178 805 2221 nonfuiffe‚
829 2183 899 2220 quia
912 2189 969 2210 non
978 2178 1042 2217 ejus
1067 2179 1138 2207 acci-

251 2233 374 2274 piendae
397 2232 538 2264 voluntas
552 2229 648 2270 defuit
664 2253 674 2268 ,
689 2227 748 2271 J‘ed
757 2239 814 2260 non
824 2228 1006 2270 accipienda
1032 2225 1138 2259 forsan

241 2282 398 2320 fneceffius
410 2278 522 2318 adfuit.
546 2279 702 2320 Baptismi
712 2279 872 2321 susceptio
886 2278 929 2311 est
944 2276 1095 2310 solemnis
1105 2284 1140 2308 ac

254 2328 432 2365 Divinitus
455 2327 603 2362 instituta
617 2329 808 2363 Dominicae
822 2327 977 2362 Paffioais
991 2325 1140 2370 profiten-

255 2380 304 2414 dae
327 2378 491 2418 formula,
524 2378 663 2421 idedque
685 2378 752 2420 ejus
775 2379 885 2412 saltem
910 2389 1023 2411 votum
1049 2375 1142 2409 omni

255 2429 383 2474 penitus
410 2429 642 2468 Co'ntritioni,
667 2429 713 2462 uti
732 2429 855 2463 nobilis
880 2429 988 2472 portio
1013 2452 1023 2467 ‚
1044 2425 1143 2460 debet

256 2481 322 2512 esse
347 2478 530 2511 inclusum.
558 2478 668 2511 Etiam
692 2479 898 2513 Contritioni
923 2475 1138 2512 Catechume-

245 2540 378 2562 ‘norum
392 2528 586 2571 Martyrum.
601 2527 694 2561 Hinc
704 2530 792 2562 enim
805 2531 843 2562 ad
860 2530 996 2562 san-stam
1012 2538 1143 2570 aquam,

260 2588 427 2620 tamquam
451 2578 537 2610 cervi
561 2577 600 2610 ad
622 2578 755 2617 fontes,
780 2579 903 2621 semper
925 2578 1143 2611 ardentissime

259 2626 478 2668 anhelarunt,
500 2626 647 2669 &ipsam
659 2626 714 2660 fibi
727 2638 782 2670 per
806 2629 929 2661 summa
955 2626 1143 2661 licetdiscri-

260 2677 351 2712 mina
380 2676 524 2719 impendi
539 2683 751 2719 procurarunt
774 2679 872 2711 etiam
896 2677 981 2711 intra
995 2687 1146 2711 carceres:

261 2726 419 2762 Plurimis
432 2727 591 2769 exemplis
613 2727 645 2761 id
659 2726 753 2770 poffit
778 2727 923 2761 ostendi.
950 2727 1145 2768 Martyrium

262 2789 332 2812 non
355 2777 400 2810 est
424 2776 489 2810 nisi'
508 2777 667 2820 Baptismi
692 2777 862 2811 Vicarium
885 2802 895 2818 ‚
917 2777 1057 2820 ideoque
1078 2776 1146 2819 ejus

263 2838 318 2872 pet
343 2837 458 2860 votum
480 2826 643 2870 adjutorio
670 2825 768 2860 habet
792 2827 931 2861 omnino
950 2838 1053 2870 opus.
1089 2825 1146 2859 Vi-

264 2872 390 2913 carium
411 2877 476 2912 fine
497 2876 691 2922 Principalis
714 2876 841 2912 influxu
865 2878 978 2923 nequit
999 2877 1143 2921 operari.

382 3026 1024 3064 CAPUT.V111.

321 3126 503 3171 ,Qua-stione:
532 3130 670 3172 quaedam
697 3120 774 3164 circa
791 3129 1028 3170 justificationem
1046 3135 1101 3171 per

441 3179 534 3223 J'olam
549 3179 613 3221 fine
638 3181 748 3214 ao‘luali
773 3182 962 3213 sacramento

596 3234 810 3265 contritionem
819 3254 826 3263 .

359 3327 457 3361 Rima
480 3329 609 3372 quaestio
634 3331 703 3372 est,
736 3330 791 3365 An
814 3331 999 3374 imperfecta
1025 3329 1153 3364 Contri-

251 3449 253 3451 ν
275 3430 521 3465 Sacramentum
535 3428 677 3464 conferat
689 3431 909 3467 remiffionem·
932 3424 1158 3476 peccatorum.>¹

360 3476 546 3523 cbrstLupa·
558 3482 655 3522 Opera
667 3483 812 3514 Tom.X1.

1164 789 1220 821 per
1245 778 1335 811 alium
1359 803 1366 811 .

376 3377 424 3411 tio
451 3389 617 3421 nunquam
654 3387 731 3415 ante
769 3382 952 3425 susceptum
991 3378 1183 3415 actualiter

1897 108 1986 141 221

1155 175 1352 219 Respondeo
1373 177 1584 212 adfirmative.
1603 177 1735 213 Etenim
1747 180 2028 214 Sacramentorum
2051 172 2170 219 Quaest·

1154 228 1283 262 effeetus
1305 227 1502 270 quandoque
1523 229 1588 262 sine
1609 230 1751 272 ipsorum
1783 226 1939 264 cd'ncursu
1961 229 2029 263 dari
2046 226 2104 268 84·

1155 279 1173 312 a
1197 277 1267 311 solo
1290 277 1389 316 Deo,
1420 278 1532 310 multis
1551 279 1648 314 tradit
1669 281 1703 313 in
1728 279 1958 323 quaestionibus
1986 281 2031 311 su·
2052 275 2172 309 L·2·C·

1159 338 1212 372 per
1232 327 1452 361 Numerorum
1478 327 1608 368 librum,
1630 332 1663 363 in
1685 330 1773 364 libris
1791 331 1939 365 adversus
1962 331 2035 365 Par·
2056 335 2109 370 15·

1158 377 1361 417 memmium,
1381 376 1561 411 &inlibris
1571 380 1719 415 adversus
1745 382 1958 425 Petilianum,
1979 384 2036 426 qui
2056 374 2094 406 L·
2116 381 2182 408 2·c-

1161 428 1227 463 sola
1255 426 1438 462 Pontificiae
1451 439 1565 460 manus
1593 429 1800 471 impositione
1825 433 1949 468 dixerat
1968 434 2037 475 spi·
2059 434 2112 468 35·

1161 479 1259 512 ritum
1278 479 1430 512 Sanstum
1453 477 1559 516 inseri,
1580 480 1713 514 Sanctus
1735 482 1957 527 Augustinus.
1978 484 2040 518 Fa·
2058 473 2163 505 Hom·

1162 530 1248 562 stum
1275 527 1308 561 id
1330 527 1479 561 adfirmat
1501 527 1534 560 ὅ(
1555 528 1722 571 intructi,
1746 533 1778 566 &
1801 533 1835 566 in
1858 545 1946 567 novo
1969 533 2037 567 Te.
2059 532 2113 567 23.
2126 526 2214 557 c.10·

1163 579 1341 612 stamento.
1373 578 1626 621 Etsingulariter
1647 580 1687 612 de
1709 592 1912 623 peccatorum
1935 583 2036 617 remiss
2057 574 2221 614 Frequen·

1165 630 1254 663 stone
1275 627 1356 661 dicit
1378 628 1412 661 in
1437 626 1521 661 libro
1545 628 1788 664 Homiliarum:
1824 634 1887 675 ,Qui
1911 634 2038 666 dimum
2060 632 2109 656 ‘⁰¹'
2127 620 2160 654 id
2173 622 2221 654 f⁸·

1162 689 1218 722 per
1244 677 1390 711 bominem
1406 676 1498 719 potest
1519 679 1672 712 dimIttere
1694 682 1727 713 ὠ·
1744 690 1857 722 praeter
1878 682 2039 714 hominem.
2060 673 2107 706 Cit
2120 670 2153 704 in
2165 682 2220 704 ²¹¹·

1168 734 1274 770 Neque
1296 734 1374 761 enim
1401 729 1501 761 minus
1524 730 1645 761 idoneus
1678 730 1715 768 efl
1729 739 1786 772 per
1804 730 1837 774 se
1858 733 2041 774 dare‚quam
2064 723 2158 762 ‘lquo

1406 778 1448 811 Et
1472 779 1516 811 ita
1540 780 1724 822 frequenter
1745 805 1756 819 ‚
1794 780 1896 814 immo
1923 784 2042 824 semper
2062 771 2178 806 Testa·

1170 828 1289 863 adultis
1301 829 1418 862 fastum
1430 828 1492 861 fuit
1505 830 1538 861 in
1552 832 1649 864 veteri
1663 830 1880 864 Testamento
1893 846 1902 864 .·
1931 835 2044 870 Retro,
2066 831 2181 855 memo
2195 844 2203 850 ·

1171 878 1322 921 inquitin
1341 879 1424 911 libro
1451 878 1493 911 de
1520 879 1687 922 Baptismo
1715 880 2046 921 Tertullianus,erat
2069 871 2148 915 Ga?-
2174 880 2226 917 ¹3·

1168 927 1272 972 salvus
1292 936 1349 969 per
1374 929 1484 960 nudam
1499 927 1589 968 fidem
1620 939 1689 963 ante
1719 934 1842 963 Domini
1878 934 2047 971 Paffionem.

1174 979 1233 1012 Per
1260 976 1343 1010 hane
1369 978 1460 1011 addit
1489 979 1562 1011 fidei
1586 1003 1595 1018 ‚
1623 980 1734 1024 utique
1763 993 1818 1023 per
1843 982 2053 1015 dilectionem

1174 1030 1320 1072 operanti
1338 1052 1348 1066 ,
1366 1027 1526 1060 accessisse
1547 1029 1789 1066 Sacramentum
1824 1030 1978 1076 tanquam
2003 1043 2055 1064 ve·

1177 1080 1390 1112 stirnentum:
1417 1077 1660 1113 vestimentum
1688 1082 1801 1115 efficax
1824 1106 1834 1121 ‚
1862 1082 1950 1124 quod
1980 1082 2057 1115 fidei

1176 1128 1216 1163 ad
1244 1128 1413 1161 hominem
1443 1127 1574 1172 Christo
1603 1131 1753 1166 Domino
1790 1132 1994 1166 induendum
2022 1142 2059 1164 ac

1180 1179 1246 1222 ejus
1272 1178 1393 1220 justitia
1423 1178 1623 1213 vestiendum
1654 1182 1790 1215 infirmae
1815 1194 1912 1225 atque
1939 1187 2060 1220 insuffi-

1181 1229 1280 1263 cienti
1305 1227 1454 1270 praeberet
1486 1229 1682 1271 adjutorium
1707 1245 1748 1267 ex
1776 1247 1873 1278 opere
1906 1246 2061 1280 operato.

1183 1279 1323 1321 Antiqui
1345 1288 1424 1320 ergo
1445 1288 1522 1312 ante
1545 1279 1687 1315 Domini
1708 1285 1742 1318 in
1765 1294 1861 1319 carne
1881 1287 2062 1321 adventum

1184 1328 1335 1364 homines
1361 1337 1452 1360 erant
1472 1327 1505 1360 in
1531 1328 1614 1363 statu
1639 1331 1697 1365 illo
1719 1356 1730 1373 ‚
1754 1333 1787 1365 in
1812 1346 1879 1376 quo
1901 1334 2064 1369 Poeniten-

1184 1388 1231 1412 tes
1250 1376 1410 1421 quosdam
1420 1377 1525 1418 posuit
1539 1379 1572 1411 in
1588 1377 1672 1413 libro
1685 1380 1724 1415 de
1735 1382 1901 1417 Pudicitia
1914 1387 2017 1428 lapsus
2026 1385 2070 1417 ad
2088 1389 2166 1432 Cap,
2183 1397 2233 1434 19.

1187 1428 1389 1461 Montanum
1417 1426 1661 1464 Tertullianus:
1684 1432 1750 1469 'Et
1784 1443 1838 1467 nos
1858 1439 2069 1476 paenitentiam

1186 1479 1287 1511 deberi
1305 1476 1486 1521 agnoscimus
1504 1501 1515 1517 ,
1541 1476 1601 1521 sed
1620 1486 1743 1514 veniam
1769 1486 1830 1516 Deo
1865 1483 2049 1528 reservamus
2062 1509 2070 1517 .

1190 1527 1361 1562 Debebant
1373 1528 1414 1560 de
1431 1529 1571 1570 peccatis
1582 1540 1637 1572 per
1651 1530 1841 1569 charitatem
1865 1535 1898 1568 <Sc
1922 1538 2006 1569 varia
2028 1529 2073 1569 sass

1190 1576 1382 1611 risfaffionis
1403 1587 1501 1619 opera
1513 1579 1637 1612 conteri
1651 1605 1661 1620 ‚
1682 1592 1715 1615 at
1735 1583 1845 1617 nullus
1858 1597 1924 1618 erat
1937 1585 1970 1618 in
1984 1584 2074 1618 terris

1191 1627 1358 1667 Sacerdos,
1380 1628 1762 1666 nullum-Sacramentum
1786 1645 1841 1668 aut
1863 1635 2077 1673 Sacrificium,

1190 1678 1280 1721 quod
1294 1677 1353 1711 reis
1374 1676 1464 1711 daret
1486 1679 1628 1719 veniam,
1654 1692 1750 1722 quam
1771 1682 1830 1717 fibi
1846 1685 1904 1718 soli
1929 1688 2019 1719 Deus
2031 1696 2078 1718 re·

1194 1727 1339 1762 servabat
1361 1751 1369 1760 .
1407 1727 1551 1762 Perfecta
1588 1741 1643 1772 per
1664 1731 1777 1765 statam
1801 1735 1930 1777 legem,
1954 1737 2077 1777 imper-

1195 1780 1274 1811 festa
1308 1777 1480 1810 Contritio
1514 1789 1570 1811 eos
1606 1790 1660 1821 per
1703 1781 1905 1817 arbitrariam
1933 1810 1943 1824 ,
1982 1785 2075 1825 cujus

1195 1827 1328 1861 consilia
1354 1837 1451 1860 nemo
1475 1825 1650 1862 hominum
1674 1842 1839 1874 penetrat,
1863 1835 1991 1868 Divinae
2016 1835 2080 1867 130-

1199 1876 1309 1912 nitatis
1330 1877 1467 1920 gratiam
1484 1877 1691 1920 justificabat,
1710 1884 1756 1916 uti
1779 1883 1898 1918 fastum
1927 1885 2080 1918 existimo

1199 1929 1232 1961 in
1257 1928 1347 1971 Rege
1367 1926 1492 1967 David,
1513 1926 1678 1964 homicida
1693 1933 1723 1965 &
1744 1934 1892 1968 adultero
1908 1959 1918 1975 ‚
1936 1947 2031 1980 quem
2046 1935 2081 1967 in

1198 1978 1356 2011 charitate
1385 1976 1558 2020 perfectum
1591 1991 1658 2013 non
1693 1982 1790 2017 fuisse
1823 1984 1929 2027 plures
1975 1983 2085 2018 existi-

1201 2037 1306 2066 mant,
1331 2038 1390 2059 nec
1415 2029 1481 2061 fine
1504 2028 1722 2065 fundamento
1741 2056 1748 2065 .
1777 2033 1833 2072 {Et
1856 2036 1977 2076 peccati
1999 2045 2085 2068 tran·

1201 2078 1299 2112 slatio
1310 2101 1320 2117 ‚
1338 2078 1370 2110 δ(
1384 2077 1604 2112 translationis
1617 2081 1705 2114 fasta:
1725 2083 1879 2123 revelatio
1889 2085 2020 2119 fuerunt
2035 2083 2083 2116 illi

1203 2128 1266 2161 Dei
1292 2127 1489 2161 beneficium
1509 2130 1686 2172 singulare.
1711 2132 1753 2165 Et
1769 2132 1849 2167 hinc
1873 2135 1953 2168 novi
1968 2132 2083 2178 ,quod

1202 2178 1337 2210 infitmae
1358 2178 1472 2210 nossrae
1502 2180 1695 2214 contritioni
1721 2182 1878 2225 Baptismi
1901 2209 1911 2224 ,
1945 2185 1978 2217 ὃς
2021 2183 2086 2216 Re-

1202 2226 1447 2260 conciliationis
1477 2226 1683 2264 Sacramenta
1709 2255 1719 2270 ,
1759 2231 1943 2267 obtinendas
1975 2232 2086 2275 justifi-

1202 2277 1342 2311 cationis
1363 2277 1503 2310 efficacia
1517 2279 1747 2314 &infallibilia
1760 2282 1916 2325 adjutoria
1929 2283 2084 2327 providit3

1206 2339 1260 2372 per
1281 2326 1728 2371 JESUM-Ct-iktsTUsvr
1741 2330 1948 2368 Testamenti
1978 2333 2083 2378 gratia

1205 2378 1249 2413 est
1272 2378 1571 2426 incomparabiliter
1584 2393 1723 2427 magna.
2208 2423 2211 2426 Α

1254 2428 1402 2475 Qaestio
1424 2428 1560 2463 secunda
1573 2432 1630 2473 est,
1653 2432 1708 2466 An
1733 2434 1834 2477 aliqui
1858 2433 1956 2469 eriam
1979 2434 2013 2467 in
2026 2443 2081 2467 no*-
2100 2422 2211 2468 Qan·

1207 2491 1248 2514 vo
1260 2478 1478 2512 Testamento
1495 2481 1616 2514 fuerint
1628 2493 1682 2524 per
1703 2483 1803 2517 solam
1815 2485 1882 2519 fine
1903 2485 2015 2519 actuali
2031 2485 2083 2517 Sa·
2102 2474 2229 2529 doque,

1206 2539 1373 2564 eramento
1394 2530 1652 2570 Contritionem
1677 2532 1894 2576 imperfectam
1906 2535 2083 2578 justificati?
2100 2523 2199 2557 etiam
2219 2533 2257 2557 ¹¹¹

1208 2579 1403 2622 Respondeo
1426 2578 1640 2614 adfirmative.
1668 2578 1823 2631 Qidam'
1838 2583 1870 2618 id
1894 2584 2030 2627 probant
2041 2597 2084 2618 ex
2102 2583 2212 2608 ¹²0V0·

1207 2630 1341 2677 muliere
1366 2629 1588 2670 Samaritana}
1615 2631 1794 2674 Zacchaeo,
1820 2635 1927 2670 Maria
1949 2634 2086 2680 Magda-

1208 2681 1277 2713 lena
1290 2704 1301 2720 ,
1320 2678 1411 2712 bono
1433 2679 1570 2719 latrone,
1590 2682 1624 2714 ἀ
1645 2681 1716 2715 aliis
1738 2684 1770 2718 id
1781 2685 1906 2728 genus,
1921 2697 2002 2726 quos
2016 2686 2086 2718 Do—

1208 2730 1318 2763 minus
1344 2727 1486 2761 omnino
1509 2730 1635 2764 videtur
1660 2732 1724 2766 sine
1742 2735 1949 2768 Sacramento
1971 2734 2086 2775 iustifi'-

1208 2780 1292 2825 casse
1312 2802 1320 2810 .
1340 2777 1407 2811 Res
1430 2788 1539 2812 tamen
1563 2779 1684 2816 incerta
1707 2783 1772 2824 est,
1803 2785 1838 2818 δὲ
1860 2783 1894 2817 in
1916 2794 2086 2825 utramque

1210 2827 1477 2863 contradictionis
1496 2840 1616 2871 partem
1643 2832 1683 2864 ab
1701 2834 1842 2874 antiquis
1854 2834 2007 2868 ‘Ecclefiae
2029 2833 2088 2866 Pa-

1210 2879 1310 2913 tribus
1332 2878 1523 2921 disputatur.
1555 2881 1726 2926 Qidquid
1737 2882 1798 2922 fitv,
1822 2883 1861 2917 ad
1887 2885 2087 2927 propositum

1211 2930 1356 2963 nostrum
1380 2939 1450 2962 non
1477 2930 1603 2964 faciunt
1614 2928 1761 2975 exempla
1789 2932 1870 2973 ista,
1892 2934 1971 2967 duas
1983 2933 2030 2968 ob
2041 2944 2091 2967 ca-

1211 2981 1299 3013 usas.
1327 2978 1458 3019 Primo,
1479 2980 1566 3022 quod
1577 2980 1815 3016 Poenitentium
1829 2981 1970 3018 'istorum
1992 2983 2091 3018 Con·-

1211 3029 1360 3070 tritioni,
1380 3027 1455 3062 licet
1476 3040 1543 3062 non
1563 3030 1699 3072 alicujus
1725 3032 1924 3068 sacramenti
1942 3034 1958 3074 ',
1980 3042 2090 3069 tamen

1213 3080 1345 3114 Divinae
1366 3078 1455 3113 v'ocis
1480 3103 1491 3118 ,
1523 3080 1613 3112 Hodie
1635 3080 1827 3115 mec-umeris
1856 3088 1888 3116 in
1920 3083 2087 3127 Paradiso;

1215 3128 1496 3163 Remittunturtibt·
1511 3136 1631 3170 peccata
1651 3139 1704 3164 tua
1716 3130 1740 3171 ,⁷
1754 3133 1952 3175 adjutorium
1982 3133 2090 3167 acces-

1180 3190 1182 3193 ’
1214 3180 1308 3220 serit,
1327 3177 1468 3212 omnino
1488 3179 1921 3223 aequivalensSacramento.
1949 3182 2092 3223 Deinde,

1217 3229 1356 3264 necdum
1378 3239 1478 3267 tunc,
1499 3229 1547 3262 uti
1572 3230 1605 3262 in
1628 3230 1716 3265 libris
1738 3231 1886 3269 adversus
1904 3233 2095 3267 Parmenia-

1219 3290 1296 3313 num
1321 3280 1445 3313 sandius
1464 3276 1673 3322 Augustinus
1693 3281 1858 3323 advertit,
1878 3294 1943 3317 erat
1963 3281 2096 3322 constitu·

1186 3363 1188 3365 ,
1214 3333 1271 3363 tu's
1297 3330 1366 3362 ordo
1387 3326 1538 3368 Ecclefiae:
1568 3330 1619 3363 Ex
1642 3331 1810 3373 arbitrio,
1833 3344 1899 3366 non
1923 3344 1962 3366 ex
1983 3333 2094 3376 regula
2111 3338 2236 3374 L‚2.g,

1224 3379 1391 3436 Dominus
1405 3378 1494 3435 Iesus
1504 3379 1629 3424 agebat.
1641 3381 1810 3429 Qtocirca
1821 3382 2028 3435 quarendum
2038 3382 2096 3423 est,
2118 3399 2133 3425 1
2140 3398 2173 3436 ς.

1226 3442 1266 3466 an
1293 3428 1365 3474 post
1379 3425 1564 3467 institutum
1575 3430 1673 3466 istum
1686 3431 1838 3469 ordinem
1847 3452 1862 3475 ·,
1882 3431 2029 3475 fixosque
2036 3444 2098 3468 no—

1616 3479 1654 3515 T
1704 3492 1725 3530 3
1997 3481 2047 3517 bis
