2366 3736
374 162 465 208 182

326 257 418 281 nono
434 271 443 287 ,
457 245 622 281 Bonifacii
636 243 808 279 pontificis
821 245 926 288 primo
940 270 947 279 .
977 244 1059 279 Eam
1074 256 1128 291 per
1138 255 1208 278 om-

328 309 386 331 nes
407 297 524 332 Africae
537 297 727 330 Provincias
739 294 918 338 publicavit
942 295 1113 333 Aurelius:
1129 294 1222 329 Edi-⁴

746 160 1031 217 ANTIQyA
1067 159 1371 205 Ecctnsin
1409 159 1493 204 De
1514 173 1581 205 CR
1603 175 1731 217 ετΑ,

1266 244 1300 280 ὅ(
1322 243 1394 278 aliis
1418 245 1549 287 GiJano
1566 269 1576 285 ,
1604 244 1786 287 Januario,
1811 239 2014 286 Vistotino‚
2039 243 2074 278 &
2095 252 2153 278 cae·

1252 293 1342 342 {teris
1361 306 1415 338 per
1441 298 1578 329 tracium
1602 294 1787 331 Provinviae
1811 297 1982 338 Byzacena
2008 296 2043 334 ἀ
2066 293 2154 330 Azu-

326 348 412 381 etum
438 350 514 381 item
540 345 614 378 hinc
638 344 772 379 damus.
799 345 880 391 Qae
903 347 1018 381 omnia
1049 344 1205 380 debemus
1252 344 1375 387 {ritanae
1401 345 1615 386 constitutis,
1645 346 1798 382 Aurelius
1828 346 2028 393 Episcopus.

324 398 420 433 ctiam
442 397 567 430 eximio
591 395 743 431 Heurico
764 396 910 432 Gravio.

374 501 576 538 Imperatores
605 499 750 531 Honorius
777 498 811 531 ὢ·
837 495 1004 538 Theodosius
1036 494 1152 540 Augusti

534 547 646 580 Aurelio
671 546 817 592 Episcopo
838 546 982 592 salutem.

425 645 544 681 Udum
556 647 688 691 quidem
709 649 814 682 fuerat
825 647 1043 684 constitutum
1059 671 1070 687 ,
1093 654 1129 680 ut
1140 645 1199 679 Pe-

438 697 544 742 lagius
569 697 603 733 &
626 697 801 739 Celestius,
823 698 955 735 nefandi
980 696 1142 740 dogmatis
1154 706 1197 734 re·

313 758 457 790 pertores
471 771 482 789 ,
505 747 547 782 ab
568 748 646 783 urbe
668 748 790 791 Roma,
810 747 908 781 veluti
921 746 1065 791 quaedam
1078 747 1194 780 catho-

311 796 382 831 licae
393 798 537 833 veritatis
550 799 703 844 contagia
716 824 726 839 ‚
751 798 948 841 pellerentur
961 822 970 837 ,
993 808 1032 831 ne
1044 796 1194 841 ignoran-

311 848 396 881 tium
419 859 545 883 trientes
567 850 644 883 saeva
656 847 868 891 *persualione
893 858 1127 891 perverterent.
1156 846 1193 880 ln

310 908 378 940 quo
390 897 577 934 Clementia
592 898 700 936 nostra
712 900 819 935 secuta
834 899 877 932 est
889 897 1051 941 judicium
1073 897 1192 932 Sancti-

309 948 386 983 tatis
410 956 494 992 tuae,
509 960 574 992 quo
583 948 708 985 constat
721 959 776 983 eos
792 949 832 983 ab
848 949 1001 983 universis
1020 947 1109 991 jussae
1130 950 1189 981 sen-

308 998 418 1032 tentiae
429 1000 676 1033 examinatione
689 999 751 1036 esse
763 997 944 1034 damnatos,
972 999 1034 1032 Sed
1049 998 1123 1043 quia
1136 997 1190 1034 ob-

306 1047 418 1082 stinati
439 1048 586 1086 criminis
596 1050 744 1094 pertinax
768 1049 913 1090 malum,
938 1060 972 1083 ut
996 1049 1191 1084 constitutio

305 1100 527 1141 geminaretur
548 1125 560 1140 ,
580 1099 672 1144 cogit
691 1124 701 1140 ,
731 1100 849 1134 recenti
873 1110 1005 1143 quoque
1027 1100 1192 1136 sanclione

304 1148 507 1183 decrevimus
522 1175 531 1189 ,
544 1161 578 1183 ut
594 1152 614 1182 si
627 1151 700 1192 quis
710 1161 765 1183 eos
779 1151 812 1185 in
824 1159 1028 1197 quacumque
1051 1147 1175 1183 Provin

302 1200 425 1232 ciarum
434 1210 522 1240 parte
533 1201 659 1236 latitare
674 1211 741 1233 non
755 1199 900 1232 nesciens
925 1209 981 1232 aut
995 1199 1187 1242 propellere,

302 1258 358 1280 aut
371 1249 507 1291 prodere
515 1247 886 1293 distuliffet,praescriptae
899 1258 1000 1290 poenae
1014 1250 1101 1283 velut
1117 1259 1153 1290 pa
1161 1261 1187 1280 r-

237 1314 242 1317 >
302 1297 405 1343 ticeps
418 1297 602 1341 subjaceret.
617 1298 784 1342 Praecipue
799 1309 908 1335 tamen
923 1297 962 1336 ad
977 1297 1185 1342 quorundam

301 1346 544 1391 Episcoporum
558 1350 770 1392 pertinaciam
790 1348 1031 1395 corrigendam,
1046 1347 1102 1391 qui
1116 1360 1180 1392 pra-

300 1408 358 1431 vas
369 1410 482 1434 eorum
496 1399 734 1443 dilputationes
743 1399 845 1433 tacito
857 1397 1016 1437 consensu
1029 1399 1183 1439 afferunt,

299 1448 351 1481 vel
380 1449 509 1492 publica
536 1451 786 1496 oppugnatione
813 1461 881 1483 non
907 1449 1076 1484 destruunt
1102 1448 1182 1491 (Pa-

299 1508 347 1532 ter
374 1499 566 1534 Charilsime
589 1512 687 1543 atque
717 1499 970 1544 Amantiffime)
997 1499 1182 1537 Sanctitatis

298 1559 363 1582 tuae
389 1548 586 1584 authoritate
615 1550 740 1584 moneri
777 1551 950 1583 conveniet
977 1573 987 1588 ‚
1023 1550 1179 1591 quatenus

296 1599 331 1631 in
361 1599 545 1634 abolitione
557 1602 748 1644 praeposterae
759 1599 888 1640 haerefis,
915 1593 1067 1632 omnium
1083 1599 1178 1635 devo-

297 1660 345 1684 tio
374 1648 635 1687 Christianorum
662 1652 866 1685 consentiat.
905 1650 1040 1694 Religio
1069 1651 1179 1693 itaque

295 1709 351 1732 tua
389 1702 654 1744 competentibus
691 1702 825 1743 Scriptis
860 1700 1031 1734 universos
1079 1700 1175 1736 faciat

293 1749 484 1790 admoneri,
513 1751 648 1785 scitu‘ros
668 1749 864 1784 definitione
898 1750 1080 1789 testimonii
1105 1749 1176 1790 tui,

292 1797 378 1833 hanc
391 1800 445 1833 fibi
462 1801 688 1836 definitionem
704 1799 766 1833 esse
778 1800 989 1843 praescriptam
1003 1825 1014 1840 ,
1039 1811 1073 1833 ut
1100 1800 1176 1844 qui-

292 1861 432 1893 cumque
451 1850 662 1885 'damnationi
685 1852 775 1893 supra
799 1861 1056 1890 memoratorum
1082 1853 1176 1893 (quo

293 1911 401 1944 pateat
413 1911 504 1935 mens
518 1901 618 1943 pura)
634 1899 826 1939 subscribere
839 1901 939 1943 impia
951 1899 1177 1934 obstinatione

292 1951 520 1995 neglexerint,
544 1951 758 1995 Episcopatus
769 1950 1105 1990 amiffionemulstati‚
1129 1951 1174 1983 in-

292 2001 424 2038 terdieta
438 2003 471 2039 in
497 2013 686 2045 perpetuum
700 2025 711 2041 ‚
730 2000 854 2045 expulsi
869 2000 1070 2043 civitatibuS‚
1087 2012 1173 2037 comz

293 2052 454 2086 munione
469 2051 635 2094 priventur
647 2076 654 2084 .
682 2051 771 2085 Nam
785 2050 861 2084 cum
874 2050 929 2094 ipsi
944 2061 1004 2090 nos
1013 2050 1105 2093 juxta
1118 2050 1172 2092 Sy·

294 2101 421 2135 nodum
443 2102 613 2139 Nicaenam
636 2101 838 2135 confeffione
861 2100 982 2135 fincera
1007 2099 1173 2133 Condito-

295 2162 362 2184 rem
375 2163 480 2185 rerum
491 2154 643 2188 omnium
656 2152 778 2190 Deum,
807 2150 1000 2194 lniperiique
1014 2150 1113 2182 nostri
1130 2159 1175 2183 ve-

295 2211 445 2235 neremur
460 2202 584 2236 Audior
605 2212 651 2239 m,
665 2211 732 2236 non
745 2200 884 2242 patietur
897 2198 1054 2236 Sanelitas
1067 2209 1120 2231 tua
1135 2199 1174 2230 se·

296 2252 352 2286 &ae
363 2250 558 2286 detestabilis
572 2250 724 2286 homines
737 2272 747 2288 ‚
772 2249 806 2283 in
818 2247 971 2289 injuriam
984 2247 1153 2291 religionis
1165 2271 1174 2287 ,

297 2312 382 2334 nova
406 2301 437 2333 ὅ(
459 2300 611 2333 inusitata
624 2299 816 2331 meditantes
838 2297 964 2332 secretis
989 2295 1178 2334 trastatibus

296 2350 463 2384 occultare
474 2350 676 2393 sacrilegium
692 2373 702 2389 ,
713 2347 840 2391 publica
855 2348 952 2382 semet
972 2347 1172 2382 authoritate

297 2399 489 2435 damnatum
504 2424 511 2435 .,
540 2399 623 2434 Una
637 2399 727 2432 enim
740 2397 919 2441 eademque
930 2398 1025 2440 culpa
1048 2397 1092 2433 est
1118 2407 1175 2431 eo-

297 2460 369 2487 rum
388 2473 398 2490 ,
424 2449 480 2493 qui
493 2460 550 2483 aut
569 2447 803 2484 diffimulando
825 2446 1094 2489 conniventiam,
1120 2458 1175 2479 aut

298 2511 367 2535 non
381 2499 567 2532 damnando
579 2497 722 2531 favorem
743 2497 883 2533 noxium
895 2495 1114 2540 praestiterint.
1131 2499 1177 2528 Et

298 2551 361 2583 alia
383 2560 474 2581 manu
488 2574 495 2582 .
527 2548 695 2584 Divinitas
708 2557 738 2579 te
749 2558 803 2589 per
816 2546 936 2582 multos
950 2558 1054 2581 annos
1078 2548 1176 2580 servet

299 2599 505 2639 incolumen,
524 2598 622 2632 Pater
640 2597 822 2632 chariffime
835 2606 933 2640 atque
952 2596 1167 2635 amantiffime

298 2651 387 2685 Data
409 2650 529 2692 quinto
552 2647 627 2681 Idus
648 2647 776 2694 Iunias,
801 2645 976 2690 Ravennae,
1000 2645 1177 2689 Monaxio‚

298 2701 331 2736 &
356 2697 490 2735 Plintha
509 2697 620 2734 Conis.
1005 2739 1009 2743 Ι

349 2749 573 2793 Sequebantur
592 2746 659 2782 haec
682 2748 716 2780 in
737 2744 874 2780 codice:
915 2746 1042 2780 Eodem
1067 2757 1178 2780 tenore

298 2801 396 2834 etiam
409 2799 449 2835 ad
461 2799 490 2835 S.
505 2798 729 2843 Augustinum
744 2795 940 2839 Episcopum
953 2796 1072 2830 datum
1103 2798 1175 2831 Rei·

298 2854 438 2895 criptum
451 2846 465 2883 .’

351 2902 417 2933 His
439 2898 601 2942 acceptis,
628 2896 782 2932 Aurelius
804 2893 1071 2941 Carthaginensis
1089 2897 1177 2940 Epis-

300 2962 401 2993 copus
423 2949 462 2984 ad
490 2949 670 2991 Episcopos
693 2946 750 2981 fibi
773 2946 921 2981 subditos
946 2943 1035 2979 dedit
1052 2947 1177 2989 Episto-

301 3001 385 3039 lam,
407 2999 459 3032 cui
484 2996 668 3041 hujusmodi
687 2996 853 3043 legebatur
873 2999 906 3032 iu
927 2995 1043 3030 codice
1068 2996 1178 3035 inscri-

300 3059 373 3094 ptus
396 3048 508 3113 titulus
521 3073 528 3081 .

302 3148 437 3192 Epistola
450 3150 476 3179 5.
490 3148 596 3181 Aurelii
609 3146 848 3195 carthaginensis
860 3144 999 3190 Episcopi
1018 3147 1063 3178 ad
1077 3157 1177 3183 omnes

352 3196 510 3241 Episcopos
529 3205 584 3238 per
607 3199 789 3235 Byzacenam
801 3199 834 3233 &³
847 3202 1044 3231 Azuritanam
1058 3199 1127 3230 Pro-

401 3253 533 3282 vinciam
555 3246 715 3286 constitutos
739 3249 775 3280 de
798 3249 987 3281 damnatione
1023 3250 1077 3280 Pe-

485 3298 558 3343 lagii
579 3298 612 3330 ό·
637 3297 751 3336 celestii
771 3297 971 3331 haereticorum
983 3322 990 3329 .

406 3394 595 3434 ῙΙεὲὶίΠίωἱς
606 3406 643 3428 ac
655 3395 950 3431 defiderabiliffimis
962 3396 1127 3431 Fratribus
1136 3409 1173 3431 ac

422 3443 729 3484 consacerdotibus,
743 3447 933 3480 Donatiano
944 3448 1053 3490 primae
1064 3448 1170 3487 Sedis,

297 3498 473 3544 Januario,
498 3496 600 3533 Felici
612 3494 764 3530 Palatino
775 3519 791 3545 ,R
807 3495 976 3532 primiano
989 3521 1000 3538 ,
1021 3496 1167 3543 Gaiano,

1250 391 1257 464 ⁴
1314 396 1411 438 Super
1438 394 1572 428 Celestii
1600 396 1632 430 δε
1656 395 1780 441 Pelagii
1811 396 2026 433 damnatione
2047 418 2060 437 ,
2097 405 2153 429 eo-

1265 455 1400 487 rumque
1424 445 1634 489 dogmatibus
1658 470 1668 486 ,
1705 448 1895 490 participem
1922 447 2061 480 sanilam
2083 443 2150 478 Dei

1251 475 1484 539 ’Urit-ctionem
1503 496 1637 528 vestram
1652 496 1685 529 in
1701 498 1850 540 plenario
1875 496 2037 530 Concilio
2056 495 2152 529 fuin‘e

1250 547 1489 583 lcommemini,
1504 544 1708 584 Dileciiffimi
1724 558 1761 583 ac
1771 545 2062 584 defiderabiliffimi
2075 544 2152 579 Fra-

1263 603 1324 627 tres
1338 619 1345 626 .
1372 596 1431 630 Sed
1448 596 1605 640 quoniam
1618 607 1677 639 pro
1691 596 1819 632 honore
1831 597 1909 638 Dei,
1932 598 1967 631 in
1981 595 2072 639 cujus
2084 604 2151 628 ma·

1261 656 1304 679 nu
1319 656 1374 679 cor
1389 645 1490 690 Regis
1504 646 1548 680 est
1573 646 1791 687 constitutum
1806 672 1816 688 ,
1843 647 2150 692 gloriosissimorum

1261 695 1455 739 Principum
1472 694 1736 733 Christianorum
1751 722 1762 738 ‚
1783 696 1882 736 fidem
1896 699 2014 736 restam
2030 696 2062 734 ὅ(
2085 694 2150 729 Ga·

1258 743 1419 779 thoiicam
1433 748 1683 782 custodientium
1698 772 1709 788 ‚
1719 748 1845 786 accessit
1860 748 2146 790 auctoritas,quam

1259 806 1312 838 per
1339 796 1573 834 Humilitatem
1602 809 1709 832 meam
1739 798 1892 832 univetfis
1929 795 2147 841 Coepiscopis

1260 846 1342 882 meis
1359 847 1463 881 voluit
1480 849 1624 882 intimari
1639 861 1645 880 :
1675 847 1806 882 idcirce>
1818 847 2050 886 honorabilem
2071 846 2149 884 Fra·

1259 897 1446 931 ternitatem
1465 897 1612 936 Vestram
1627 921 1638 942 2
1662 900 1762 938 rniffis
1786 897 2028 942 exemplaribus
2051 919 2063 940 ‚
2096 894 2147 932 in·

1258 945 1378 987 struere
1391 947 1561 987 festinavi,
1588 950 1723 992 nequid
1740 950 1817 985 mali
1846 949 1882 982 in
1906 948 2016 991 aliqua
2054 953 2146 990 parte

1258 994 1441 1035 Provinciae
1449 1011 1489 1031 ex
1505 996 1759 1042 supradissorum
1774 998 1957 1042 serpentina
1971 994 2146 1042 persuasio·

1258 1056 1322 1084 ne,
1347 1045 1387 1080 ab
1397 1049 1569 1083 universali
1595 1049 1733 1083 Ecclesia
1756 1050 1859 1084 totius
1876 1047 1965 1086 orbis
1989 1046 2144 1088 exclusa,

1237 1096 1389 1145 'sonante
1404 1097 1622 1140 subrepatOb
1634 1098 1698 1133 hoc
1710 1111 1789 1145 ergo
1801 1110 1866 1139 tam
1881 1098 2051 1135 necessaria
2063 1107 2144 1131 con-

1251 1147 1401 1182 certatio*
1418 1146 1687 1184 Christianorum
1710 1149 1905 1193 Principum
1933 1146 2140 1183 Charitatem

1255 1195 1401 1232 Vestram
1415 1199 1510 1235 latere
1524 1210 1589 1238 non
1602 1199 1713 1236 debuit
1724 1223 1734 1243 ,
1754 1200 1787 1234 &
1800 1201 1839 1236 ad
1854 1211 1906 1233 me
1919 1198 1960 1235 ab
1984 1197 2035 1232 his
2055 1197 2140 1232 datae

1250 1245 1369 1282 literae:
1397 1247 1551 1296 Qarum
1562 1249 1654 1288 simul
1667 1249 1904 1293 exemplaribus
1925 1248 2019 1287 lestis
2032 1270 2043 1287 ³
2063 1258 2140 1295 ‘1¹³⁸‘

1251 1296 1469 1332 madmodum
1484 1298 1682 1344 subscribere
1694 1299 1916 1348 unusquisque
1927 1297 2067 1332 vestrum
2086 1297 2141 1332 de·

1250 1345 1345 1386 beat,
1370 1347 1516 1387 Dileetio
1539 1348 1641 1384 vestra
1663 1349 1838 1393 cognoscat
1856 1372 1867 1387 ‚
1894 1348 1959 1386 five
1993 1352 2136 1392 quorum

1248 1395 1470 1439 Synodalibus
1492 1400 1592 1443 gestis
1604 1397 1795 1442 subscriptio
1806 1397 1872 1442 jam
1896 1406 2045 1436 tenetur,
2074 1396 2137 1431 five

1247 1447 1303 1488 qui
1319 1457 1383 1480 non
1395 1447 1546 1492 potuistis
1559 1449 1665 1487 eidem
1678 1449 1825 1493 plenario
1836 1446 1938 1487 totius
1951 1447 2072 1487 Africae
2084 1446 2139 1481 iu-

1229 1497 1356 1546 iteresse
1371 1498 1548 1534 Concilio.
1579 1497 1658 1546 QQ
1670 1499 1747 1532 cum
1760 1499 1794 1532 in
1808 1498 2063 1541 supradictorum
2073 1495 2136 1531 hae·

1229 1547 1422 1591 'reticotum
1435 1546 1650 1583 damnatione
1660 1549 1811 1583 omnium
1825 1548 1965 1584 vestrum
1976 1548 2076 1582 fuerit
2085 1548 2134 1581 in-

1245 1606 1335 1639 tegra
1350 1598 1815 1642 subscriptio,nihilomnino
1837 1598 1895 1639 fit,
1919 1598 2005 1633 unde
2032 1597 2133 1632 ullius

1244 1646 1540 1689 diffimularionis,
1564 1649 1616 1683 vel
1641 1648 1851 1693 negligentia
1874 1672 1887 1689 ‚
1918 1648 1971 1683 vel
1993 1646 2132 1682 occultae

1244 1695 1375 1731 forsitan
1399 1699 1564 1741 pravitatis
1578 1698 1688 1742 aliqua
1702 1699 1847 1735 videatur
1858 1695 1976 1735 merito.
1999 1707 2131 1731 reman-

1242 1745 1314 1783 fisse
1340 1747 1501 1794 suspicio.
1529 1752 1576 1782 Et
1602 1750 1665 1782 alia
1691 1760 1804 1782 manu:
1831 1749 1925 1792 Opto
1943 1773 1956 1790 ‚
1980 1748 2129 1787 Fratres,

1243 1795 1327 1830 bene
1352 1801 1468 1834 vivatis
1491 1799 1556 1833 mei
1579 1810 1758 1834 memores.
1789 1798 1876 1833 Data
1898 1796 2041 1832 Kalend.
2058 1798 2131 1830 Au·

1242 1845 1732 1900 gusti,Carthagine,Monaxio
1742 1849 1777 1887 ἀ
1791 1847 1928 1887 Ριίιιώι,
1939 1845 2128 1884 cosulibus.

1293 1950 1465 1992 Constantii
1492 1948 1608 2001 Augusti
1632 1952 1698 1984 Lex
1719 1949 1867 1985 adversus
1879 1947 2076 1992 Pelagianos.

1244 2052 1307 2137 P
1323 2049 1417 2096 Ergit
1429 2047 1590 2084 Photius:
1618 2051 1725 2082 Etiam
1737 2047 1930 2088 constantius
1941 2068 1952 2086 ,
1978 2046 2124 2086 Placidi«

1350 2103 1475 2143 conjux,
1502 2101 1711 2134 Valentiniani
1735 2104 1859 2132 minoris
1876 2100 1969 2131 Pam·
1985 2121 1998 2137 ,
2019 2100 2059 2132 de
2071 2099 2129 2133 ce·

1239 2154 1316 2192 tellio
1341 2153 1476 2185 baeretico
1486 2155 1518 2182 in
1543 2150 1667 2183 exilium
1676 2150 1812 2189 pellendo
1831 2145 1946 2190 scripfit
1963 2149 2122 2183 Decretum

1241 2204 1282 2233 ad
1302 2199 1486 2239 Volusianum
1497 2198 1579 2232 urbis
1599 2199 1801 2239 Praef'ec‘lum.
1829 2200 1896 2245 ,ραι
1913 2199 2039 2241 quidem
2065 2200 2120 2232 Va·

1240 2249 1368 2292 lulianus
1378 2274 1388 2289 ,
1400 2248 1517 2282 SanHae
1529 2249 1670 2280 Melaniae
1685 2250 1817 2281 Patruus
1830 2271 1840 2286 ,
1861 2259 1930 2284 cum
1952 2247 2123 2282 Gentilibus

1239 2298 1460 2343 tuncsentiebar
1470 2323 1482 2339 ‚
1503 2306 1536 2329 at
1549 2298 1621 2334 dum
1631 2307 1699 2330 eum
1709 2307 1785 2330 mors
1800 2299 1948 2338 Legatum
1971 2297 2123 2337 Constan-

1240 2351 1361 2392 tinopoli
1382 2357 1520 2393 agentem
1542 2345 1697 2390 invaserat
1711 2370 1722 2385 ,
1744 2347 1793 2381 ad
1810 2344 2018 2378 orthodoxam
2026 2345 2122 2388 fidem

1239 2400 1371 2441 tranfiit,
1396 2395 1625 2440 baptizatusque
1638 2395 1676 2436 est
1698 2398 1718 2430 ἃ
1744 2397 1771 2432 5.
1796 2394 1895 2433 Proclo
1918 2394 2126 2434 Constantino-

1237 2453 1392 2492 politano.
1421 2447 1490 2483 Hio
1509 2447 1553 2480 est
1577 2445 1795 2481 nobiliffimus
1817 2445 1879 2481 ille
1899 2444 2123 2484 Volusianus,

1241 2500 1281 2539 ad
1304 2510 1402 2543 quem
1416 2497 1515 2531 varias
1527 2496 1566 2530 de
1579 2495 1642 2530 fide
1655 2495 1764 2530 nostra
1788 2494 1953 2539 epistolas
1975 2494 2067 2529 dedit
2091 2495 2122 2533 S.

1241 2550 1455 2595 Augustinus.
1486 2548 1526 2580 Et
1539 2545 1624 2579 hanc
1640 2547 1746 2591 legem
1758 2545 1776 2578 ὲ
1786 2544 1928 2578 tenebris
1938 2545 2025 2577 eruit
2054 2546 2120 2578 exi-

1242 2600 1327 2636 mius
1347 2598 1513 2636 Henricus
1525 2595 1664 2632 Gravius
1672 2593 1686 2626 .‘
1708 2594 1796 2631 Data
1807 2594 1853 2628 est
1862 2591 2051 2628 Theodosii
2065 2605 2125 2629 no-

1242 2662 1284 2683 no
1293 2675 1303 2690 ,
1332 2648 1430 2686 tertio
1443 2644 1634 2685 Constantii
1643 2644 1832 2682 Consulatu
1845 2668 1857 2684 ,
1869 2655 1960 2681 anno
1980 2643 2124 2679 Domini

1240 2697 1562 2744 quadringentesimo
1577 2694 1847 2740 vigefim03Tunc
1858 2693 1947 2732 enim
1960 2692 2124 2729 Constan-

1241 2751 1304 2788 tius
1317 2749 1334 2782 ὁ
1347 2749 1472 2783 Caesare
1482 2742 1648 2781 exaltatus
1659 2745 1722 2779 fuit
1736 2745 1771 2779 in
1785 2743 1976 2788 Augustum
1988 2768 1996 2781 ,

1291 2799 1440 2847 Qidam
1455 2808 1507 2840 per
1519 2795 1691 2834 Aurelium
1704 2793 1882 2832 Primatem
1893 2791 2063 2837 degradati
2078 2791 2122 2825 E-

1241 2852 1270 2894 pi
1277 2851 1361 2895 scopi
1375 2849 1406 2883 &
1419 2846 1561 2887 Clerici,
1586 2857 1646 2879 nec
1660 2857 1727 2882 non
1738 2844 1771 2878 &
1785 2843 1850 2888 ipse
1861 2841 2027 2879 celestius
2037 2866 2049 2883 ,
2062 2843 2121 2877 de·

1242 2900 1310 2935 nuo
1323 2900 1483 2933 accessere
1494 2894 1824 2937 Constantinopolim
1838 2919 1849 2935 ,
1864 2893 1883 2927 a
1895 2902 1983 2926 novo
1997 2890 2122 2926 Princi-

1241 2963 1280 2998 pe
1292 2948 1492 2986 Constantio
1505 2947 1662 2989 sperantes
1674 2942 1801 2987 Synodi
1823 2941 1984 2989 generalis
2005 2942 2121 2977 solati-

1241 3013 1295 3037 um
1314 3013 1320 3032 :
1348 2999 1464 3032 Novus
1475 2998 1563 3032 enim
1576 2995 1731 3038 Princeps
1742 2994 1822 3029 solet
1838 2995 1872 3027 in
1897 2991 2120 3035 supplicantes

1211 3076 1218 3081 s
1241 3052 1307 3087 esse
1322 3048 1471 3093 pronior.
1502 3047 1613 3083 Etiam
1628 3044 1836 3084 Volusianus,
1859 3041 2119 3087 utpotegentilis

1240 3100 1380 3143 ideoque
1392 3098 1554 3142 originale
1565 3093 1744 3139 peccatum,
1757 3104 1794 3127 ac
1805 3093 1873 3136 ejus
1886 3092 2118 3127 medicinalem

1238 3147 1564 3197 JESU-CHRISTI
1574 3144 1712 3191 gratiam
1723 3154 1789 3176 non
1813 3153 1983 3186 penetrans
1995 3167 2006 3183 ,
2027 3143 2119 3177 vide-

1237 3212 1289 3234 tur
1303 3198 1542 3244 negligentior¹
1567 3193 1952 3238 immodeindulgentim·
1973 3193 2008 3226 iu
2034 3193 2118 3235 ipsos

1237 3251 1348 3285 fuisse.
1380 3250 1474 3282 Hinc
1496 3246 1537 3281 ab
1562 3244 1679 3280 Attico
1704 3243 1869 3287 Episcopo
1891 3243 2039 3277 monitus
2053 3265 2064 3281 ,
2083 3242 2117 3275 δε

1238 3301 1331 3335 avitae
1351 3300 1477 3342 pietatis
1490 3293 1845 3331 memor-Constantius
1857 3317 1867 3335 ,
1890 3292 2115 3337 rigidiffimam

1237 3352 1271 3384 in
1283 3351 1370 3394 ipsos
1381 3349 1484 3385 edixit
1494 3349 1598 3390 legem
1613 3354 1770 3383 ,omnem
1793 3343 1863 3386 ejus
1884 3340 2119 3387 praevaricatio-

1237 3411 1314 3434 nem
1328 3400 1474 3434 sanciens
1486 3398 1551 3431 esse
1563 3394 1736 3437 capitalem
1751 3419 1757 3426 .
1786 3394 1829 3428 Et
1846 3394 1914 3428 haec
1924 3391 2057 3437 quidem
2078 3390 2115 3423 in

1237 3449 1418 3487 Haeteticos
1430 3445 1576 3493 capitalis
1587 3444 1640 3480 lex
1650 3442 1696 3479 est
1708 3445 1862 3480 omnium
1887 3443 2115 3481 Romanorum

1237 3511 1342 3547 prima
1353 3524 1360 3531 -
2009 3536 2080 3576 Au-
