2366 3736
89 850 145 899 46.

46 2644 104 2682 23.
127 2635 199 2678 Sep.

52 2985 123 3019 Lib.
137 2984 167 3019 6.

50 3047 115 3079 cap.
130 3046 184 3083 34.

358 159 446 212 De
480 156 761 221 'Am-rQ'uA
795 154 1165 207 Drsclssnua
1199 156 1443 205 Cnarsrss
1478 157 1755 205 Μηιτῐῑε.
1893 157 1990 216 ις’-ς’

217 245 326 282 hahere
342 244 515 288 servarum.
540 245 631 291 Qin
650 243 720 278 imo
742 239 966 284 philippicum
988 238 1092 283 lmpe-
1202 238 1286 273 Item
1311 239 1492 282 Episcopus
1519 242 1606 275 Otto
1623 240 1734 275 scribit
1757 238 1791 274 in
1820 239 1965 276 secundo
1986 240 2022 276 li·

216 294 330 331 raioris
352 293 505 331 Mauririi
527 295 675 335 Ducem,
703 292 782 326 dum
795 290 980 324 Dominico
1001 290 1054 323 die
1073 290 1092 323 a
1154 288 1213 322 bro
1232 290 1274 323 de
1288 289 1395 324 Gestis
1416 290 1624 332 Imperatoris
1636 289 1789 325 Friderici
1816 289 1942 332 Primi,
1967 291 2025 325 ob-

214 347 318 380 Perfis
344 347 533 387 invaditur,
559 347 590 379 se
611 343 743 378 armasse
763 366 774 382 ‚
810 340 844 374 &
861 340 954 374 fuisse
975 340 1092 382 praelia-
1153 339 1286 373 fidentis
1304 341 1470 374 civitatem
1494 340 1739 376 Terdonensem
1758 354 1766 374 :
1801 344 2027 384 appropinqua-

215 405 285 428 tum
309 397 441 430 testatur
465 398 494 430 S.
508 396 636 435 Martyr
656 390 901 435 Theophanes.
931 389 1009 432 Ejus
1033 400 1092 423 ver·
1154 390 1207 422 bat
1229 388 1374 432 Paschale
1385 389 1515 431 festum,
1542 392 1574 423 (5·
1591 394 1734 433 Princeps
1754 392 1913 434 Religionn
1934 396 2026 425 intui-

213 444 254 479 ba.
276 446 436 480 adducam
459 445 611 480 inferius.
640 442 734 477 Hinc
754 443 841 477 lucet
864 441 1093 483 exceptionem
1156 449 1189 472 tu
1207 449 1331 482 quatuor
1352 436 1455 475 diebus
1477 461 1488 477 ,
1525 441 1557 470 id
1578 439 1615 479 est
1637 448 1743 482 quinta
1768 445 1870 474 Coenae
1903 445 2028 474 Domini

213 494 300 529 hanc
320 499 382 530 effe
402 493 677 538 antiquissimam.
1150 489 1236 531 feria
1255 488 1343 532 usque
1366 492 1410 531 ad
1425 495 1574 531 proximae
1595 489 1750 532 Pascbalis
1769 490 1963 525 bebdomadae
1981 489 2030 534 se-

264 545 317 578 Ex
342 546 488 579 adductis
510 543 680 588 Astrologi
705 542 809 578 verbis
827 540 981 575 discimus
1002 540 1094 574 istam
1157 541 1284 572 tundam
1293 539 1433 580 feriam,
1459 539 1498 571 ab
1519 544 1598 571 arcis
1630 546 1847 583 impugnatione
1866 541 2031 584 cessandum

213 595 365 638 pietatem
385 595 471 637 apud
496 592 642 635 Majores
669 594 795 627 nostros
815 592 910 625 fuiffe
932 589 1015 625 adeo
1037 591 1097 624 lar·
1151 589 1278 630 statuit.
1306 594 1410 632 itaque
1427 595 1570 631 proxima
1582 589 1618 621 de
1637 588 1815 631 hincferia‚
1842 592 1877 623 id
1895 591 1954 631 est,
1981 592 2031 625 die

213 656 289 690 garn
311 668 323 684 ,
359 653 397 677 ut
429 643 528 678 etiam
558 654 613 686 per
638 655 772 677 omnem
806 640 1096 689 Qadragesimam
1158 652 1219 681 qua
1245 641 1334 680 Paffio
1357 643 1477 672 Domini
1493 646 1526 672 in
1553 637 1717 680 Pamsceve
1733 642 1752 671 ἃ
1771 640 1881 672 cunetis
1909 640 2034 680 christi-

213 706 282 729 non
306 693 493 728 bellaretur.
524 694 606 727 Non
635 703 703 727 erat
734 693 939 733 voluntaria,
967 691 1021 725 sed
1044 702 1098 734 per
1158 692 1227 722 colis
1248 690 1411 723 celebratur
1429 714 1440 730 ‚
1466 690 1574 722 Clerici
1593 690 1627 722 (θ’
1651 688 1792 722 Monacbi
1813 700 1878 722 cum
1900 691 2035 731 Oppida-

213 743 393 778 Ecciefiam
414 744 513 787 jussa,
539 755 578 777 ac
605 753 756 787 praecepta
780 744 881 787 pietas
895 766 903 774 .
930 743 1034 775 Lucet
1057 752 1097 773 ex
1160 746 1208 772 nit
1228 740 1346 782 inclusi,
1374 739 1501 780 vestibus
1519 742 1616 772 Sacris
1635 740 1751 777 induti,
1779 750 1843 771 cum
1865 738 2036 779 Crucibus,

213 793 337 828 laudati
360 794 537 828 Pontificis
569 793 703 827 Nicolai
732 794 902 836 Rescripto
933 793 973 825 ad
995 791 1098 834 praefa-
1159 790 1332 824 Thuribulis
1357 815 1367 830 ‚
1404 789 1576 833 caterisque
1593 789 1759 828 Christiani
1783 794 1860 821 ritus
1884 801 2037 822 ornamen-

213 854 266 878 «οε
293 844 471 888 Bulgaros:
493 848 526 889 J
529 855 580 876 am
602 846 671 876 vero
689 841 721 884 fi
737 840 995 887 ‚Quadragefimnli
1029 851 1098 874 tem·
1160 845 1221 879 tis,
1245 847 1341 882 portis
1361 847 1477 883 aperus
1499 865 1510 881 ,
1549 841 1643 884 egressi
1662 841 1708 871 ad
1726 842 1865 879 Tentoria
1888 841 2037 880 Principis

210 904 282 938 pore
304 895 415 936 liceat,
435 893 463 934 fi
486 893 631 932 neceffitas
651 898 743 936 exigit
768 918 779 934 ‚
816 894 867 926 vel
880 890 905 932 fi
929 903 985 924 non
1006 896 1098 933 exigit
1160 897 1264 923 venire
1283 892 1464 933 cupiebant,
1495 890 1760 923 Liber-ationem&
1773 897 1878 930 pacem
1890 887 2040 931 supplica-

215 945 279 978 ulla
301 946 443 985 neceffitas
456 968 467 985 ‚
493 945 538 976 ad
556 943 633 975 bella
654 945 808 984 procedere
828 968 839 984 ,
878 954 935 974 non
953 940 1037 975 vobis
1063 939 1099 978 est
1160 946 1222 979 turi
1237 965 1244 973 .
1272 941 1325 974 Ex
1348 941 1468 985 quibus
1488 941 1642 974 discimus
1661 941 1741 974 tria:
1769 938 1883 972 Primo
1903 962 1914 978 ,
1950 936 2040 983 quod

215 994 399 1036 neceffarium
422 993 624 1034 exponendum
645 1018 656 1033 ,
694 1005 759 1026 cum
778 1006 818 1028 ex
840 999 976 1034 priorum
996 998 1101 1033 propo-
1159 992 1248 1025 avita
1279 991 1313 1025 in
1348 990 1604 1039 Qadragefirna
1641 991 1819 1024 reverentia
1842 1000 1922 1023 tunc
1956 988 2042 1032 apud

208 1044 345 1087 fitc'onum
361 1042 554 1086 solutionibus
576 1066 589 1078 ‚
624 1045 702 1084 quid
721 1055 777 1078 vos
805 1048 965 1077 conveniat
987 1053 1098 1086 agere,
1163 1052 1222 1074 nos
1241 1041 1380 1076 Latinos
1400 1041 1563 1076 vacillaret
1587 1066 1595 1072 .
1634 1041 1766 1074 Etenim
1790 1039 1854 1082 jam
1878 1050 1955 1072 ante
1981 1037 2043 1071 hos

214 1099 307 1127 etiam
330 1094 412 1126 nobis
434 1093 620 1133 tacentibus,
643 1096 714 1134 jam
739 1094 796 1136 ipsi
813 1095 960 1136 colligatis
984 1117 991 1124 .
1029 1093 1098 1125 Bel·
1161 1092 1372 1126 sanssiffimos
1405 1093 1475 1126 dies
1504 1091 1686 1126 Fridericus
1718 1091 1913 1124 Terdonarn
1934 1090 1968 1121 δε
1987 1089 2044 1122 ob-

212 1145 306 1177 Iorum
323 1145 434 1186 qnippe
457 1145 490 1176 (τ
511 1145 684 1185 praeliorum
707 1151 871 1178 certamina
892 1154 942 1176 nec
965 1154 1022 1175 non
1042 1153 1096 1173 om<
1162 1141 1302 1183 sederat,
1331 1144 1364 1176 &
1386 1144 1593 1187 impugnarat
1607 1167 1614 1173 .
1637 1139 1791 1175 Secund&
1813 1166 1824 1181 ,
1855 1140 1946 1183 qnod
1969 1138 2044 1172 isto·-

214 1199 299 1227 nium
313 1195 480 1237 jurgiorum
504 1199 615 1234 initia,
642 1194 795 1228 diabolicae
810 1195 938 1237 fraudis
957 1192 1031 1235 sunt
1052 1205 1098 1224 ar·
1163 1204 1234 1225 rum
1259 1194 1487 1236 principalium
1515 1193 1641 1226 dierum
1664 1190 1841 1225 reverentia
1869 1201 1949 1223 tunc
1968 1189 2046 1222 effet

214 1252 244 1276 te
261 1243 394 1286 proselio
416 1253 538 1286 reperta
559 1268 571 1283 ,
606 1245 640 1277 (9
660 1246 814 1278 dilatandi
839 1250 922 1287 regni
952 1244 1099 1285 cupidus,
1163 1244 1197 1275 in
1222 1243 1322 1285 pleno
1356 1241 1461 1277 adhuc
1482 1243 1594 1287 vigore
1621 1266 1627 1273 .
1665 1241 1810 1281 Tertio,
1838 1240 1928 1283 quod
1951 1239 2048 1273 Chri-

214 1295 267 1327 veI
286 1299 362 1334 irae,
389 1295 440 1327 vel
460 1295 588 1327 invidiae
614 1318 625 1333 ,
661 1297 713 1328 vel
731 1297 809 1329 alius
841 1292 1008 1336 cujuspiam
1029 1296 1100 1325 vitii
1164 1292 1258 1325 stiani
1281 1292 1452 1335 Principes
1474 1291 1519 1335 qb
1541 1292 1632 1325 istam
1656 1292 1871 1325 reverentiam
1891 1290 2049 1323 cessarent

216 1343 336 1376 deieiior
360 1353 480 1376 tantum
502 1344 550 1376 his
574 1346 727 1378 intendere
746 1371 756 1386 ,
793 1346 847 1389 seu
869 1344 1011 1377 delec‘lari
1033 1353 1098 1374 cono
1166 1354 1232 1376 non
1254 1341 1427 1375 dumtaxat
1451 1342 1469 1374 a
1490 1342 1606 1384 praeliis
1624 1364 1634 1378 ,
1670 1341 1722 1373 sed
1749 1341 1783 1372 &
1817 1337 1964 1372 hostibus
1987 1338 2050 1380 ple-

219 1398 371 1426 vincitur.
400 1397 444 1426 Et
465 1395 549 1433 ideo,
568 1393 599 1434 fi
617 1397 701 1427 nulla
722 1404 825 1439 urgeat
846 1394 1013 1433 net-efficat,
1041 1390 1100 1424 non'
1166 1402 1241 1425 narn
1255 1403 1367 1434 pacem
1389 1391 1522 1425 darent.
1552 1391 1594 1423 Et
1615 1390 1656 1422 de
1677 1386 1845 1422 Reinaldo
1870 1388 2052 1423 Colonien-

216 1442 310 1485 solum
331 1443 589 1486 ,Quadragefimali
620 1452 772 1484 tempore,
794 1443 853 1485 sed
870 1448 948 1475 omni
967 1443 1003 1482 est
1022 1450 1102 1483 prae-
1165 1442 1186 1474 s1
1210 1441 1501 1485 Archi-Episcopo
1522 1465 1533 1481 ,
1563 1437 1704 1483 ejusdem
1734 1437 1894 1472 Friderici
1917 1437 2054 1471 Confes-

218 1494 269 1525 liis
294 1492 499 1531 abstinendum
521 1517 527 1523 .
565 1493 598 1522 si
616 1500 716 1525 autem
735 1493 925 1526 inevitabilis
946 1501 1031 1534 urget
1053 1499 1101 1532 op·
1167 1492 1247 1526 sario
1270 1493 1305 1525 ὅ(
1327 1492 1526 1525 Confiliario
1548 1516 1558 1531 ,
1588 1490 1698 1523 scribit
1728 1487 1939 1524 Godefredus
1958 1488 1998 1522 ad
2021 1489 2052 1521 S.

215 1547 412 1585 portunitas,
438 1552 488 1574 nec
510 1541 766 1587 ,Quagragefimali
792 1542 829 1583 est
850 1552 981 1584 tempore
1001 1567 1011 1582 ,
1047 1550 1104 1583 pro
1167 1542 1405 1577 pantaleonem
1429 1541 1583 1575 Coloniae
1605 1539 1814 1573 Monachus:
1842 1543 1971 1571 Romani
1989 1550 2054 1571 con-

220 1590 385 1633 defenfione
405 1601 469 1624 tam
485 1590 541 1635 sua
565 1603 656 1633 quam
681 1594 794 1634 patrt'ae
816 1619 826 1633 ,
857 1592 909 1636 seu
930 1592 1023 1635 ligum
1046 1601 1102 1633 pa·
1167 1593 1273 1625 trallis
1295 1598 1384 1634 copus
1408 1591 1483 1635 sata
1506 1593 1541 1625 (τ
1559 1596 1669 1624 vineas
1679 1588 1911 1631 Tusculanorum
1935 1588 2053 1628 vastare
2099 1581 2197 1632 1167-

216 1650 371 1675 ternarum
383 1666 392 1681 ,
418 1642 557 1675 bellorum
573 1643 774 1682 proculdubio
793 1647 1014 1685 praepararioni
1030 1651 1102 1683 par·
1166 1651 1315 1684 coeperunt
1340 1665 1350 1681 ‚
1378 1645 1412 1676 (9
1437 1643 1621 1674 Ruinaldum
1642 1639 1821 1682 Episcopum
1841 1638 1983 1681 obsidione
2003 1651 2055 1672 ae·-

218 1694 362 1725 cendum:
392 1695 445 1724 Ne
461 1693 598 1725 videlicet
621 1695 715 1724 Deum
738 1693 880 1726 videatur
901 1692 986 1725 homo
1007 1702 1100 1725 tenta·
1167 1694 1247 1727 itare
1273 1719 1279 1725 .
1323 1691 1390 1735 Ipse
1414 1702 1514 1725 autem
1532 1692 1567 1724 ob
1590 1696 1790 1724 reverentiam
1814 1692 1911 1723 sacrae
1934 1691 1993 1722 diei
2010 1695 2053 1722 in·

220 1753 273 1782 re,
293 1740 323 1782 fi
335 1740 424 1774 habet
443 1743 522 1783 quod
534 1741 639 1782 faciit
659 1767 671 1783 ‚
708 1745 743 1777 (5
762 1742 828 1785 suae
848 1754 882 1776 ac
905 1745 1030 1776 aliorum
1048 1741 1103 1784 sa-
1168 1752 1219 1776 tra
1245 1754 1343 1775 muros
1368 1742 1402 1786 se
1428 1748 1575 1776 continuit
1599 1766 1607 1773 .
1647 1742 1725 1774 Erat
1754 1740 1867 1784 vigilia
1895 1739 2054 1773 Penteco-

218 1792 276 1824 luti
300 1790 441 1834 consulere
463 1804 519 1824 non
539 1799 677 1834 procurat
698 1817 709 1832 ‚
746 1795 780 1827 ὡ·
797 1792 919 1836 sant‘lae
937 1794 1102 1836 Religionis

217 1843 401 1875 detrimenta
424 1853 482 1874 non
501 1850 589 1875 cavet
611 1867 617 1873 .
656 1843 819 1877 Adfirmat
844 1856 911 1877 non
936 1842 1103 1885 quodvis,

216 1890 272 1926 sed
293 1890 493 1925 defenfivum
515 1893 683 1926 dumtaxat
701 1893 823 1927 bellum
848 1894 944 1927 licere
967 1894 1000 1925 in
1013 1892 1104 1940 Qa-

219 1942 395 1984 dragefirnn
415 1966 425 1981 ‚
466 1943 500 1975 ὃς
522 1941 654 1985 quidem
686 1954 753 1976 non
783 1944 840 1977 nili
861 1944 906 1977 ob
932 1943 1103 1977 inevitabi-

2041 330 2108 364 cap.
2125 329 2139 354 1
2146 317 2175 355 8.

1169 1795 1242 1827 stes.
1273 1794 1316 1826 Et
1345 1793 1378 1826 in
1403 1801 1498 1826 tanto
1521 1792 1574 1825 die
1595 1790 1779 1824 Reinaldus
1803 1790 1913 1823 noluit
1936 1790 1986 1823 vel
2001 1788 2052 1822 de-

1168 1842 1286 1877 fensive
1321 1842 1454 1886 praeliari
1474 1867 1481 1874 .
1519 1843 1561 1875 Et
1585 1842 1626 1875 de
1661 1839 1846 1874 Saxonibus
1879 1839 2048 1873 adversum

1169 1894 1355 1927 Henricum
1376 1892 1435 1925 lV.
1460 1892 1693 1935 Imperatorem
1717 1892 1751 1923 in
1774 1890 1961 1923 Dominicae
1982 1891 2052 1923 Na—

1169 1944 1311 1977 tivitatis
1333 1941 1445 1986 vigilia
1469 1942 1711 1985 praeliantibus,
1738 1941 1846 1974 scribit
1866 1940 1897 1973 in
1922 1940 1988 1981 ejus
2005 1939 2052 1972 A·

1171 1994 1307 2036 poiogia
1329 1994 1505 2025 Wernerus
1526 1992 1742 2025 Vercellensis
1765 1991 1966 2033 Episcopus:
1993 1991 2050 2022 Ec-

1168 2043 1197 2075 ce
1226 2044 1302 2084 quid
1323 2041 1450 2082 faciunt
1485 2040 1607 2083 hareses
1629 2043 1662 2073 (θ’
1680 2039 1846 2083 schismata
1868 2041 1884 2071 ἔ
1923 2041 1995 2071 dicit
2016 2045 2048 2071 in

1168 2095 1253 2125 corde
1270 2087 1328 2134 suo'
1344 2096 1474 2134 cognatio
1485 2103 1580 2123 eorum
1595 2091 1699 2132 fimul:
1729 2089 1883 2132 ‚Quia-scere
1894 2089 2048 2130 faciamus

1168 2153 1266 2174 omnes
1289 2143 1353 2173 dies
1370 2141 1461 2182 festos
1486 2144 1542 2173 Dei
1568 2145 1587 2172 ᾶ
1611 2150 1712 2173 terra.
1741 2140 1850 2183 Urget
1873 2139 1962 2173 hunc
1984 2141 2048 2173 effe

1168 2191 1280 2230 diem,
1309 2191 1342 2222 in
1366 2201 1433 2232 quo
1450 2190 1691 2234 sanetiAngeii
1718 2199 1954 2230 cantaverunr‚·
1982 2189 2050 2220 Glo-

1167 2247 1216 2273 ria
1232 2247 1268 2272 in
1289 2239 1405 2280 excelsis
1426 2242 1485 2272 Deo
1508 2264 1518 2280 ,
1556 2241 1591 2273 &⁹
1614 2244 1646 2271 in
1668 2249 1750 2272 terra
1769 2248 1838 2280 ,vaxv
1858 2238 2046 2280 hominibu53

1167 2292 1200 2324 ὅ(
1221 2290 1372 2334 adjungit
1395 2302 1402 2321 :
1431 2293 1481 2321 Ea
1504 2298 1569 2321 tam
1583 2289 1699 2331 festiva
1722 2289 1910 2331 solemnitate
1930 2290 2048 2331 Angelo-

1166 2352 1232 2372 rum
1244 2351 1333 2382 atque
1356 2339 1508 2373 hominum
1522 2340 1629 2381 fac‘lus
1648 2340 1685 2379 est
1709 2340 1802 2371 lullus
1825 2346 1950 2382 ingeni,
1978 2350 2047 2370 moe·

1165 2403 1236 2430 ror,
1263 2401 1353 2432 atque
1377 2389 1518 2430 tristitia,
1545 2391 1578 2422 (τ’
1599 2389 1692 2431 effufio
1711 2389 1835 2421 humani
1865 2387 2023 2431 sanguinis
2038 2412 2045 2419 .

1168 2441 1210 2474 Et
1236 2441 1277 2473 de
1298 2441 1432 2473 Francis
1456 2440 1651 2473 Vernolium
1668 2441 1701 2473 in
1727 2437 1946 2472 Nortmandia
1961 2438 2046 2471 obfi-

1166 2491 1320 2525 dentibus
1342 2515 1353 2530 ‚
1391 2502 1428 2523 ac
1458 2491 1490 2523 in
1515 2489 1721 2523 pentecostes
1747 2490 1801 2521 die
1827 2488 2045 2531 impugnanti-

1167 2542 1225 2574 bus
1247 2563 1258 2580 ,
1290 2550 1366 2573 curn
1390 2551 1501 2572 amaro
1523 2538 1693 2573 stomacho
1717 2538 1823 2572 scribit
1847 2537 2044 2581 Radulphus
2092 2555 2189 2593 1194,

1166 2590 1364 2624 Dicetenfis:
1392 2592 1472 2620 Tunc
1494 2595 1634 2630 temporis
1659 2588 1789 2628 instabat
1811 2589 1876 2620 dies
1909 2589 1958 2620 ille
1980 2600 2043 2620 ma-

1160 2653 1239 2684 gnus
1257 2665 1268 2680 ‚
1305 2639 1425 2674 celebris
1449 2640 1498 2671 ille
1519 2641 1604 2679 dits,
1632 2639 1783 2679 Majestati
1805 2639 1867 2671 dies
1898 2639 2040 2678 altiffimae

1165 2692 1340 2729 dedicatus,
1366 2690 1429 2720 dies
1450 2690 1590 2730 optabilis
1613 2694 1668 2721 toti
1689 2689 1822 2728 Mundo,
1849 2689 1910 2720 dies
1935 2691 2040 2722 Pente.

1165 2740 1247 2780 costes
1268 2764 1278 2780 ‚
1301 2739 1408 2780 populo
1428 2738 1597 2779 christiano
1620 2748 1675 2780 per
1696 2738 1791 2770 orbem
1817 2747 1965 2770 terrarum
1990 2749 2040 2771 ve-

1164 2790 1317 2823 nerandus
1350 2788 1456 2831 ubique
1474 2813 1482 2820 .
1521 2789 1563 2822 Et
1594 2790 1634 2822 de
1658 2787 1824 2832 Stephano
1848 2787 2038 2831 Anglorum

1167 2841 1257 2883 Rege
1279 2837 1375 2872 habet
1389 2838 1529 2882 Joannes
1551 2839 1772 2881 Bromptonus
1793 2837 1906 2871 Abbas
1928 2838 2038 2880 Jorna·

1165 2889 1256 2923 lenfis
1276 2902 1287 2922 .·
1316 2888 1485 2930 Stephanus
1508 2893 1575 2922 Rex
1597 2897 1667 2922 ante
1689 2892 1896 2921 Nativitatem
1918 2892 2037 2926 Domini

1164 2946 1195 2972 in
1210 2940 1346 2982 Angliam
1363 2941 1474 2982 rediit3
1502 2940 1536 2972 &⁰
1553 2948 1607 2980 per
1620 2947 1710 2971 totum
1729 2938 1865 2976 Natale,
1891 2943 2034 2980 incipiens

1163 2990 1202 3022 ab
1227 2987 1293 3031 ipsa
1313 2991 1443 3032 Vtgdta,
1472 2990 1670 3030 Bedsordiam
1682 2987 1814 3030 obsedit.
1841 2991 1886 3019 Et
1910 2989 1946 3022 de
1967 2998 2036 3022 tan-

1164 3050 1197 3072 ta
1219 3041 1406 3072 solemnitate
1438 3051 1495 3071 non
1514 3050 1621 3071 curans
1650 3038 1689 3070 ab
1711 3037 1849 3079 obfidione
1878 3049 1936 3071 non
1953 3039 2036 3081 cessa-

1164 3090 1238 3130 bat,
1258 3091 1348 3123 donec
1374 3088 1506 3128 Castrum
1523 3088 1576 3128 fibi
1596 3086 1754 3130 adversum
1778 3089 1899 3130 coepiffet
1921 3114 1928 3120 .
1967 3089 2035 3123 Ha-

1165 3140 1272 3174 bemus
1285 3139 1384 3183 longe
1405 3140 1491 3182 plura
1507 3137 1683 3171 istiusmodi
1708 3138 1875 3180 exempla,
1902 3137 2036 3172 demon-

1163 3189 1294 3224 strantia
1330 3189 1495 3222 Festorum
1519 3189 1644 3222 dierum
1673 3199 1727 3230 per
1755 3189 1906 3222 offenfiva
1928 3190 2035 3231 praelia

1164 3240 1377 3274 violationem
1404 3239 1496 3272 fuisse
1517 3239 1598 3272 olim
1622 3240 1785 3272 summum
1807 3239 1931 3272 crimen
1951 3262 1958 3269 .
1990 3238 2035 3271 Et

1162 3289 1236 3324 sane
1260 3291 1280 3323 fi
1304 3300 1382 3323 tunc
1405 3288 1527 3321 servilia
1543 3300 1609 3323 non
1632 3288 1734 3322 licent
1755 3299 1874 3330 opera,
1901 3298 2037 3329 quomo-

1163 3340 1206 3375 do
1230 3340 1350 3374 liceant
1378 3338 1578 3380 homicidia,
1605 3339 1737 3382 aliaeque
1759 3337 1944 3371 Praeliorum
1971 3337 2039 3371 vio·

1163 3390 1297 3425 lentiae?

221 1990 286 2024 lem
311 1990 546 2024 neceffitatem.
579 1993 619 2025 Et
640 1992 790 2035 adjungit
812 2003 891 2025 tunc
926 1992 1102 2024 solummo-

221 2040 266 2074 do
301 2050 369 2073 non
391 2042 454 2073 effe
482 2039 609 2073 licitum
633 2065 642 2079 ‚
685 2041 737 2074 sed
769 2042 869 2074 etiarn
894 2040 1042 2074 debitum
1066 2053 1104 2074 ac

221 2089 457 2134 obligatorium
478 2114 485 2121 .
525 2090 629 2136 Qod
655 2089 771 2132 nempe
792 2101 871 2124 tunc
891 2101 1019 2133 torpere
1046 2090 1105 2124 sub

219 2139 408 2184 Religionis
431 2138 535 2183 specie
559 2163 570 2179 ‚
606 2140 639 2173 &
662 2141 834 2174 necessaria
857 2140 979 2173 auxilia
1002 2140 1103 2184 negli-

219 2201 316 2234 gere,
343 2191 381 2222 fit
404 2190 524 2233 species
547 2190 678 2223 Divinae
714 2191 910 2223 tentationis
930 2215 937 2221 .
978 2189 1030 2222 Ex
1055 2200 1101 2222 ea·

218 2239 295 2273 dem
318 2239 448 2282 Regula
469 2240 592 2272 sanstus
609 2237 773 2274 Gerardus
796 2238 1049 2273 Choenodienfis
1067 2239 1100 2271 in

220 2288 395 2332 Hungaria
419 2288 598 2331 Episcopus
618 2313 629 2328 ,
666 2289 706 2323 ad
736 2290 873 2323 Ivonem
897 2290 1101 2331 Tyrannum

219 2338 333 2383 Regni
365 2339 544 2371 invasorem
570 2364 578 2378 ‚
613 2338 658 2371 est
692 2339 824 2382 publice
861 2341 1101 2373 concionatus:

221 2387 399 2431 observatio
416 2386 530 2430 sanc‘lae
555 2388 797 2433 ‚Quadragefimae
820 2388 1026 2431 peccatoribus
1046 2398 1103 2430 pro

221 2445 316 2474 venia
329 2462 338 2477 ,
358 2438 448 2479 justis
466 2448 523 2480 pro
542 2444 669 2480 praemio
689 2438 727 2477 est
748 2439 902 2478 constituta
917 2464 926 2479 ‚
954 2450 1046 2481 quam
1068 2447 1100 2470 tu

225 2493 292 2521 Rex
312 2499 377 2521 cum
405 2489 534 2521 caedibus
554 2491 715 2530 pollueris,
741 2491 851 2522 nullam
875 2489 959 2522 hodie
979 2495 1101 2521 veniam

221 2544 343 2570 mereris
368 2563 375 2570 .
410 2539 459 2571 Ita
495 2539 592 2571 habes
626 2540 660 2571 in
687 2541 751 2572 vita
776 2540 898 2573 laudati
925 2539 1100 2582 Episcopi,

220 2587 368 2621 exstante
389 2587 473 2628 apud
504 2588 714 2621 Laurentium
735 2590 884 2622 Surium.
914 2589 994 2622 Haec
1016 2600 1098 2621 reve-

223 2639 327 2671 rentia
343 2637 388 2670 est
411 2636 500 2670 haud
530 2636 630 2670 dubie
651 2638 667 2670 a
691 2639 822 2683 Magno
858 2639 1099 2672 Constantino.

224 2687 358 2721 Etenim
379 2687 413 2720 &
436 2686 500 2728 ipse
521 2687 663 2731 singulas
684 2688 776 2721 ferias
793 2691 895 2723 sextas
915 2714 925 2728 ‚
964 2688 1008 2721 ob
1034 2688 1101 2721 Do-

220 2738 352 2771 minicae
380 2736 540 2770 Paffionis
563 2738 775 2771 reverentiam
811 2739 896 2781 juffit
916 2740 979 2772 esre
1008 2738 1102 2771 ferias

221 2788 241 2821 ὸ.
263 2787 351 2821 bello
372 2787 406 2820 &
427 2786 543 2829 praeliis
564 2812 571 2819 .
609 2786 719 2821 Pietas
743 2787 807 2821 haec
822 2814 831 2827 ,
859 2789 934 2822 licet
965 2788 1102 2821 deficere

223 2839 398 2880 inciperet,
425 2834 531 2871 adhuc
552 2838 770 2880 perseverabat
790 2849 935 2880 tempore
959 2838 1100 2882 Eugenii

223 2887 282 2920 111.
306 2886 494 2921 pontificis.
523 2887 625 2920 Lucet
648 2899 688 2921 ex
716 2889 858 2932 generali
883 2888 1030 2921 Historia
1043 2888 1100 2921 Ot—

228 2938 316 2971 tonis
342 2937 496 2979 Episcopi
522 2938 730 2981 Frisingcnfis
755 2953 765 2971 .·
794 2940 884 2980 Apud
902 2950 952 2970 nos
976 2946 1039 2970 ram
1061 2947 1101 2970 te-

228 2997 276 3019 tra
288 2988 409 3020 videtur
419 2986 559 3029 confufiO,
587 2997 621 3019 ut
641 2998 697 3019 non
717 2987 809 3030 solum
832 2990 943 3031 reliquo
965 2994 1101 3020 annicir-

227 3038 286 3069 culo
300 3038 411 3078 praedo
433 3039 466 3071 (9¹
479 3039 610 3070 incendio
630 3037 733 3070 cuneta
752 3037 970 3081 permisceant,
993 3037 1051 3080 sed
1069 3040 1102 3071 (Ὗ

232 3090 264 3117 in
285 3086 343 3128 ipso
376 3087 635 3131 ‚Quadragefimali
658 3090 691 3121 t&
714 3089 920 3121 Poenitentiali
955 3096 1101 3129 tempore,

228 3144 331 3168 contra
360 3140 490 3170 Divinas
511 3139 544 3170 &
567 3137 714 3171 humanas
748 3139 824 3182 leges
838 3163 848 3178 ,
875 3137 1019 3181 desaevire
1043 3148 1102 3170 non

224 3185 435 3228 pertimescant
455 3211 463 3220 .
498 3187 627 3223 Laudat
648 3189 886 3230 antiquissimos
913 3188 1068 3223 Canones
1090 3212 1101 3228 ‚

228 3236 284 3279 qui
306 3235 498 3278 poenitentes
522 3240 691 3281 personas,
718 3240 863 3283 adeoque
889 3239 923 3272 ὅ(
945 3240 1100 3282 poeniten-

228 3285 318 3319 tialia
336 3294 480 3328 tempora
501 3289 634 3324 mandat
658 3300 770 3323 vacare
796 3289 837 3324 ab
857 3288 952 3323 armis
971 3314 979 3322 .
1017 3290 1099 3323 Sunt

227 3334 439 3376 antiquiffimi
466 3336 640 3380 (iamnes,
668 3338 808 3384 ideoque
840 3340 944 3383 palam
967 3340 1034 3373 nati
1061 3351 1100 3372 ex

230 3381 319 3431 Lege
342 3385 462 3429 Magni
486 3386 715 3422 Constantini.
744 3390 908 3423 Adfirmat
929 3391 990 3424 effe
1010 3390 1099 3424 Divi-

227 3447 306 3469 nam
325 3435 468 3480 Legem:
497 3436 600 3483 Qod
634 3439 752 3483 nempe
774 3441 920 3475 Ecclefiae
942 3440 1062 3474 Canon
1083 3452 1099 3475 a
1211 3438 1411 3475 Godefridus
1436 3437 1665 3485 Lotharingiae
1687 3440 1767 3474 Dux
1789 3462 1799 3477 ,
1820 3435 1898 3470 dum
1923 3437 1961 3470 ad
1990 3437 2042 3471 Sa-

227 3485 352 3521 Divina
373 3485 464 3529 Lege
488 3484 604 3520 habeat
623 3488 788 3532 originem
809 3491 843 3525 &
862 3491 1066 3526 fomentum.
1165 3502 1257 3528 crum
1277 3500 1336 3536 pro
1358 3488 1464 3524 Terra
1487 3490 1600 3526 Sansta
1622 3489 1744 3524 bellum
1768 3487 2045 3531 Constantinopo-

277 3534 384 3576 christ.
412 3539 492 3579 Lupi
519 3540 617 3578 opera
635 3540 712 3573 Tom.
739 3541 798 3572 ΧΙ.
1674 3538 1715 3571 Μ
1767 3550 1789 3574 2
1939 3537 1997 3571 lim

1112 1650 1124 3530 mm*

1144 1856 1157 3338 ‘ss—-fflffi———n———nss
