2366 3736
744 140 805 173 m
837 125 1235 174 PELAGIANAM
1270 123 1565 174 HAERESIM.

216 215 454 258 Fidesquiotem
476 214 591 254 babuit,
613 214 734 257 quando
745 224 792 246 eos
812 221 876 244 cum
893 208 958 252 suae
979 214 1089 250 opinio-

216 270 265 297 nis
273 263 459 307 sequacibus,
470 267 533 299 telis
545 262 798 306 um‘taesententa'ae
810 266 914 293 Oriens
933 258 1087 302 Occidens-

216 326 273 357 que
285 316 423 355 percufflt.
451 319 586 359 Denique
598 313 713 357 sanc¹7ae
732 312 939 344 reeordationis
959 313 1087 350 Atticus,

216 362 380 399 catholica
407 367 546 410 Magister
572 365 681 402 Fidei,
707 363 741 395 (π
762 363 834 398 vere*
855 363 945 397 Beati
950 363 981 404 J
983 364 1105 429 connisi

217 410 405 455 Chrysostoms'
417 422 509 449 etiam
520 415 564 448 ad
571 413 625 454 ista
636 410 786 455 succeffor,
803 417 848 443 ita
859 421 904 443 eos
918 407 1087 452 persecutus

216 462 254 504 est
265 471 321 505 pro
331 469 411 509 Rege
421 469 574 504 communi,
589 471 622 497 ut
632 467 669 495 iis
684 472 735 495 nec
738 461 842 503 standi
852 462 970 503 quidem
980 459 1037 492 illic
1048 469 1089 490 co-

214 514 468 555 piapraestaretur
484 539 492 546 .
520 514 563 547 Et
575 512 675 547 infra:
706 515 842 555 Legimus
864 511 957 552 quam
969 509 1040 542 bene*
1052 518 1091 541 te-

217 572 292 597 neas
311 565 449 607 originale
457 571 623 605 peccatum,
633 563 760 606 qualiter
773 559 870 603 ipsam
880 569 1022 596 naturam
1033 560 1090 592 ad-

216 612 304 657 seras
316 613 484 646 debitricem
495 638 505 654 ,
513 615 546 650 j&
557 616 619 654 eJ’us
632 612 762 647 debitum
773 615 876 644 merito
889 611 1024 650 reddere,
1037 614 1092 654 qui

219 661 365 705 descendit
374 663 411 696 de
420 673 526 707 genere
539 663 689 697 debitoris.
718 662 808 705 ,Quid
815 669 905 697 tecum
909 659 1032 701 faciunt
1042 659 1094 701 qui

215 711 287 756 sunt
296 712 358 746 baec
368 715 502 757 negando
512 714 666 750 damnati.
692 716 866 754 Numquam
889 722 924 744 ea
929 709 990 753 fine
996 707 1093 751 suspi-

218 767 307 804 cione,
333 763 460 805 quaefibt·
469 762 539 806 sunt
552 762 696 806 adversa,
717 767 902 797 conveniunt.
935 763 1095 801 Ejiceren·

218 821 292 853 tur,
313 811 400 854 fitibi
411 824 520 856 quoque
523 813 658 854 fimils'ter
670 810 865 855 displicerent
884 835 891 842 .
910 814 971 843 Cur
989 818 1094 841 tamen

221 874 279 903 ea,
305 874 371 906 quae
393 870 426 896 in
447 863 501 897 hos
521 873 592 897 tunc
602 861 674 906 sune
697 860 765 894 aava
778 884 788 898 ‚
807 871 1004 903 qua-matur,
1032 858 1095 891 cum

221 921 335 945 certum
356 911 394 954 fit
419 915 499 951 illinc
518 915 561 947 ad
585 924 637 951 nos
663 914 683 950 ἃ
708 909 857 949 catholico
885 909 1018 951 Antistite
1045 911 1097 946 At·

221 967 277 996 tico
297 962 385 1002 Gesta
406 963 517 999 diretta
528 964 546 995 ,2

275 1011 486 1056 pelagianam
506 1012 630 1050 sestam
643 1022 722 1049 tunc
733 1010 915 1056 diligebant
926 1010 1023 1050 multi
1037 1009 1101 1044 eti-

224 1071 279 1095 am
301 1062 336 1096 in
359 1062 452 1101 Italia
475 1062 647 1106 Episcopi,
674 1062 854 1106 quosinter
865 1062 926 1095 fuit
941 1061 1102 1104 Julianus,

225 1111 386 1145 Memorii
410 1111 559 1154 Capuan}
587 1112 743 1156 Episcopi
773 1111 983 1155 filius‚quem
1010 1112 1045 1144 in
1059 1110 1101 1146 vi-

225 1170 336 1199 rorum
349 1160 520 1200 illustrium
532 1164 684 1208 catalogo
695 1161 891 1198 Gennadius
903 1159 1105 1198 Massiliensis

227 1210 339 1250 scribit
348 1212 449 1246 etiam
462 1212 556 1248 fuisse
568 1212 769 1256 Episcopum
789 1211 1000 1254 Capuanum.-
1022 1210 1106 1259 Qi-

229 1261 306 1298 dam
333 1262 493 1296 mendum
516 1271 654 1306 putant,
674 1274 712 1297 ac
730 1262 922 1306 legendum,-
943 1259 1106 1303 Episcopus

231 1315 407 1354 Campanus
416 1335 424 1344 .
452 1311 547 1347 Varii
558 1313 678 1348 variam
693 1313 742 1346 illi
754 1313 787 1345 in
799 1310 982 1358 Campania
992 1309 1107 1344 adscri-

231 1360 318 1396 bunt
334 1361 458 1401 sedern-
484 1362 560 1400 Erat
571 1362 697 1405 juvenis
714 1387 724 1404 ,
753 1363 890 1406 ingenio
911 1371 983 1398 acer
1008 1383 1020 1404 ,
1040 1359 1107 1398 elo·

231 1411 314 1454 quio
332 1410 485 1455 germane
509 1411 682 1446 Romanus
694 1436 705 1451 ,
728 1411 837 1449 Graece
847 1422 883 1442 ac
895 1408 1015 1449 Latine
1029 1407 1110 1448 doc-

233 1470 308 1501 ῑυε,
331 1461 501 1504 tantusque
522 1472 648 1498 amator
670 1470 847 1502 pauperum
871 1483 882 1499 ,
908 1469 943 1491 ut
964 1458 1004 1491 de
1039 1458 1109 1501 ipso

235 1521 349 1554 pergat
372 1509 583 1548 Gennadius:
601 1510 757 1554 Julianus
769 1517 899 1550 tempore
903 1507 1000 1548 famis
1014 1509 1048 1541 (u
1059 1519 1110 1539 an-

230 1558 347 1603 gustia,
370 1560 575 1603 indigentibus
588 1559 721 1592 omnibus
727 1558 792 1602 suis
801 1564 969 1601 prorogatis
983 1581 994 1597 ,
1007 1557 1110 1591 multos

233 1606 431 1652 miserationis
439 1607 548 1652 specie,
572 1610 711 1644 nobilium
720 1609 872 1651 pracipu?
890 1605 1111 1651 Religiosorum‚

236 1659 386 1698 illiciens,
413 1658 518 1701 haerefi
531 1659 596 1702 suae
618 1659 767 1703 sbciavIt.

287 1708 460 1753 Pelagii&
471 1710 601 1750 Celestii
614 1711 742 1745 causam
754 1720 809 1753 per
818 1706 962 1743 laudatas
972 1706 1114 1750 Zozyrni

237 1759 555 1802 Encyclicasliteras
569 1772 605 1795 ac
622 1759 768 1799 Honorii
783 1760 889 1803 legem
917 1759 1030 1797 videns
1051 1757 1117 1793 Ro-

238 1820 299 1847 ωε
318 1809 516 1854 desperatam
540 1834 551 1851 ‚
586 1812 706 1857 ipsique
727 1811 905 1853 reparanda:
928 1820 988 1842 nec
1010 1806 1117 1851 hujus,

239 1859 355 1904 utpote
381 1859 537 1903 simplicis
563 1860 725 1895 Monachi
752 1884 762 1900 ‚
789 1871 848 1893 nec
876 1858 988 1896 istius,
1005 1855 1118 1900 utpote

240 1910 389 1954 pauperis
414 1909 620 1956 Presbyteri,
650 1911 792 1945 sufficere
820 1909 973 1948 humeros
991 1930 1001 1946 ‚
1042 1907 1117 1943 suos

242 1959 430 2003 supposuit:
459 1962 490 1994 A
512 1962 648 1996 laudatis
662 1961 763 1995 literis
776 1960 815 1993 ad
826 1959 1013 2003 generalem
1027 1966 1120 1999 appe-

244 2011 327 2047 lavit
346 2010 520 2052 Synodum
534 2034 542 2041 .
571 2011 692 2045 Verum
705 2010 743 2045 ad
757 2010 870 2050 istam,
892 2005 1007 2051 utpote
1022 2007 1120 2040 totius

245 2059 362 2095 mundi
375 2062 644 2101 commotricem,
675 2063 844 2096 Romanus
869 2056 1023 2095 Pontifex
1053 2067 1120 2091 non

245 2110 305 2144 niti
329 2110 415 2144 sacra
434 2108 575 2155 Augusti
601 2112 764 2154 Principis
798 2108 937 2153 juffione
964 2106 1121 2149 compelli

246 2170 387 2203 poterat.
421 2161 513 2194 Hinc
534 2160 861 2203 Constantinopolim
875 2159 914 2192 ad
938 2156 1124 2190 Theodosi-

247 2222 305 2244 um
328 2209 515 2254 Augustum
536 2211 683 2253 Julianus
706 2211 847 2253 Legatos
871 2207 974 2243 misit,
1001 2206 1037 2239 in
1050 2205 1124 2238 Ro-

247 2269 378 2294 manam
396 2260 430 2293 &
441 2259 631 2293 Africanam
644 2259 815 2294 Ecclesiam
839 2254 1124 2292 criminationibus

245 2307 397 2348 onustos,
419 2308 537 2342 dictam
557 2310 732 2352 Synodum
755 2307 972 2351 postulaturos
986 2331 994 2338 .
1023 2306 1125 2352 Lega-

231 2368 357 2394 .torum
369 2370 452 2393 unus
473 2358 600 2393 videtur
613 2360 678 2403 ipse
689 2359 782 2394 fuisse
795 2357 955 2392 Celestius
971 2381 978 2388 .

298 2408 403 2443 Porro
425 2410 458 2441 in
483 2409 621 2450 secreta,
646 2421 746 2453 quam
767 2408 830 2442 suis
853 2406 893 2443 ad
918 2405 1125 2441 Anastafium

248 2457 438 2502 Augustum
470 2459 603 2503 Legatis
631 2458 741 2502 dedit,
773 2458 985 2492 instructione
1018 2455 1127 2489 scribit

251 2508 432 2543 Hormisda
457 2508 628 2542 Pontifex:
656 2510 709 2550 Est
738 2507 912 2551 consuetudo
927 2515 982 2548 per
1004 2504 1124 2548 Episco-

247 2566 322 2600 pum
342 2556 692 2600 Condantinopolttanum
712 2569 810 2591 omnes
834 2562 1009 2598 Imperatori
1030 2555 1124 2589 adve-

251 2619 311 2641 nas
336 2604 514 2649 Episcopos,
533 2607 677 2649 adeoque
703 2609 735 2642 δε
758 2607 904 2642 Clericos
925 2604 1121 2648 praesentari.

252 2657 408 2693 Advenas
432 2656 611 2700 Epist-opos
622 2658 655 2691 ὅς
666 2657 812 2692 Clericos
824 2655 1017 2692 discutiebat
1039 2656 1129 2688 Con-

252 2707 564 2748 stantinopolitanus
576 2707 773 2751 Episcopus,
797 2708 831 2741 &
843 2708 946 2741 sacras
968 2704 1128 2748 Principis

253 2768 345 2792 aures
358 2757 548 2801 incongruis
559 2757 702 2800 precibus
714 2756 874 2791 molestari
885 2767 952 2790 non
966 2754 1128 2798 permitte-

254 2807 309 2842 bat
323 2833 330 2840 .
357 2807 450 2840 Hinc
463 2807 582 2851 juliani
595 2809 735 2852 Legatos
747 2807 890 2846 discussit
901 2806 1032 2839 Atticus
1042 2829 1052 2844 ,
1077 2816 1130 2838 eo-

254 2869 326 2891 rum
339 2858 495 2900 suspestas
506 2868 612 2901 preces
621 2857 758 2892 deduxit
770 2856 809 2891 ad
823 2858 910 2890 suam
933 2856 1104 2897 Synodum
1122 2877 1144 2903 ,Ι

255 2906 423 2942 damnavit
443 2908 618 2951 dogmata,
654 2908 852 2951 Apostolicae
875 2906 964 2940 Sedis
989 2905 1128 2938 firmavit

257 2957 416 3000 judicium
430 2982 440 2998 ,
465 2957 550 3001 ipsos
562 2960 701 2992 removit
722 2958 740 2992 a
761 2957 923 3000 Principis
933 2967 1021 2995 aure,
1033 2956 1065 2988 ὅ(
1080 2956 1127 2988 uti

258 3009 446 3041 manifestos
457 3018 493 3040 ac
508 3008 716 3043 turbulentos
738 3007 905 3042 haereticos
927 3006 1033 3050 Regia
1045 3005 1130 3038 civi-

258 3067 326 3092 tate
346 3057 457 3100 ejecit.
485 3060 565 3092 Asta
583 3060 704 3101 periere
716 3083 724 3090 .

308 3106 410 3139 Tunc
423 3108 456 3140 in
467 3107 589 3142 rabiem
600 3110 689 3143 astus
702 3109 848 3152 Julianus
858 3117 971 3143 omnes
982 3103 1131 3141 facundae

238 3191 240 3194 Α
261 3158 323 3191 suae
346 3158 576 3193 maledicentiae
596 3160 715 3192 laxavit
737 3158 878 3192 habenas
898 3180 908 3196 ,
926 3167 1006 3191 tunc
1027 3157 1128 3190 famo-

260 3209 308 3242 sas
332 3206 402 3239 illas
423 3208 462 3240 ad
493 3208 618 3243 Rufum
642 3208 970 3243 Thessalonicensem
993 3206 1131 3250 Episco-

259 3267 337 3300 pum
356 3280 368 3295 ,
402 3256 598 3298 Apostolicz
625 3259 716 3293 Sedis
743 3260 776 3293 in
806 3259 940 3300 Illyrico
962 3256 1131 3291 Vicarium

260 3306 362 3342 emisit
383 3305 512 3346 literas,
530 3309 648 3351 'quibus
668 3321 734 3343 non
761 3308 952 3343 Africanam
985 3308 1128 3347 tantum,

259 3358 314 3394 sed
327 3355 557 3390 &Romanam
569 3360 744 3398 Ecclesiam
766 3360 808 3393 ab
832 3357 1034 3403 Augustino,
1056 3359 1130 3392 vilis

260 3411 297 3446 in
322 3406 435 3442 Africa
458 3406 607 3450 oppiduli
633 3409 809 3453 Episcopo,
831 3411 863 3442 in
887 3407 1067 3442 horrendos
1087 3419 1129 3442 er-

261 3467 348 3496 rores
367 3455 402 3489 <Sc
427 3458 694 3500 praevaricationis
715 3459 838 3492 crimen
860 3460 922 3494 esse
933 3459 1129 3495 circumscri-

350 3506 457 3550 Cbrist.
470 3512 546 3552 Lupi
559 3512 658 3552 Opera
669 3510 747 3541 Tom.
757 3510 815 3541 XI.

1912 130 1997 176 181

1151 218 1241 254 ptam
1252 209 1444 246 vociferatus
1457 212 1501 246 est
1514 238 1520 245 .
1549 212 1761 249 vociferatus
1770 211 1813 247 est
1828 211 2025 250 catholicam

1153 261 1321 298 veritatem
1345 263 1484 302 opprimi
1500 287 1510 303 ,
1532 263 1687 309 denegari
1709 263 1910 310 Synodalern
1938 265 2025 299 audi-

1151 310 1274 345 entiam
1287 334 1297 349 ,
1320 312 1426 353 palam
1449 313 1610 353 praedicari
1634 313 1927 353 Manicheismum,
1938 314 2025 348 ideo·

1152 371 1215 404 que
1227 370 1345 393 omnes
1357 359 1477 403 ubique
1490 362 1667 406 Episcopos
1678 364 1856 398 obtestatus
1867 365 1911 398 est
1924 388 1936 404 ‚
1959 374 1995 397 ut
2005 364 2024 398 a

1153 410 1344 454 contagiosa
1356 409 1490 443 istorum
1506 410 1786 448 Praevaricatorutn
1795 413 2032 448 communione

1155 461 1185 494 se
1200 460 1398 498 secernerent
1413 485 1423 501 ,
1446 461 1665 503 servarentque
1676 464 1904 499 immaculatos
1919 489 1927 496 .

1204 510 1247 543 Et
1264 520 1344 543 tunc
1366 510 1485 543 fastum
1499 510 1558 549 est,
1578 512 1666 552 quod
1680 514 1713 549 in
1734 513 1819 547 libro
1828 525 1940 548 contra
1952 512 2031 548 Col-

1155 558 1291 593 latorem
1304 560 1412 593 scribit
1424 560 1454 593 S.
1466 559 1609 602 Prosper:
1630 563 1806 603 Bomfacius
1820 566 1907 605 Papa
1920 564 2027 606 Zozy-

1156 609 1202 643 mi
1223 609 1379 647 successor
1392 634 1402 649 ,
1423 620 1489 643 cum
1512 610 1575 653 esset
1587 609 1648 653 ipse
1659 613 1831 652 doc‘liffimus
1845 636 1855 652 ,
1873 615 2023 645 adversus

1156 657 1244 696 libros
1264 668 1364 692 tamen
1377 660 1603 705 Pelagianos-um
1615 663 1703 693 Beati
1717 662 1863 705 Augustini
1887 665 1916 693 E
1915 661 2029 703 pisi-opi

1158 707 1306 753 Responsa
1314 708 1462 751 poscebat.
1490 711 1541 748 Ex
1555 710 1715 754 ejusjuffu
1731 711 1942 753 literasjustas
1952 722 2027 754 qua·

1160 769 1235 792 tuor
1251 758 1339 796 libris
1352 761 1464 794 revicit
1476 760 1692 805 Augustinus,
1706 761 1881 794 ostendens
1894 762 1963 804 post
1976 761 2028 795 de-

1160 808 1326 842 finitivum
1352 810 1509 849 Romanae
1531 810 1675 850 Ecclefiae
1705 810 1866 854 judicium
1887 822 1954 845 non
1969 813 2030 845 esse

1163 859 1389 901 postulandam
1412 860 1612 898 audientiam
1627 885 1636 900 ‚
1657 861 1711 895 sed
1724 861 1825 900 solam
1847 861 1960 895 restare
1973 871 2035 904 poe·

1163 908 1357 947 nitentiarn:
1381 909 1454 948 Nec
1475 921 1516 944 ex
1535 911 1676 948 vistoriae
1696 911 1826 954 fiducia,
1849 909 1902 945 sed
1923 921 1964 944 ex
1978 912 2032 944 so-

1163 957 1194 997 la
1215 958 1361 996 nominis
1382 958 1519 993 libidine
1538 960 1704 1003 petiillam
1721 961 1881 1005 &Juliano
1894 985 1905 1002 ,
1926 972 1962 994 ut
1974 959 2034 994 sal-

1165 1018 1231 1043 tem
1248 1008 1289 1042 de
1308 1018 1480 1047 commoto
1493 1010 1651 1048 Romano
1670 1012 1751 1045 orbe
1761 1011 1898 1056 gloriari
1917 1011 2035 1054 posset,

1166 1059 1199 1092 &
1220 1058 1396 1101 juvenilem
1415 1060 1504 1099 suam
1516 1059 1756 1101 animositatem
1770 1062 1831 1096 isto
1845 1063 1938 1099 fumo
1960 1071 2038 1097 con-

1168 1108 1282 1144 solari.
1310 1108 1498 1148 Romanam
1513 1110 1689 1144 Ecclesiam
1703 1111 1737 1145 in
1749 1110 1941 1146 dirimendis
1961 1110 2040 1144 fidei

1168 1157 1399 1202 quaestionibus
1409 1160 1473 1197 esse
1483 1159 1704 1202 infallibilem,
1721 1161 1828 1196 lucide
1838 1163 1870 1196 δε
1891 1160 2044 1196 constan·

1171 1206 1217 1243 ter
1228 1208 1343 1249 docuit
1354 1208 1578 1255 Augustinus.
1605 1210 1697 1245 Hinc
1709 1212 1743 1250 &c
1756 1213 1946 1247 unanimem
1967 1212 2045 1245 San·

1171 1260 1295 1298 {torum
1309 1259 1444 1295 Patrum
1456 1261 1649 1299 consensum
1658 1261 1739 1295 mire
1752 1262 1786 1296 in
1798 1262 1885 1296 libris
1897 1260 2048 1295 adversus

1172 1307 1337 1351 julianum
1348 1310 1486 1344 exaltat:
1516 1310 1592 1352 Ejus
1617 1334 1628 1350 ,
1659 1306 1806 1354 adeoque
1827 1313 1859 1344 δε
1883 1311 2050 1352 Apostoli-

1173 1370 1217 1391 cae
1233 1357 1323 1392 Sedis
1336 1381 1348 1398 ,
1364 1369 1407 1392 ex
1430 1358 1501 1401 ipso
1521 1359 1660 1393 definire
1679 1362 1840 1394 consuetae
1851 1384 1862 1400 ‚
1880 1360 2052 1393 austerita-

1175 1418 1242 1446 tem
1262 1407 1404 1442 ostendit
1421 1409 1515 1446 omni
1536 1408 1679 1454 generali
1702 1409 1842 1454 Synodo
1869 1410 1934 1447 esse
1956 1409 2054 1446 firmi-

1175 1469 1285 1495 orem,
1540 1457 1543 1460 ’

1226 1508 1321 1546 Hinc
1334 1507 1412 1541 item
1427 1507 1592 1552 intelliges
1606 1520 1728 1552 ea‚quae
1738 1509 1771 1542 in
1785 1509 1922 1545 laudatis
1936 1510 1975 1545 ad
1990 1511 2056 1544 Ne-

1179 1558 1312 1596 storium
1334 1557 1434 1591 literis
1445 1558 1648 1600 prosequitur
1658 1559 1852 1593 Celestinus:
1867 1562 2056 1596 Romanam

1179 1608 1355 1642 Ecclesiam
1366 1606 1407 1641 de
1428 1608 1534 1642 Attici
1547 1608 1692 1642 defuncti
1706 1610 1886 1644 successore
1908 1610 1990 1645 dicit
2009 1611 2058 1644 fu-

1180 1657 1431 1696 isseadmodum
1442 1657 1624 1698 solicitam,
1649 1661 1859 1704 gavisamque
1882 1661 2061 1695 successisse

1180 1709 1379 1748 Sifinnium,
1402 1709 1508 1745 virum
1531 1708 1664 1753 quidem
1685 1710 1862 1752 simplicem
1881 1736 1891 1751 ‚
1916 1711 2058 1755 ejusdem

1181 1769 1291 1797 tamen
1312 1758 1525 1796 fidei&zeli.
1554 1758 1795 1803 Nequissorte
1822 1760 2060 1795 Constantino-

1182 1808 1346 1852 politanus
1375 1807 1555 1851 Episcopus
1589 1808 1784 1853 Pelagianos
1822 1810 1989 1844 induceret
2023 1809 2065 1845 ad

1184 1858 1395 1901 Principem,
1421 1859 1454 1892 &
1480 1857 1583 1900 ipsum
1610 1858 1651 1892 ad
1677 1859 1864 1903 generalem
1889 1860 2067 1903 Synodum

1185 1906 1421 1952 indulgendam
1442 1907 1731 1949 circumscriberet,
1741 1909 1907 1944 metuebat
1927 1910 2069 1954 Aposto-

1186 1960 1248 1992 lica
1261 1958 1375 1996 Sedes,
1395 1958 1536 2000 ideoque
1546 1958 1586 1994 de
1597 1957 1686 1996 bono
1699 1958 1840 1994 Sifinnio
1853 1961 1917 1994 fuit
1940 1961 2045 1995 laetata
2056 1985 2066 1994 .

1186 2007 1381 2047 Generalem
1401 2007 1491 2041 enim
1519 2007 1692 2049 Synodum
1729 2009 1794 2043 esse
1814 2021 1940 2045 motum
1964 2011 2067 2049 totius

1187 2057 1320 2099 mundi,
1349 2057 1490 2102 idedque
1511 2057 1578 2090 sine
1595 2069 1742 2093 extrema
1775 2060 1962 2098 necessitate
1995 2071 2066 2095 non

1187 2119 1335 2152 oportere
1354 2107 1491 2144 concedi
1507 2131 1518 2146 ,
1537 2108 1577 2143 ad
1593 2108 1788 2145 Gratianum
1813 2110 2001 2155 Augustum
2014 2121 2068 2147 re*

1188 2159 1236 2195 ὀὶὲ
1262 2157 1383 2200 scripsit
1412 2157 1537 2194 sanetus
1567 2157 1778 2192 Ambtofius.

1226 2259 1345 2294 Honorii
1367 2258 1400 2292 ὁ·
1421 2254 1564 2298 Theodosii
1594 2256 1780 2299 Augustorum
1800 2257 1930 2301 secunda
1956 2263 2023 2295 Lex

1439 2307 1589 2343 adversus
1619 2308 1795 2356 Pelagianos
1809 2334 1817 2345 ,

1280 2407 1391 2444 Odem
1408 2418 1554 2453 tempore
1575 2411 1694 2445 facium
1714 2411 1771 2450 est,
1792 2410 1833 2444 de
1855 2421 1921 2453 quo
1943 2409 2073 2445 rursum

1298 2458 1447 2494 laudatus
1457 2460 1600 2503 Prosper:
1630 2464 1717 2502 Papa
1729 2460 1909 2502 Bonifacius
1936 2461 2070 2503 piifflmo·

1190 2522 1256 2543 rum
1265 2512 1478 2551 Imperatorum
1489 2511 1646 2542 devotione
1654 2509 1820 2554 gaudebat,
1841 2512 1874 2544 &²
1885 2520 1987 2543 contra
2015 2516 2072 2544 ini-

1191 2566 1276 2592 micos
1284 2564 1394 2603 gratiae
1403 2570 1460 2590 non
1467 2557 1492 2601 s
1487 2560 1563 2591 olum
1577 2559 1742 2601 apostolicis
1751 2584 1762 2600 ,
1774 2560 1834 2603 sed
1846 2564 1939 2594 etiam
1964 2565 2067 2604 Regiis

1191 2610 1331 2643 utebatur
1343 2608 1470 2641 Edic‘lis.
1495 2608 1646 2652 Superius
1659 2610 1788 2644 laudata
1801 2609 1967 2645 adversum
1981 2610 2072 2645 Pela-

1191 2658 1421 2703 gii&Celestii
1435 2660 1584 2702 personas
1607 2672 1643 2693 ac
1664 2660 1832 2695 sectatores
1856 2662 1907 2695 lex
1928 2659 2075 2704 provide-

1192 2708 1244 2742 bat
1257 2708 1317 2741 soli
1331 2708 1474 2741 Romani
1491 2708 1626 2743 Urbe&
1640 2709 1720 2743 locis
1733 2709 2072 2752 suburbicariis,atque

1191 2758 1235 2791 ita
1249 2758 1318 2791 aliae
1330 2757 1513 2792 Provinciae
1526 2759 1718 2794 videbantur
1731 2760 1799 2803 ejus
1826 2761 1987 2795 beneficio
2001 2771 2074 2793 non

1191 2809 1281 2850 posse
1305 2809 1372 2841 uti.
1401 2808 1494 2842 Hinc
1507 2809 1658 2852 Alipium
1675 2810 1911 2854 Tagastensem
1939 2811 1972 2843 in
1999 2810 2071 2844 Nu·

1192 2858 1291 2891 midia
1303 2858 1498 2902 Episcopum
1511 2858 1666 2893 Aurelius
1687 2861 1803 2902 primas
1827 2859 2068 2904 Carthaginen-

1192 2908 1229 2941 sis
1243 2908 1362 2951 legavit
1376 2908 1519 2944 Romam
1544 2909 1584 2942 ad
1608 2910 1730 2943 sacrum
1753 2909 1980 2951 Comitatum,
2000 2920 2069 2953 quo

1193 2959 1244 2991 lex
1260 2959 1317 2991 ista
1331 2958 1429 2992 etiam
1443 2957 1482 2991 ad
1499 2959 1659 2998 Africam,
1672 2959 1858 3003 Pelagianis
1872 2960 2067 2999 Laicis,C1e·

1191 3007 1275 3047 ricis,
1289 3008 1434 3042 immo&
1453 3008 1620 3051 Epifcopis
1632 3009 1812 3049 infelicem,
1829 3011 2067 3044 extenderetur.

1192 3059 1408 3103 Legationem
1423 3060 1510 3091 suam
1526 3058 1656 3101 Alipius
1667 3059 1759 3101 juxta
1773 3060 1993 3094 sardicensem
2009 3060 2070 3093 Ca-

1193 3118 1314 3142 nonem
1340 3110 1491 3152 exposuit
1519 3107 1675 3142 Pontifici
1700 3133 1711 3149 ,
1745 3120 1842 3152 atque
1870 3111 1915 3144 ita
1943 3111 1983 3144 ab
2009 3110 2070 3144 illo

1192 3157 1513 3202 adjutusimpetravit
1526 3159 1710 3201 pra-sentem
1722 3159 1827 3204 legem
1843 3184 1852 3199 ‚
1874 3173 1937 3205 qua
1961 3159 2070 3194 Aure·-

1194 3209 1255 3242 lius
1269 3209 1392 3242 Primas
1405 3207 1534 3252 quosvis
1562 3208 1758 3253 Pelagianos
1780 3210 1958 3254 Episcopos
1976 3208 2070 3252 poffit

1194 3259 1242 3291 uti
1252 3257 1419 3294 haereticos
1432 3258 1658 3301 degradare,ac
1672 3258 1706 3292 in
1721 3261 1861 3303 ipsorum
1871 3261 1956 3294 sedes
1967 3259 2074 3291 conse-

1194 3319 1278 3342 crare
1290 3310 1373 3343 alios
1385 3335 1392 3341 .
1424 3309 1466 3341 Et
1481 3307 1547 3341 haec
1560 3309 1603 3342 est
1619 3309 1670 3342 lex
1685 3333 1695 3348 ,
1722 3321 1819 3353 quam
1835 3311 1867 3342 in
1893 3308 1987 3341 sancti
2009 3305 2079 3341 Au-

1192 3358 1315 3403 gustini
1333 3360 1399 3392 vita
1416 3357 1525 3391 laudat
1541 3358 1700 3393 Poffidius
1721 3384 1730 3400 ‚
1752 3372 1789 3394 ac
1817 3360 1849 3392 in
1872 3355 2081 3392 Bibliotheca

1193 3407 1332 3443 photius
1351 3434 1358 3441 .
1386 3408 1474 3441 Data
1501 3407 1546 3442 est
1576 3409 1743 3443 Monaxio
1769 3409 1801 3444 &
1828 3407 1959 3442 Plintha
1988 3407 2078 3441 Con·

1194 3459 1329 3501 sulibus,
1356 3469 1447 3493 anno
1461 3459 1602 3494 Domini
1615 3457 1931 3503 quadringentesimo
1944 3457 2075 3491 decimo

1678 3508 1736 3554 Q
1938 3517 2042 3547 nono,
