2366 3736
394 130 489 167 106

347 217 428 240 num
445 231 453 239 .
483 204 656 240 Evincunt
683 200 750 236 haec
775 198 871 235 scribi
895 200 934 235 ad
966 202 1120 245 juvenem
1141 201 1236 236 Chri-

346 258 489 292 stianum
516 282 523 290 .
558 256 625 300 Est
652 255 765 288 titulus
800 250 1078 299 semiliatis'etiatn
1095 251 1235 286 Termi-

346 308 458 343 liano.

396 355 516 402 Longe
527 354 616 390 aliud
631 353 724 387 sensit
736 353 873 393 Saucius
893 352 1106 397 ⁴Augustinus
1118 377 1125 384 .
1155 352 1230 387 Ete-

343 409 414 444 nim
427 411 459 443 in
472 408 680 442 psalmorum
698 405 937 444 commentario
959 404 1160 438 demonstrat
1174 414 1228 447 per

341 458 505 503 Baptisma
530 466 603 492 non
622 456 706 490 solvi
726 466 867 498 priorem
891 455 949 493 sub
971 453 1096 492 infideli
1132 455 1230 488 etiam

167 512 218 548 Ps.
250 521 323 561 124,
340 509 494 542 Domino
518 506 703 539 servitutem
718 528 729 544 ‚
753 498 850 548 atque
873 504 1043 548 adjungit:
1071 505 1164 546 ,Quod
1184 505 1228 535 di·-

334 565 372 605 ·xi
400 560 436 594 de
460 558 642 594 Domino-<rr
660 555 768 598 servo,
795 556 1015 597 hocintelltgite
1037 555 1075 586 de
1101 553 1229 592 Potesta-

337 608 623 653 tibus&Regibus‚
651 608 734 640 &de
758 605 893 640 omnibus
921 605 1111 637 Culminibus
1134 604 1225 645 hujus
1253 622 1257 624 -

334 657 435 703 saeculi
449 684 456 692 .
499 658 669 700 Aliquando
693 662 771 691 enim
793 654 952 695 Potestates
972 655 1055 687 bonae
1070 653 1141 696 sunt
1155 677 1166 693 ‚
1193 657 1227 687 Θ

335 713 441 745 ti'ment
453 713 549 744 Deum
557 733 574 748 ,-
591 708 753 750 aliquando
765 717 821 738 non
841 712 948 738 timeat
974 709 1089 739 Deum.
1113 707 1142 751 J
1149 705 1225 736 ulia-

335 771 393 795 nus
407 758 646 801 extititinfidelis
662 762 826 798 Imperator
838 779 846 786 .
861 756 973 792 Nonne*
986 757 1087 788 extitit
1103 753 1223 795 aposta.

334 819 388 851 ta,
415 817 534 854 iniquus
549 835 559 850 ,
588 809 769 843 idololatra?
795 807 910 842 Milites
922 804 1087 845 Christiani
1107 803 1223 847 servie-

332 871 402 902 runt
414 865 588 903 Imperatori
605 857 743 899 infideli.
771 857 825 888 Ubi
840 856 1016 892 veniebatur
1039 856 1085 889 ad
1104 853 1223 899 causam

332 910 444 952 Christi
455 936 466 952 ‚
493 923 552 944 non
561 908 757 953 agnoscebant
783 902 838 948 nifi
846 907 933 943 illum
949 911 1000 949 qui
1020 911 1052 938 in
1064 906 1130 939 coelo
1146 915 1218 940 erati

331 963 465 1005 ,Quando
476 962 641 995 volebatur
655 959 735 992 idola
744 956 891 998 colerent,
917 967 951 990 ut
974 955 1181 998 thurificarent
1206 979 1217 995 ‚

325 1012 545 1054 praeponebant
562 1011 607 1045 illi
629 1012 726 1045 Deum
751 1032 758 1039 .
787 1008 924 1051 ,Quando
946 1017 1044 1041 autem
1064 1006 1181 1039 dicebat
1211 1028 1223 1045 ,

325 1064 488 1098 Produc-ite
500 1069 592 1096 aciem
605 1084 616 1100 ,
643 1064 687 1095 Ite
708 1067 812 1092 contra
833 1058 919 1091 illam
941 1067 1083 1103 gentem,
1115 1054 1220 1094 statim

322 1112 574 1153 obtemperabant
599 1135 606 1142 .
638 1108 868 1154 Distinguebatit
892 1111 1054 1142 Dominum
1076 1113 1219 1138 aeternum

326 1163 347 1195 ἃ
361 1163 485 1195 Domino
497 1162 657 1203 temporali
668 1185 676 1191 .
704 1163 816 1191 Tamen
826 1165 951 1199 propter
963 1160 1121 1192 Dominum
1134 1162 1216 1189 aeter-

324 1222 399 1244 num
420 1222 506 1245 erant
514 1211 635 1253 subditi
655 1205 746 1252 etiarn
758 1210 884 1244 Domino
896 1205 1052 1247 temporali
1066 1229 1074 1240 .
1103 1203 1216 1242 Palam

324 1262 395 1305 agit
419 1262 541 1296 nonde
563 1258 770 1295 assumenda,
797 1256 852 1292 sed
870 1255 1048 1292 dumtaxat
1074 1253 1116 1290 de
1142 1255 1214 1289 teti·

324 1311 433 1346 nenda
474 1307 657 1346 istiusmodi
697 1306 839 1342 militia.
867 1304 1073 1342 Christianos
1093 1306 1215 1342 milites

324 1361 457 1406 obligat
482 1372 550 1395 non
591 1361 631 1394 ad
670 1354 902 1403 deponendum
922 1356 1093 1400 cingulum
1122 1379 1132 1395 ,
1160 1356 1213 1391 sed

323 1412 499 1446 dumtaxat
511 1411 552 1446 ad
577 1408 796 1445 cavillandum
809 1418 867 1452 pro
887 1405 1022 1440 Christo
1035 1405 1187 1439 Domino
1205 1430 1211 1437 .

322 1460 429 1496 Porro
442 1461 563 1496 militia
578 1485 589 1501 ‚
615 1470 685 1504 quae
700 1459 832 1492 retineri
846 1455 952 1501 potest
966 1479 978 1498 ,
1005 1455 1100 1500 possit
1113 1456 1147 1492 &
1167 1457 1212 1492 as-

321 1513 404 1549 sumi
419 1537 427 1545 .
456 1512 512 1545 Est
527 1510 658 1545 modica
671 1508 853 1544 differentia
865 1532 872 1542 .

373 1562 452 1598 Hoc
466 1562 572 1605 ipsum
584 1561 793 1604 Augustinus
805 1557 901 1593 tradit
911 1558 944 1592 in
960 1556 1108 1602 pluribus
1119 1556 1208 1592 locis.

320 1613 359 1647 ln
387 1613 500 1646 litteris
526 1613 567 1646 ad
609 1612 752 1647 saussum
781 1608 949 1643 Comitem
975 1609 1008 1642 &
1024 1608 1208 1649 Martyrem

292 1707 295 1709 μ
320 1661 556 1700 Marcellinum
584 1660 694 1698 scribit
733 1660 903 1694 adversum
926 1660 1103 1702 Paganos,
1137 1669 1208 1702 gar-

319 1713 441 1748 rientes
465 1713 687 1747 Christianam
711 1710 928 1754 Religionem
958 1709 1021 1743 esse
1042 1709 1208 1751 pernicio·-

319 1765 387 1798 sam
404 1765 558 1797 Romano
571 1761 713 1806 Imperio
726 1786 736 1802 ,
763 1761 795 1794 ἀ
808 1762 873 1794 hoc
888 1759 930 1794 ab
951 1759 1008 1793 ista
1034 1757 1207 1801 periclitari

150 1812 252 1857 Epist.
274 1821 305 1859 5-
319 1815 361 1848 de
374 1815 466 1848 ruina
480 1828 490 1847 :
517 1817 548 1847 si
564 1813 735 1852 christiana
754 1809 912 1854 disciplina
926 1815 1025 1844 omnia
1049 1808 1127 1841 bella
1150 1809 1209 1842 cul-

315 1874 406 1908 paret
418 1888 428 1904 ‚
454 1865 505 1898 hoc
512 1871 612 1905 potius
635 1862 778 1896 militibus
794 1885 805 1901 ,
831 1857 1092 1905 confiliumsalutis
1106 1865 1208 1898 peten-

321 1916 404 1949 tibus
420 1940 430 1956 ,
457 1921 489 1947 in
502 1916 672 1957 Evangelio
684 1916 826 1945 diceretur
839 1936 849 1950 ,
876 1919 909 1943 ut
922 1909 1086 1950 abjicerent
1100 1920 1186 1941 arma
1196 1933 1207 1949 ‚

316 1960 407 2010 seque
418 1972 534 1998 omnino
553 1967 670 1999 militiae
691 1961 922 2005 subtraherent.
954 1959 1074 1994 Dtt‘lum
1098 1958 1136 1998 est
1158 1970 1205 1991 au-

319 2026 378 2050 tem
389 2021 455 2049 eise
484 2022 628 2050 neminem
650 2014 841 2055 concufferitis
854 2034 864 2050 ,
892 2015 1002 2044 nemini
1027 2011 1207 2043 calumniam

313 2067 474 2110 feceritis,
495 2065 619 2108 sufficiat
645 2063 728 2098 vobis
749 2063 930 2104 stipendium
950 2060 1098 2099 vestrum.
1127 2061 1191 2103 ,Qui

321 2117 373 2150 bus
382 2122 539 2158 proprium
544 2116 723 2158 stipendium
742 2112 869 2156 sufficere
899 2112 999 2145 debere
1021 2118 1169 2153 pracepit
1198 2134 1208 2150 ,

321 2169 453 2201 militare
471 2173 571 2208 utique
593 2177 652 2198 non
674 2163 848 2206 probibuit.
877 2163 1005 2195 Proinde
1028 2166 1081 2202 qui
1103 2159 1204 2192 doc‘lei-

322 2228 395 2250 nam
408 2215 516 2254 christi·
530 2213 691 2257 adversam
714 2215 814 2245 dicunt
833 2212 885 2255 effe
896 2210 1078 2251 Reipublicae
1096 2232 1106 2246 ,
1133 2210 1207 2241 dent

323 2273 485 2301 exercitum
506 2266 596 2297 talem
614 2288 623 2303 ‚
650 2265 754 2306 quales
767 2262 902 2294 doc‘irina
925 2259 1036 2299 Christi
1061 2259 1111 2301 effe
1132 2259 1204 2291 mili-

319 2567 422 2608 Ji'iana
432 2590 442 2605 ,
472 2569 506 2600 (9·
522 2567 652 2598 audiant
663 2576 729 2597 eam
739 2565 836 2596 dicere
847 2559 1009 2604 adversam
1028 2560 1080 2602 effe
1101 2562 1205 2600 Reipu-

327 2827 373 2854 tia
382 2820 552 2862 perdantur
567 2843 575 2856 ,
603 2828 670 2860 quae
674 2815 755 2857 justo
766 2821 889 2856 imperio
902 2815 954 2846 vel
960 2816 1111 2853 extirpari
1121 2834 1132 2851 ,
1157 2811 1209 2844 vel

324 2317 478 2357 resjuffit,
505 2317 574 2348 dent
587 2315 662 2347 tales
687 2313 894 2346 Provinciales
909 2335 919 2350 ‚
947 2312 1022 2342 tales
1046 2314 1170 2341 maritos
1194 2332 1204 2348 ,

326 2618 411 2651 biicae
426 2640 436 2655 ,
462 2618 519 2648 imo
533 2618 602 2648 vero
615 2615 751 2648 dubitent
764 2626 828 2647 eam
845 2612 977 2653 confiteri
996 2621 1138 2654 magnam
1149 2633 1160 2649 ,
1181 2608 1211 2650 fi

326 2873 454 2913 deprimi
473 2870 600 2903 debent.
629 2865 815 2903 Christiana
838 2865 954 2907 religio
969 2887 980 2902 ,
1007 2864 1055 2895 uti
1071 2871 1205 2895 omnem

326 2971 426 3004 vitam
446 2981 513 3003 non
542 2969 675 3002 damnat
699 2993 710 3008 ,
748 2967 800 3000 sed
835 2964 919 3008 regit
949 2975 987 2997 ac
1022 2962 1158 3006 corrigit
1196 2714 1225 3072 ,Ι

325 3071 473 3113 pleatur‚
498 3069 542 3102 est
566 3068 648 3101 adeo
670 3069 775 3106 sanita
799 3090 809 3106 ,
835 3076 870 3098 ut
896 3064 936 3098 de
975 3063 1145 3103 semetipso
1167 3073 1204 3094 ac

328 3169 417 3204 idem
431 3167 653 3212 Augustinus:
682 3171 790 3199 omnes
815 3166 896 3198 ac‘lus
917 3164 1073 3206 publicos,
1099 3162 1202 3204 quibus

323 3319 407 3364 servi
429 3315 784 3352 DetMonachivivunt.
812 3319 849 3347 Ut
871 3324 1037 3347 autemnon
1044 3311 1164 3354 faceres
1192 3336 1202 3351 ,

326 2922 426 2954 alium
449 2920 595 2954 mortalis
617 2919 691 2951 vitae
718 2917 858 2954 statum,
895 2915 940 2948 ita
964 2914 997 2947 δε
1031 2910 1204 2945 militarem

325 3019 481 3053 Militaris
494 3020 560 3052 vita
573 3043 583 3058 ‚
609 3020 631 3051 fi
646 3017 822 3052 secundum
838 3013 1040 3048 Christianas
1053 3013 1139 3056 leges
1150 3023 1205 3044 ex-

327 3121 444 3154 Sansto
458 3119 570 3160 Alipio
585 3118 623 3150 ad
645 3118 813 3150 Comitem
840 3113 1047 3148 Bonifacium
1086 3111 1201 3145 scribat

162 3225 190 3258 E
196 3237 223 3271 p.
257 3234 309 3272 70.
328 3221 484 3261 occupatus
504 3227 592 3256 eras,
622 3217 783 3258 relinquere
792 3215 931 3257 cupiebas
943 3239 953 3254 ‚
980 3214 1092 3246 &rein
1112 3218 1203 3244 otium

327 3269 470 3304 sane‘ium
483 3265 610 3307 conferre
623 3288 632 3303 ,
657 3276 745 3308 atque
769 3272 800 3297 in
821 3278 855 3297 ea
866 3271 933 3298 vita
946 3270 1050 3298 vivere
1063 3287 1072 3301 ‚
1100 3267 1132 3294 in
1145 3273 1203 3303 qua

328 3371 403 3412 quid
411 3376 440 3402 te
456 3371 631 3405 revocavit,
658 3365 711 3406 nifi
733 3371 801 3406 quia
826 3364 1002 3405 confiderasti
1021 3387 1031 3402 ,
1056 3362 1202 3402 ostenden-

327 3467 432 3511 easola
444 3473 607 3503 intentione
616 3476 718 3511 ageres
731 3489 745 3508 ‚
766 3473 799 3498 ut
816 3462 945 3507 defensa
955 3464 994 3498 ab
1007 3461 1201 3507 infestationi-

325 2368 406 2401 tales
430 2367 590 2409 conjuges,
617 2366 693 2397 tales
715 2371 858 2406 parentes
874 2385 884 2401 ,
911 2361 987 2394 tales
1001 2360 1105 2402 filios,
1133 2359 1206 2391 tales

326 2419 493 2455 Domitios,
522 2417 598 2449 tales
616 2412 739 2458 servos,
767 2415 843 2446 tales
866 2415 960 2455 Reges
975 2435 984 2449 ‚
1011 2411 1085 2442 tales
1101 2410 1207 2452 Judi-

324 2478 388 2507 ces,
417 2466 494 2498 tales
507 2466 634 2507 denique
645 2465 808 2498 debitorum
820 2463 1007 2500 redditores,
1036 2462 1069 2492 (θ’
1090 2458 1205 2492 exaria-

324 2530 371 2550 νει
385 2515 469 2557 ipfius
481 2514 582 2558 Fisci,
609 2516 708 2557 quales
732 2515 783 2556 effe
791 2518 935 2555 praecepit
955 2511 1092 2543 doci-rina
1117 2507 1203 2541 Cbri-

326 2669 541 2708 obtemperetur
559 2689 569 2704 ‚
603 2664 730 2708 salutem
755 2665 804 2706 effe
827 2661 1010 2704 Reipublicae
1033 2685 1046 2697 .
1070 2661 1204 2694 Etenim

325 2729 406 2753 tunc
417 2723 510 2752 etiam
532 2714 852 2758 bellamisericorditer
866 2719 1011 2757 gerentur
1025 2735 1032 2743 .
1058 2714 1206 2744 Gerentur

325 2774 345 2804 ἃ
357 2771 440 2804 bonis
452 2793 463 2809 ‚
488 2777 520 2802 ut
532 2765 683 2813 licentiosis
697 2765 913 2806 cupiditatibus
938 2765 1060 2795 domitis
1073 2760 1136 2793 baec
1159 2764 1208 2792 vi-

331 3419 410 3451 tibus
433 3419 514 3451 nobis
526 3438 538 3458 ,
562 3416 708 3458 quantum
714 3414 855 3456 prodesset
867 3414 974 3453 Christi·
995 3408 1129 3450 Eccleliis
1141 3434 1151 3449 ,
1176 3410 1205 3451 fi

931 111 1106 192 ⁴‘DVJK-s
1141 131 1162 165 s
1197 135 1221 167 Ὲ
1255 135 1284 167 R
1319 137 1345 169 τ
1378 138 1407 170 A
1454 136 1519 171 τι
1554 138 1587 170 ο

1292 209 1350 243 bus
1365 211 1573 244 Bai-batorum
1583 211 1717 252 quietam
1727 208 1763 243 ὦ·
1773 213 1970 254 tranquillam
1993 218 2094 251 vitam
2103 229 2171 263 age.

1293 270 1380 301 rent,
1394 260 1470 303 ficut
1487 262 1562 293 dicit
1578 261 1723 301 Apostolus
1735 285 1745 300 ‚
1774 268 1897 294 inomni
1911 257 2027 306 pie'taie
2048 269 2173 308 &casti-

1293 317 1357 344 tate
1370 312 1387 343 .?
1412 314 1455 344 Tu
1478 321 1578 343 autem
1589 322 1627 343 ex
1641 310 1810 344 boemundo
1833 311 1909 344 nibil
1925 326 2089 359 quaereres,
2119 317 2176 359 nist

1290 371 1346 402 ea,
1371 373 1439 404 quae
1461 362 1615 402 necessaria
1643 360 1729 402 essent
1753 361 1819 395 huic
1837 362 2126 405 vitaeficssemandae
2158 393 2172 409 ‚

1290 419 1350 444 tuae
1362 424 1397 448 ac
1412 421 1524 445 tuorum
1535 434 1546 450 ,
1571 410 1718 443 accinc‘lus
1740 412 1838 443 balteo
1852 412 2007 452 casttffimae
2021 425 2170 452 continen-

1292 467 1364 501 eus,
1395 464 1429 498 (5
1452 468 1531 492 inter
1555 471 1642 493 arma
1662 464 1822 502 corporalia
1841 460 2050 504 spiritualibus
2072 475 2169 501 armis

1290 511 1381 545 tutius
1387 510 1561 554 fortiusque
1572 517 1705 542 munitus
1715 536 1722 543 .
1734 512 1938 554 ,Bonifacius
1949 525 2016 548 erat
2031 527 2168 561 magnus

1291 561 1520 597 Rornanorum
1536 562 1613 593 Dux
1629 573 1636 592 :
1666 560 1741 594 hinc
1755 564 1962 606 Augustinus
1985 566 2076 599 sensit
2100 566 2168 609 ejus

1289 612 1460 648 militarem
1475 636 1486 651 ‚
1512 610 1695 645 dummodo
1710 614 1894 653 promissam
1907 614 2087 649 castitatem
2111 619 2170 651 ser-

1290 670 1376 695 varet
1387 685 1399 701 ,
1426 662 1523 705 quim
1538 659 1775 695 Monachalem
1800 662 1902 696 vitam
1917 664 1986 697 fore
1998 666 2031 699 &
2045 666 2169 710 Reipu-

1288 711 1424 746 blicae&
1439 711 1588 745 Ecclefiae
1605 711 1771 745 utiliorem
1784 736 1791 742 .
1821 712 1876 748 Ad
1900 716 2041 749 eundem
2067 716 2168 751 Boni.

1285 762 1407 799 facium
1419 761 1529 796 scribit
1542 762 1574 794 in
1591 762 1653 794 alia
1677 762 1834 804 epistola:
1863 769 1922 796 Hoc
1940 767 2073 806 primum
2094 773 2167 811 cogi-

1284 819 1336 850 ta,
1361 815 1481 854 quando
1496 817 1625 844 armaris
1637 814 1681 842 ad
1686 820 1822 854 pugnam
1833 836 1843 851 ‚
1872 818 1941 852 quia
1954 819 2058 848 virtus
2073 827 2127 850 tua
2154 843 2164 859 ‚
2185 830 2212 863 E

1282 869 1374 894 etiam
1385 865 1542 904 corporalis
1555 887 1565 903 ,
1591 864 1698 894 donum
1721 862 1757 900 est
1770 866 1844 893 Dei.
1873 864 1923 895 sic
1955 871 2033 897 enim
2058 873 2165 910 cogita-

1281 911 1327 944 bis
1350 914 1386 945 de
1414 915 1489 945 dono
1509 915 1563 945 Dei
1586 924 1644 944 non
1664 910 1765 951 facere
1790 921 1893 944 contra
1914 916 2026 953 Deum.
2057 919 2163 950 Pacem

1281 960 1387 995 babere
1408 962 1495 996 debet
1507 965 1646 998 voluntas
1663 985 1673 1001 ‚
1698 961 1806 995 bellum
1821 963 1963 1001 neceffitas
1976 989 1986 1004 ,
2012 973 2044 997 ut
2058 966 2161 1000 liberet

1281 1014 1363 1044 Deus
1375 1014 1395 1044 ἃ
1407 1015 1565 1054 neceffitate
1577 1036 1587 1052 ‚
1615 1014 1648 1045 (2¹
1667 1011 1822 1054 conservet
1834 1019 1866 1044 in
1873 1021 1949 1054 pace
1962 1039 1968 1045 .
1997 1019 2070 1048 Non
2083 1023 2163 1050 enim

1277 1069 1346 1102 pax
1358 1069 1503 1102 quaerttur
1514 1088 1526 1104 ,
1551 1073 1585 1097 ut
1596 1062 1704 1095 bellum
1715 1068 1859 1096 excitetur
1872 1075 1886 1103 ;
1908 1062 1968 1106 sed
1988 1065 2096 1098 bellum
2111 1079 2164 1110 ge-

1279 1116 1354 1145 ritur
1364 1119 1397 1142 ut
1413 1121 1480 1154 pax
1496 1118 1687 1155 acquiratur.
1721 1113 1791 1152 Esto
1817 1124 1882 1156 ergo
1909 1120 2000 1147 etiam
2026 1116 2162 1151 bellando

1274 1159 1416 1203 pacificus
1430 1186 1441 1201 ,
1465 1173 1500 1195 ut
1518 1175 1566 1196 eos
1579 1174 1648 1205 quos
1671 1170 1826 1206 expugnas
1839 1188 1849 1204 ,
1876 1165 1920 1195 ad
1937 1170 2023 1205 pacis
2048 1169 2163 1200 utilita-

1278 1219 1336 1243 tem
1362 1216 1509 1246 vincendo
1525 1215 1694 1255 perducas.
1724 1217 1832 1255 Itaque
1852 1212 1956 1253 bostem
1975 1224 2161 1260 pugnantem

1275 1262 1417 1300 neceffitas
1435 1269 1567 1304 perimat
1589 1287 1602 1306 ,
1629 1274 1688 1295 non
1708 1264 1849 1295 voluntas
1864 1286 1872 1294 .
1901 1266 1982 1297 Sicut
2003 1267 2163 1299 rebellanti

1279 1312 1312 1344 &
1323 1309 1460 1351 refistemi
1475 1314 1620 1345 violentia
1657 1313 1799 1344 redditur
1811 1336 1823 1351 ,
1849 1319 1894 1344 ita
1913 1313 1992 1346 viiio
2014 1315 2067 1348 vel
2076 1323 2161 1357 capto
2176 1327 2182 1341 ⁴

2215 841 2245 875 p.
2258 838 2336 877 205.

1248 1395 1250 1398 ,
1273 1360 1473 1403 misericordia
1475 1365 1547 1404 jam
1560 1361 1683 1410 ἅψεται·
1697 1384 1708 1400 ,
1734 1363 1866 1394 maxime
1875 1367 1908 1394 in
1921 1374 1977 1404 quo
1983 1369 2068 1406 pacis
2079 1381 2081 1383 >
2092 1375 2160 1407 per.

1248 1419 1250 1444 ὲ
1275 1410 1407 1445 turbatio
1430 1423 1487 1453 non
1514 1413 1651 1447 timetur.
1683 1414 1776 1444 ornet
1803 1422 1895 1444 morer
1923 1421 1987 1445 tuos
2006 1414 2161 1455 pudiciiia

1274 1464 1438 1505 conjugalis
1454 1486 1465 1504 ,
1491 1470 1572 1495 ornet
1605 1459 1751 1503 sobrietas
1783 1463 1817 1495 (ν
1832 1461 2011 1504 frugalitas
2025 1488 2031 1495 .
2064 1467 2161 1502 Valde>

1271 1517 1349 1544 enim
1358 1520 1447 1553 turpe
1457 1511 1494 1551 est
1507 1537 1517 1552 ‚
1544 1521 1578 1545 ut
1586 1521 1674 1554 quem
1699 1522 1757 1543 non
1770 1517 1867 1544 vincit
1880 1513 1981 1553 homo,
2009 1519 2114 1552 vincat
2123 1517 2160 1549 li·

1272 1562 1341 1594 bido
1351 1573 1366 1602 ,·
1395 1565 1439 1594 Et
1455 1563 1597 1595 obruatur
1609 1565 1702 1599 vino,
1728 1566 1784 1603 qui
1808 1572 1866 1594 non
1888 1568 2021 1597 vincitur
2036 1564 2158 1606 ferro..

1273 1612 1382 1655 Pergit
1398 1612 1607 1656 Augustinus
1617 1611 1649 1644 in
1663 1610 1753 1653 libris
1765 1610 1803 1644 ad
1821 1611 1989 1647 Comitem
2002 1613 2157 1649 Darium:

1270 1665 1376 1705 Magni
1388 1664 1510 1704 quidem
1520 1660 1595 1704 sunt
1613 1687 1623 1702 ‚
1647 1660 1801 1700 &babent
1810 1663 1939 1704 gloriam
1958 1662 2069 1706 suane,
2099 1676 2158 1699 non

1265 1710 1518 1754 J'oltimfortffmi
1529 1737 1539 1752 ‚
1562 1711 1620 1755 sed
1640 1717 1732 1744 etiam
1745 1736 1755 1750 ,
1782 1714 1863 1754 quod
1871 1719 1997 1746 verioris
2007 1714 2158 1758 genusjest
2279 1744 2283 1745 γ

1270 1764 1372 1796 laudis
1386 1786 1396 1802 ‚
1418 1762 1573 1804 fidelissimi
1589 1763 1743 1795 bellatores
1760 1784 1770 1800 ‚
1797 1774 1918 1804 quorum
1933 1764 2087 1798 laboribus
2110 1774 2158 1798 at·
2177 1753 2233 1799 ΕΡ
2249 1754 2332 1793 262·

1272 1824 1326 1854 que
1333 1815 1473 1854 periculis
1488 1837 1499 1853 ‚
1527 1816 1584 1846 Dei
1591 1817 1774 1855 protegentis
1797 1821 1886 1855 atque
1910 1815 2089 1855 opitulantis
2106 1826 2157 1848 au-

1269 1865 1359 1904 xilio,
1388 1863 1475 1903 bostis
1487 1864 1648 1898 indomitus
1661 1869 1794 1896 vincitur
1809 1886 1821 1903 ‚
1847 1865 1881 1897 Θ·
1895 1870 1979 1906 quies
2004 1866 2158 1908 Reipubli-

1268 1924 1309 1946 cae
1320 1936 1330 1952 ,
1347 1913 1526 1963 pacatisque
1542 1916 1709 1947 Provinciis
1724 1920 1927 1954 comparatur.
1955 1915 2019 1948 Sed
2030 1918 2155 1957 majoris

1269 1963 1305 2003 est
1314 1965 1419 2006 gloriae
1433 1988 1443 2003 ‚
1469 1962 1533 2006 ipsa
1545 1963 1620 1997 bella
1638 1963 1728 1997 verbo
1740 1964 1862 1997 occidere
1874 1988 1885 2004 ,
1912 1967 2003 2006 quam
2025 1965 2155 2002 homines

1266 2013 1367 2055 ferro:
1383 2014 1426 2047 &¹
1440 2019 1591 2055 acquirere
1603 2014 1655 2046 vel
1679 2014 1810 2046 obtinere
1843 2022 1951 2054 pacem
1972 2022 2047 2055 pace
2058 2038 2069 2055 ‚
2097 2026 2157 2049 non

1271 2063 1361 2097 bello¹
1391 2064 1519 2096 Nam&
1531 2062 1562 2094 bi
1574 2069 1627 2105 qui
1637 2070 1777 2106 pugnant
1792 2086 1804 2102 ‚
1821 2062 1853 2102 fi
1863 2062 1932 2095 bont
1949 2062 2010 2105 fine
2022 2089 2032 2104 ‚
2054 2066 2159 2107 procu!

1271 2114 1470 2154 duih-pacem
1485 2136 1495 2151 ,
1518 2111 1575 2155 sed
1592 2122 1693 2145 tamen
1701 2120 1756 2153 per
1763 2111 1937 2155 sanguinem
1952 2122 2104 2156 quaerunt.

1319 2162 1402 2195 Haec
1415 2163 1528 2195 eadem
1545 2162 1753 2205 Augustinus
1766 2162 1999 2206 elegantissime
2010 2165 2108 2199 docet
2120 2164 2155 2199 in

1272 2210 1363 2244 libris
1377 2222 1492 2244 contra
1516 2211 1672 2244 Faustum
1695 2210 1917 2246 Manichaeum
1933 2238 1940 2244 .
1968 2213 2032 2248 Per
2053 2214 2156 2259 Moy-

1272 2261 1345 2300 sen,
1375 2261 1406 2294 &
1423 2261 1507 2293 alios
1522 2261 1651 2303 antiqui
1674 2260 1882 2294 Testamenti
1907 2260 2007 2302 justos
2025 2265 2116 2307 gesta
2141 2289 2153 2305 ,

1271 2322 1307 2344 ac
1333 2311 1503 2353 peripsum
1521 2311 1708 2344 Dominum
1724 2312 1833 2344 Deum
1857 2321 1937 2344 tunc
1961 2313 2115 2355 imperata
2142 2338 2152 2354 ,

1273 2360 1357 2394 bella
1370 2360 1568 2394 demonstrat
1582 2360 1674 2394 fuisse
1687 2360 1824 2394 innoxia
1840 2383 1850 2399 ‚
1876 2372 1913 2394 ac
1926 2364 2031 2406 pergit
2054 2362 2093 2396 ad
2106 2363 2152 2406 ju·

1271 2410 1392 2444 stitiarn
1407 2410 1485 2444 novi
1499 2410 1705 2444 Testamenti
1723 2422 1729 2441 :
1756 2412 1892 2443 Nocendi
1904 2414 2081 2454 cupiditas,
2109 2413 2153 2447 ul-

1270 2459 1397 2503 ciscendi
1421 2462 1610 2499 crudelitas,
1635 2467 1805 2503 impacatus
1827 2469 1915 2502 atque
1952 2463 2151 2504 implacabilis
2167 2463 2239 2498 Lib.
2267 2475 2326 2501 22.

1269 2516 1389 2543 animus
1404 2534 1413 2549 ‚
1433 2510 1549 2552 feritas
1564 2510 1751 2550 rebellandi,
1780 2510 1873 2544 libido
1894 2513 2070 2546 dominandi
2079 2538 2090 2554 ‚
2116 2515 2150 2548 ὁ·
2166 2525 2234 2559 cap.
2247 2524 2305 2560 74,

1266 2558 1291 2598 Ιῐ
1305 2572 1364 2602 qua
1372 2559 1483 2602 fimilia
1495 2585 1506 2600 ,
1533 2559 1675 2603 baecsunt
1688 2586 1698 2601 ,
1727 2572 1793 2602 quae
1806 2566 1838 2592 in
1850 2560 1933 2593 bellis
1939 2563 2011 2601 jure
2030 2565 2151 2605 culpan-

1268 2620 1316 2643 tur
1329 2633 1339 2649 ,
1365 2622 1433 2652 quae
1440 2612 1614 2653 plerumque
1625 2620 1658 2643 ut
1669 2616 1759 2643 etiam
1776 2612 1848 2652 Jure
1866 2617 2037 2652 puniantur
2052 2637 2063 2653 ,
2090 2615 2151 2647 ad-

1268 2661 1374 2693 versus
1388 2662 1564 2693 violentiam
1591 2660 1777 2702 refiflentium
1792 2684 1802 2700 ‚
1814 2658 1879 2701 five
1903 2664 1982 2699 Deo,
2001 2662 2067 2703 five
2095 2665 2151 2696 ali·

1267 2722 1323 2751 quo
1336 2712 1464 2753 legitimo
1474 2713 1595 2752 imperio
1603 2711 1730 2751 jubente
1742 2735 1752 2751 ,
1772 2711 1908 2754 gerenda
1918 2709 1984 2752 ipsa
2005 2712 2081 2744 bella
2099 2712 2151 2754 su-

1262 2758 1427 2802 ftipiuntur
1437 2763 1458 2793 ἃ
1470 2762 1553 2794 bonis
1569 2785 1580 2801 ‚
1606 2767 1713 2794 cumin
1722 2771 1752 2792 eo
1766 2770 1864 2793 rerum
1887 2759 2088 2794 humanarum
2101 2774 2147 2795 or-

1266 2812 1337 2851 dine
1347 2815 1544 2844 inveniuntur
1557 2836 1567 2852 ,
1594 2812 1643 2844 ubi
1655 2823 1700 2844 eos
1714 2811 1768 2844 vel
1777 2810 1885 2850 jubere
1907 2811 1968 2847 talc
1990 2812 2111 2853 aliquod
2135 2836 2148 2853 ‚

1267 2861 1317 2893 vel
1326 2865 1358 2892 tn
1381 2861 1491 2893 talibus
1513 2862 1629 2894 obedire
1656 2860 1735 2900 juste*
1770 2861 1838 2892 ordo
1861 2858 1922 2903 ipse
1940 2859 2109 2904 constringit
2138 2886 2146 2895 .

1268 2911 1404 2952 Alioquin
1416 2915 1558 2955 Joannes
1575 2936 1585 2951 ,
1610 2923 1676 2944 cum
1688 2912 1732 2943 ad
1742 2921 1807 2944 eum
1831 2910 2009 2953 baptizandi
2032 2913 2144 2945 milites

1266 2965 1426 3000 venirent,
1452 2963 1584 2996 dicentes
1607 2986 1628 3002 „
1659 2961 1701 2994 Et
1721 2971 1779 2994 nos
1792 2959 1871 3004 quid
1897 2960 2074 3001 faciemus„
2102 2973 2146 2995 re-

1266 3034 1289 3050 „
1316 3009 1474 3053 sponderet
1487 3017 1528 3044 eis
1543 3036 1553 3051 ,
1583 3011 1683 3045 Arma
1694 3010 1825 3053 abjicite
1843 3035 1854 3049 ‚
1883 3011 2036 3044 militiam
2048 3011 2144 3045 istam

1264 3085 1288 3101 ‚‚
1314 3061 1450 3094 deserite
1474 3084 1485 3099 ,
1513 3062 1680 3095 neminem
1718 3061 1874 3103 percutite
1891 3085 1902 3101 ,
1937 3061 2108 3095 vulnerate
2133 3086 2145 3103 ,

1264 3134 1288 3150 ‚‚
1316 3111 1523 3153 prosternite.
1549 3114 1610 3144 sed
1620 3118 1691 3154 quia
1705 3110 1816 3154 fiiebat
1826 3121 1895 3150 eos,
1917 3121 1982 3143 cum
2007 3110 2068 3144 baec
2089 3116 2145 3143 mt-

1264 3160 1381 3193 litando
1394 3161 1555 3202 facerent,
1579 3173 1636 3194 non
1649 3162 1701 3204 effe
1715 3161 1878 3193 homicidas
1892 3184 1903 3200 ,
1926 3159 1984 3202 sed
1992 3161 2142 3200 ministros

1262 3212 1348 3253 legis,
1379 3213 1481 3244 &non
1494 3214 1602 3244 ultores
1616 3213 1795 3252 injuriarum
1815 3209 1962 3253 suarum,
1983 3209 2041 3252 sed
2062 3210 2145 3254 salu·

1261 3261 1440 3302 ttspublicae
1452 3260 1643 3304 defensores,
1665 3258 1817 3302 respondit
1826 3266 1886 3292 eis:
1915 3284 1938 3301 „
1962 3261 2142 3295 Neminem

1263 3333 1286 3350 ‚,
1313 3311 1537 3345 concusseritis
1566 3335 1576 3350 ,
1614 3311 1697 3344 nulli
1727 3311 1924 3344 calumniam
1961 3311 2100 3345 feceritis
2127 3333 2140 3350 ‚

1261 3384 1285 3401 „
1315 3360 1451 3394 fiifficiat
1475 3360 1567 3394 vobis
1583 3360 1782 3403 stipendium
1809 3360 1951 3395 vestrum
1966 3386 1974 3394 .
2001 3361 2140 3402 sedquia

1262 3409 1422 3443 Manicbaei
1435 3411 1592 3452 joannem
1625 3412 1729 3452 aperte
1751 3409 1955 3453 blasphemare
1985 3407 2138 3450 consueve-

1261 3468 1354 3505 runt,
1379 3459 1475 3504 ipsum
1498 3462 1660 3495 Domitium
1685 3457 2138 3541 JESUMgcfiklsJUM

1972 3519 2010 3543 au
2034 3513 2100 3542 iant
