2366 3736
176 1870 253 1910 Lib.
295 1883 324 1908 1-
350 1881 461 1915 lentiis
476 1878 701 1924 poenitentiam
716 1902 727 1918 ‚
754 1878 928 1923 adjungit:
956 1880 1096 1923 ,Quodsi
1111 1892 1157 1915 me
1177 1893 1233 1913 non

175 1922 305 1969 Γαῖ’-65·
349 1932 528 1968 audieritis,
554 1935 608 1971 qui
617 1927 720 1971 solitus
727 1927 779 1971 fui
791 1938 862 1962 ante
885 1929 1071 1970 Majestatem
1094 1936 1232 1974 Corporis

190 2828 320 2876 Epsq

189 2891 223 2922 q.
252 2890 284 2926 5.

197 2929 279 2973 Cap.
292 2940 324 2964 2.

383 151 477 202 362

337 279 540 314 Sanetiffima
554 289 562 309 z
590 274 782 311 Sanctiffimi
796 275 951 320 Episcopi
960 277 1082 318 Soror,
1093 289 1131 312 ac
1142 278 1230 312 San·-

337 329 467 364 arffimi
482 326 632 370 Episcopi
646 325 743 359 Filia.
754 325 910 361 Secundo
918 325 1224 371 addiscimus,quod

340 378 468 422 antiqui
478 377 562 411 olim
573 374 685 410 fideles
694 386 754 419 pro
766 375 943 411 domestica
957 375 1156 413 Eucharistia
1170 377 1224 411 ha-

338 430 470 465 buerint
483 425 703 461 domesticum
720 426 856 462 Altarei.
880 427 987 473 Qod
1011 428 1116 471 ipsum
1138 429 1229 465 lucet

337 490 381 514 ex
393 477 486 513 Actis
507 478 538 511 S.
554 476 652 510 Lucae
683 475 918 518 Anachoretae,
935 479 968 512 δε
985 476 1207 523 Taumaturgi
1219 502 1226 509 .

341 529 395 562 Ex
408 526 567 564 Corinthi
582 525 814 571 Metropolitae
827 527 1005 572 Responsis
1021 529 1060 563 ad
1072 529 1140 572 ejus
1150 539 1228 573 quae-

340 579 481 615 stiones.
511 578 563 612 Ex
577 577 697 612 eisdem
713 577 800 612 lucet
812 603 823 620 ,
843 579 935 620 quod
947 578 1082 623 quidam
1101 579 1171 623 ipso
1181 590 1230 613 ca-

338 638 466 669 rerent,
485 628 524 663 .&
537 638 655 662 ornato
668 629 802 662 scamno
816 638 1003 663 uterentur.
1030 627 1152 665 Tertio
1176 628 1230 663 ad-

342 679 499 714 discimus
511 704 522 720 ,
545 677 639 722 -quod
654 677 756 713 iidem
768 678 881 714 fideles
902 679 938 714 in
952 678 1017 713 suis
1038 678 1229 713 necessitati-

334 729 402 765 'bus
413 730 454 764 ad
466 728 550 765 istud
565 727 679 764 Altare
689 729 902 773 confugerint
913 751 926 771 ‚
948 730 1134 772 praesentern
1157 729 1229 763 istic

342 778 513 814 Christum
525 779 714 815 Dominum
729 777 874 815 nostrum
891 789 970 813 cum
992 779 1088 823 plena
1109 779 1238 816 fiducia·

339 830 596 875 alloquerentur,
607 829 642 864 ὅ(
654 828 814 871 postulata
825 840 883 875 per
893 829 996 865 fidem
1009 831 1229 874 impetrarent.

343 878 557 915 Addiscimus
578 878 662 912 fusas
684 887 760 912 ante
775 879 1024 916 Sacrosanflum
1044 882 1229 915 Sacramen-

334 939 412 966 tum
425 931 590 964 orationes
602 929 725 971 semper
738 930 835 965 fuisse
846 954 857 970 ‚
883 930 1069 965 etiamnum
1083 932 1147 965 effe
1157 956 1168 971 ,
1191 942 1229 964 ac

340 982 463 1024 semper
474 980 545 1013 fore
556 979 802 1016 efficaciffimas.
822 980 1012 1017 Hincenim
1029 982 1129 1015 etiam
1142 980 1183 1015 de
1196 982 1227 1015 S.

338 1028 441 1066 Clara
471 1029 613 1073 Virgine
639 1028 749 1063 scribit
771 1030 966 1066 Romanum
993 1032 1199 1068 Breviarium
1215 1044 1226 1064 :

338 1083 455 1120 Clara,
480 1083 638 1113 Saracenis
654 1078 777 1120 Affisi'um
785 1079 982 1121 obsidentibus
996 1105 1006 1121 ,
1034 1084 1068 1116 <at
1084 1081 1226 1123 Monaste-

340 1137 420 1165 rium
429 1156 439 1172 ,
463 1136 510 1165 ,tui
519 1131 575 1165 illa
582 1138 716 1171 preerat
732 1154 743 1170 ‚
766 1132 916 1164 invadere
929 1132 1106 1165 conantibus
1122 1156 1132 1172 ,
1144 1144 1229 1176 aegra

337 1180 371 1224 se
382 1183 427 1213 ad
444 1188 564 1221 portam
589 1178 707 1220 adferri
730 1180 827 1223 voluit
841 1205 851 1221 ‚
877 1191 996 1223 unaque
1010 1194 1069 1215 vas
1077 1205 1088 1221 ‚
1111 1188 1149 1217 in
1172 1193 1229 1224 quo

342 1230 552 1270 Sandiiffimum
574 1228 775 1269 Eucharistiae
797 1232 1024 1267 sacramentum
1041 1243 1114 1269 erat
1132 1233 1228 1266 inclu-

336 1279 407 1324 sum
417 1304 424 1311 .
452 1280 553 1322 Ibique
565 1285 668 1312 oravit
676 1285 713 1314 in
724 1278 800 1313 bunc
813 1282 935 1314 modum
948 1295 959 1317 .·
969 1286 1023 1318 Ne
1033 1285 1145 1316 tradas
1169 1285 1224 1316 Do·

343 1337 423 1365 mine
434 1329 676 1371 Bestiisanimaes
698 1329 872 1373 ,confitentes
895 1332 956 1366 tibi
967 1356 979 1372 ,
1002 1334 1040 1367 (9·
1061 1332 1167 1373 custodi
1176 1332 1229 1374 fa·

341 1382 438 1415 mulas
449 1389 519 1414 tuas
532 1404 545 1422 ,
558 1391 633 1422 quas
641 1378 767 1422 pretioso
776 1383 927 1428 ,sanguine
936 1383 1086 1423 redemisti
1094 1409 1101 1416 .
1127 1388 1164 1417 ln
1176 1382 1239 1416 ιιι-ἕ

339 1432 394 1477 jus
407 1427 534 1464 oratione
543 1441 578 1462 ea
590 1441 650 1463 vox
668 1431 776 1463 audita
783 1430 839 1472 est:
864 1435 933 1476 Ego
946 1443 1001 1466 vos
1009 1431 1127 1476 semper
1136 1433 1229 1474 custo-

343 1483 428 1515 diam
442 1506 449 1514 .
475 1482 614 1514 Saraceni
626 1489 725 1514 autem
733 1479 892 1524 parumfi·>
905 1481 994 1527 fugae
1016 1486 1229 1526 mandarunt3

340 1537 459 1574 partim
471 1536 565 1575 quiin
577 1542 694 1565 murum
704 1529 899 1578 qfienderant
907 1556 920 1575 ‚
933 1538 1014 1578 capti
1027 1535 1118 1569 oculis
1124 1559 1137 1577 ,
1147 1542 1226 1577 prae-

345 1587 450 1624 cipites
463 1583 648 1615 ceciderunt..
985 1603 989 1607 -

398 1631 559 1666 Eamdem
570 1629 749 1665 efficaciam
763 1629 859 1664 novit
870 1640 968 1676 atque
978 1643 1131 1677 expertus
1141 1633 1187 1668 est
1199 1635 1228 1668 S.

349 1677 521 1721 Thomas,
544 1677 818 1721 Archiepiscopus
829 1681 863 1713 ὃς
876 1681 1007 1725 Martyr
1019 1683 1230 1718 Cantuarien-

346 1730 384 1763 sis
395 1753 402 1760 .
421 1729 553 1763 Etenim
565 1728 599 1761 in
612 1726 729 1761 litteris
741 1752 752 1768 ‚
766 1728 886 1770 quibus
899 1730 1085 1765 Henricum
1098 1733 1232 1775 Angliae

346 1780 476 1825 Regem
490 1777 649 1823 graviter,
665 1777 809 1820 paterne,
826 1789 863 1811 ac
876 1775 1114 1822 Episcopaliter
1123 1779 1232 1815 horta-

347 1840 401 1866 tur
414 1828 455 1866 ad
468 1829 581 1864 seriam
603 1827 646 1863 de
665 1828 730 1863 suis
742 1828 774 1861 in
791 1828 937 1863 Ecclesiae
959 1829 1144 1865 libertatem
1169 1830 1232 1864 vio·

349 1981 459 2022 christi
474 1987 505 2014 in
516 1979 708 2014 abundantia
719 1976 932 2020 lachrymarum
953 1981 1152 2025 &gemitibus
1173 1993 1231 2014 non

349 2034 484 2067 minimis
497 2041 582 2066 orare
589 2038 644 2072 pro
657 2029 740 2064 vobis
754 2053 765 2071 ‚
776 2031 854 2064 certe
867 2029 979 2064 ibidem
992 2031 1123 2068 clamabo
1131 2041 1234 2065 contra

349 2094 405 2116 vos
417 2106 427 2122 ‚
454 2084 487 2116 (τ
499 2082 617 2116 dicam:
641 2083 766 2124 Exurge
779 2083 860 2114 Deus
873 2104 883 2120 ‚
892 2082 999 2118 judica
1009 2080 1128 2127 causam
1140 2092 1234 2123 tuam,

350 2137 466 2167 Memor
475 2131 530 2172 esto
542 2136 779 2173 improperiorum
791 2140 903 2164 tuorum
914 2133 948 2165 Θ
956 2134 1155 2174 injuriarum,
1168 2144 1235 2175 quae

351 2186 371 2215 ἃ
385 2188 462 2226 Rege
476 2184 634 2228 Anglorum
655 2178 764 2223 &suis
780 2181 838 2213 tibi
851 2182 884 2215 ζ’]
897 2187 958 2214 tuis
978 2182 1058 2223 fiunt
1080 2193 1144 2216 tota
1163 2185 1214 2216 a'ie
1228 2207 1234 2214 .

359 2232 519 2267 Notanda
532 2233 605 2265 sunt
620 2231 715 2264 verba
731 2243 738 2262 :
764 2229 943 2274 ‚Quifirlitus
957 2231 1015 2276 sui
1026 2257 1033 2265 .
1061 2233 1212 2267 Laudant
1225 2258 1234 2273 ,

350 2283 386 2317 ἀ
398 2283 554 2318 omnibus
568 2281 763 2316 imitandam
774 2282 1010 2316 commendant
1033 2283 1146 2317 similis
1165 2295 1235 2317 ora-

354 2333 457 2367 tionis
469 2330 760 2364 consuetudinem.
791 2331 949 2366 Notanda
961 2333 1035 2367 sunt
1044 2334 1078 2367 ἀ
1088 2331 1157 2367 haec
1170 2344 1237 2367 vert

354 2383 415 2417 ba:
443 2380 557 2416 Ibidem
570 2379 714 2412 clamabo.
744 2380 1115 2416 Affirmantorationem
1141 2383 1235 2415 issam

352 2433 416 2467 esse
428 2429 682 2475 potentissimam
695 2452 704 2468 ,
714 2430 744 2463 &
756 2429 774 2461 ὲ
789 2429 911 2463 Divina
925 2430 1110 2466 Clementia
1125 2431 1234 2474 paffim

355 2480 520 2517 exaudiri.
549 2480 682 2515 Etenim
695 2479 728 2512 δε
748 2480 777 2512 8.
790 2479 943 2514 Thomas
956 2482 1018 2515 fuit
1029 2481 1173 2517 omnino
1184 2492 1234 2515 ex-

357 2532 488 2567 auditus
511 2555 518 2562 .
546 2531 651 2566 Lucet
669 2542 711 2562 ex
733 2540 842 2563 amara
862 2531 896 2564 &
919 2541 992 2564 vera
1016 2532 1210 2574 poenitentia
1227 2555 1238 2571 ‚

357 2593 455 2626 quam
470 2581 635 2614 Henricus
649 2580 724 2615 Rex
735 2582 802 2624 egit
819 2580 889 2622 post
901 2579 968 2623 ejus
982 2591 1119 2615 mortem
1135 2606 1142 2614 .
1156 2581 1237 2615 Haec

357 2633 447 2667 enim
461 2632 503 2665 ita
516 2630 725 2664 adscribenda
737 2630 782 2663 est
797 2630 866 2673 ejus
889 2630 1031 2673 pretioso
1056 2631 1216 2676 Sanguini
1228 2657 1238 2673 ,

359 2692 396 2718 ut
409 2692 518 2715 tamen
531 2679 597 2713 istis
606 2679 812 2715 orationibus
824 2691 892 2714 non
907 2681 944 2713 fit
954 2679 1166 2724 abjudicanda
1182 2707 1189 2714 .

411 2730 523 2773 Hujus
535 2730 683 2764 efficaciae
694 2730 834 2764 radicem
846 2731 969 2766 sanstus
981 2731 1188 2776 Augustinus
1210 2743 1240 2765 a·

360 2781 444 2828 perit
465 2782 499 2815 in
522 2779 695 2822 Rescripto
717 2780 756 2812 ad
778 2780 969 2822 quaestiones
986 2782 1086 2817 sancti
1109 2781 1239 2816 Paulini

361 2831 516 2870 Nolensis
526 2830 696 2873 Episcopi.
720 2829 850 2875 Qinta
865 2831 997 2872 quaestio
1010 2842 1077 2865 erat
1089 2832 1173 2866 circa
1188 2833 1240 2866 in·-

364 2883 529 2918 tellectum
544 2879 814 2923 Apostolicorum
828 2880 999 2915 verborum
1024 2882 1057 2915 in
1081 2882 1176 2925 priori
1200 2881 1240 2916 ad

364 2931 588 2968 Timotheum
604 2929 747 2973 Epistola
762 2954 770 2962 .
794 2928 914 2973 Obsecro
921 2934 1018 2971 primo
1030 2939 1156 2964 omnium
1170 2932 1238 2974 fieri

361 2981 585 3025 obsecrationes
597 2984 774 3021 ,Orationes
787 3004 798 3020 ,
811 2978 1019 3018 Postulationes
1034 3006 1043 3021 ,
1065 2989 1240 3025 gratiarum

366 3033 499 3066 AHiones
514 3039 572 3074 pro
591 3029 727 3064 omnibus
747 3029 920 3063 bominibus
934 3054 944 3070 ,
964 3039 1021 3073 pro
1032 3032 1181 3075 Regibus,
1206 3033 1242 3065 (7

366 3081 504 3117 omnibus
513 3085 609 3122 quiin
619 3079 805 3123 sublimitate
813 3079 900 3123 sunt.
914 3081 1062 3129 Qaeflio
1074 3092 1151 3122 erat,
1163 3082 1241 3125 quid

366 3132 491 3177 perista
504 3140 641 3174 quatuor
663 3130 844 3173 Apostolus
864 3131 1064 3175 intelligeret
1078 3156 1088 3170 ,
1112 3133 1145 3165 ὅ(
1164 3143 1241 3174 quo·

367 3180 472 3217 modo
482 3179 646 3224 ipsainter
657 3180 690 3213 se
703 3181 975 3225 intelligerentur?
993 3182 1033 3215 Et
1043 3182 1165 3215 sancius
1179 3181 1246 3216 Au·

368 3231 518 3277 gustinus
531 3230 603 3276 post
616 3230 704 3262 varia
719 3231 885 3274 respondit
899 3245 909 3265 .·
925 3232 1023 3264 Multa
1034 3231 1105 3264 hinc
1116 3231 1244 3275 dicipos-

365 3281 439 3326 sunt
448 3306 459 3321 ‚
468 3292 537 3323 quae
544 3279 742 3322 improbanda
753 3292 809 3313 non
812 3279 838 3323 s
833 3291 886 3314 unt
896 3306 906 3322 ,
929 3280 988 3324 sed
997 3283 1068 3327 eligo
1077 3287 1108 3315 in
1119 3280 1165 3315 bis
1178 3294 1246 3315 ver-

369 3331 417 3365 bis
429 3331 479 3365 boc
486 3330 651 3374 intelligere
661 3354 672 3371 ,
696 3331 778 3372 quod
785 3337 882 3364 omnis
897 3356 907 3372 ,
927 3332 1061 3373 mipene
1073 3338 1168 3365 omnis
1175 3331 1246 3372 fre⁶

371 3390 498 3426 quentat
510 3378 641 3422 Ecclefia
650 3404 661 3421 ,
685 3388 723 3414 ut
734 3382 923 3414 Precationes
932 3387 1117 3423 accipiamur
1127 3382 1225 3416 dit‘las
1239 3405 1250 3421 ‚

368 3443 448 3476 quas
453 3429 585 3472 facimus
593 3435 627 3463 in
639 3429 839 3464 celebratione
850 3433 1111 3466 sacramentorum
1125 3455 1137 3473 ,
1158 3441 1247 3473 ante·

368 3491 463 3529 quam
472 3481 550 3517 iliud
559 3504 572 3523 ‚
588 3481 669 3527 quod
678 3479 716 3523 est
727 3485 759 3515 in
771 3483 894 3516 Domini
909 3479 1012 3528 Mensa
1021 3505 1034 3525 ‚
1054 3486 1183 3527 incipiat
1200 3481 1249 3518 be·

964 136 1605 188 D1ssi÷1tritrro

336 227 458 263 satori&
470 224 634 263 indultum
648 224 679 261 ὃς
694 224 840 267 personae
854 224 888 261 ἀ
900 227 1034 270 generi.
1047 226 1128 264 Erat
1136 226 1228 261 ,enim
1285 226 1389 261 mdici
1404 251 1412 259 .
1436 231 1596 262 orationes
1618 250 1631 268 ,
1660 236 1731 262 ,cum
1762 225 1947 262 benedicitur
1972 248 1986 270 ,
2029 229 2065 263 fir
2093 226 2167 274 san·

1286 276 1437 320 ‚lliftcaiur
1476 302 1489 318 ,
1513 279 1552 312 r&
1580 279 1631 311 ad
1659 277 1893 318 distribuendum
1928 283 2130 313 comminuitur
2153 293 2167 314 .-

1286 329 1395 371 ,Quam
1433 336 1528 361 totam
1555 332 1732 371 petitionem
1743 328 1819 373 fere*
1841 328 1941 362 mnis
1967 329 2091 372 Ecclefia
2111 331 2170 362 Do·

1291 383 1399 412 minica
1415 382 1562 413 Oratione
1589 380 1738 414 concludit
1756 403 1765 411 .
1801 377 1910 415 Addit
1929 389 2006 413 non·
2017 379 2168 425 quamvis

1286 429 1474 464 orationem
1492 428 1639 474 intelligi
1657 428 1702 463 ab
1730 428 1896 473 Apostolo
1918 453 1930 470 ‚
1966 428 2018 463 sed
2053 429 2168 470 illam,

1286 489 1387 522 quam
1395 479 1537 516 facimus
1547 479 1586 513 ad
1597 489 1715 513 uotum
1728 502 1739 519 ‚
1758 478 1992 514 &concluditz
2015 483 2170 513 Voventur

1285 538 1387 562 autem
1397 535 1514 570 omnia,
1534 540 1606 572 quae
1617 528 1779 573 offeruntur·
1791 532 1853 563 Deo
1863 555 1873 571 ,
1892 530 2027 563 maxime*
2039 531 2068 562 5.
2085 530 2169 563 Alta-

1287 584 1332 612 ris
1340 578 1457 612 oblatio
1468 604 1479 620 ,
1496 591 1558 622 ,quo
1568 581 1588 613 5
1589 588 1758 613 aeramento
1763 582 1954 621 pradicaetur
1968 578 2032 618 nost
2037 591 2103 613 rum
2114 579 2167 612 ali·

1286 630 1333 663 ud
1344 637 1447 663 votum
1455 634 1620 663 maximum
1628 654 1639 669 ,
1657 632 1717 673 ‚quo
1732 641 1783 662 nos
1795 635 1934 673 vovimus
1943 635 1979 662 in
1991 627 2106 669 Christo
2117 631 2170 672 effe

1290 676 1441 725 mansuros
1455 683 1576 724 Utique
1586 686 1621 715 in
1633 684 1784 724 compage
1799 685 1939 722 corporis
1950 679 2078 719 Christi.
2098 680 2172 713 Do·

1290 730 1557 768 cetorationem,
1577 741 1677 773 quam
1694 730 1747 765 vel
1761 731 1794 764 in
1818 730 2064 765 consecratione
2077 753 2092 771 ,
2117 727 2171 762 vel

1291 781 1325 813 in
1338 781 1526 826 sumptione
1540 803 1550 819 ,
1576 781 1630 814 vel
1641 780 1677 814 in
1688 780 1883 816 adoratione
1892 779 1991 824 hujus
2000 779 2170 814 Sacrosan·

1291 830 1331 865 sti
1345 830 1542 865 Sacramenti
1551 831 1690 866 facimus
1702 855 1712 870 ,
1734 840 1889 874 oportere
1896 829 1962 865 esse
1972 829 2072 865 talem
2083 853 2094 869 ‚
2103 838 2172 874 qua

1290 881 1407 916 factam
1418 880 1436 914 ὲ
1445 881 1541 914 nobis
1553 880 1585 914 in
1594 880 1794 924 Baptismate
1807 880 2040 917 Profeffionem
2049 889 2173 923 repeta-

1293 941 1364 965 mus
1376 955 1386 971 ,
1406 943 1444 965 ac
1458 931 1613 965 Domino
1628 932 1703 966 Deo
1714 942 1754 965 ex
1767 931 1892 974 pestere
1904 940 2079 965 voveamus
2089 929 2171 964 sem·

1292 992 1345 1024 per
1358 981 1473 1024 inipso
1485 992 1627 1023 manere,
1638 993 1675 1015 ac
1685 982 1749 1015 effe
1757 981 1792 1015 in
1807 980 1982 1016 Catholica
1992 978 2061 1023 ejus
2070 980 2174 1014 Conr-
2336 1015 2338 1017 ,
2350 996 2351 999 “

1293 1042 1372 1076 page
1385 1030 1462 1065 viva
1481 1029 1644 1073 membr23
1671 1030 1848 1076 Abnegare
1868 1042 2004 1073 omnem
2024 1030 2174 1073 impieta·
2290 1025 2295 1028 ⁴

1293 1091 1360 1115 tem
1381 1092 1420 1115 ac
1434 1080 1594 1115 saecularia
1606 1080 1782 1122 desideria,
1808 1081 1842 1116 δε
1856 1079 1980 1120 sobrie,
1999 1078 2107 1120 caste,
2127 1079 2174 1123 ju·

1292 1130 1336 1165 ste
1348 1142 1385 1166 ac
1398 1129 1449 1173 pie
1461 1130 1569 1164 vivere
1580 1130 1616 1166 in
1626 1128 1692 1166 hoc
1702 1131 1818 1166 saeculo
1828 1143 1843 1172 ,-
1863 1132 1926 1166 esse
1935 1128 2174 1175 acceptabilem

1293 1182 1368 1216 Deo
1390 1180 1557 1225 Populum
1576 1204 1591 1221 ,
1617 1181 1803 1215 sectatorem
1825 1180 1989 1215 bonorum
2012 1190 2150 1220 opernm
2163 1202 2175 1213 .

1293 1231 1372 1266 Haec
1384 1232 1492 1266 oratio
1503 1255 1514 1273 ‚
1536 1230 1588 1264 uti
1599 1230 1791 1266 sanctissima
1805 1253 1816 1270 ,
1835 1231 1880 1264 ita
1890 1229 1935 1265 est
1946 1230 1979 1263 δε
2000 1229 2178 1264 efficaciffi·

1294 1293 1363 1316 ma.
1394 1281 1501 1326 Ipsam
1522 1280 1690 1315 docendus
1705 1280 1749 1314 est
1772 1278 1942 1324 Populus,
1971 1290 2042 1314 non
2063 1279 2175 1314 Sacro-

1295 1332 1394 1366 sanffl
1410 1331 1613 1367 Sacramenti
1627 1331 1682 1373 pio
1693 1330 1819 1374 aspectu
1842 1329 2030 1373 privandus.
2059 1329 2174 1365 Etiam

1293 1382 1385 1425 hujus
1394 1380 1593 1416 sacramenti
1606 1392 1666 1415 cau
1672 1382 1702 1415 sa
1713 1380 1798 1414 dixit
1809 1379 1906 1415 nobis
1914 1379 2174 1415 Dominus213cce

1291 1444 1341 1476 ego
1349 1430 1497 1476 vobiscum
1504 1430 1572 1475 sum
1585 1431 1719 1465 omnibus
1732 1430 1837 1464 diebus
1849 1429 1992 1474 usquead
1999 1427 2178 1473 consuma-

1270 1520 1272 1525 ,
1290 1490 1398 1516 tionem
1406 1481 1525 1527 saeculi.
1551 1481 1607 1516 Ad
1621 1481 1745 1515 nostras
1752 1480 1918 1516 orationes
1934 1477 2174 1516 exaudiendas.

1346 1533 1389 1567 Et
1402 1531 1491 1567 hunc
1502 1532 1536 1565 in
1549 1532 1651 1568 finem
1665 1531 1786 1566 Latina
1799 1531 1941 1567 Ecclesia
1951 1531 2094 1566 omnino
2103 1539 2182 1564 cen-

1293 1582 1356 1617 suit
1366 1581 1604 1618 Sanstiffimum
1615 1582 1861 1618 Sacramentum
1872 1578 2004 1627 publice
2013 1588 2182 1625 exponen·

1293 1632 1388 1666 dum:
1418 1632 1502 1678 Qae
1514 1633 1620 1667 forma
1644 1630 1947 1677 quandoinceperit
1960 1655 1973 1672 ,
1995 1631 2102 1670 fateor
2125 1638 2182 1664 me

1294 1681 1444 1726 ignorare
1455 1705 1462 1712 .
1490 1680 1647 1714 Attamen
1661 1681 1758 1723 plane
1768 1681 1923 1717 existimo
1932 1680 1997 1715 esse
2006 1678 2112 1715 multo
2122 1689 2182 1714 an·

1294 1731 1475 1776 tiquiorern
1488 1730 1644 1766 Decretis
1657 1728 1793 1764 Urbani
1805 1729 1865 1763 IV.
1878 1729 2012 1764 Etenim
2025 1732 2057 1764 S.
2069 1728 2181 1770 ὡκ,

1294 1779 1400 1821 ipsum
1414 1789 1618 1822 nequaquam
1632 1778 1761 1820 Juffiffet
1772 1778 1933 1820 deportari
1945 1778 1986 1812 ad
2011 1773 2181 1812 Modesto·

1298 1828 1337 1861 rii
1351 1837 1480 1871 portam
1494 1850 1505 1867 ,
1533 1827 1590 1863 nisi
1604 1826 1820 1862 consuevisset
1830 1826 1956 1870 exponi
1975 1825 2010 1859 in
2024 1826 2179 1863 Ecclesia.

1298 1877 1340 1912 Et
1353 1877 1460 1913 forsan
1470 1877 1675 1920 extraipsam
1696 1877 1795 1910 etiarn
1819 1874 1980 1919 deportati
2003 1900 2011 1909 .
2038 1875 2180 1912 Certum

1295 1928 1354 1970 est,
1365 1927 1456 1970 quod
1468 1927 1667 1961 Sanctiffima
1680 1925 1830 1961 Foemina
1840 1924 1925 1961 nihil
1938 1924 2016 1970 novi
2034 1926 2123 1961 circa
2131 1925 2182 1960 su·

1299 1988 1445 2022 premum
1467 1976 1532 2011 hoc
1543 1977 1740 2021 Mysterium
1751 1977 1920 2013 attentarit
1932 2000 1940 2010 .
1955 1976 2064 2011 Etiam
2073 1975 2186 2012 Veoe·

1297 2028 1407 2063 rabilis
1420 2027 1630 2063 Eboracensis
1643 2026 1792 2061 Ecclefiae
1814 2025 1970 2060 Antistes‘
1983 2025 2179 2070 Turstinus,

1297 2079 1377 2113 dum
1391 2079 1496 2122 ipsum
1512 2077 1544 2111 in
1556 2076 1740 2112 Standardo
1753 2077 1807 2111 seu
1820 2075 2012 2112 navisMalo
2034 2075 2120 2121 juffit
2141 2086 2180 2110 ac

1300 2128 1438 2174 permisit
1456 2128 1656 2164 circumferri
1671 2139 1727 2172 per
1738 2127 1927 2172 Anglicana
1939 2127 2051 2162 Castra
2065 2149 2077 2167 ‚
2093 2128 2181 2171 secu-

1298 2190 1350 2214 tus
1360 2179 1406 2214 est
1424 2179 1547 2222 priores
1560 2189 1667 2212 mores
1679 2178 1826 2212 Ecclesiae
1837 2203 1844 2210 .
1856 2176 2001 2212 Priorem
2012 2186 2183 2221 exponen-

1296 2230 1345 2264 dae
1359 2228 1669 2263 &circumferendae
1692 2226 1905 2262 Eucharistiae
1929 2227 2045 2262 Ritum
2067 2236 2182 2261 exten·

1298 2279 1347 2314 dit
1359 2278 1399 2313 ad
1413 2279 1526 2314 Castra
1541 2304 1547 2310 .
1564 2278 1736 2326 Qidquid
1750 2278 1785 2311 fit
1799 2301 1809 2316 ‚
1822 2277 1890 2320 post
1906 2277 2039 2312 Urbani
2050 2275 2183 2310 1V.De-

1298 2340 1424 2364 cretum
1450 2330 1550 2372 pietas
1570 2327 1670 2371 coepit
1693 2328 1757 2362 esse
1783 2327 1986 2370 frequentior
1995 2349 2005 2359 .
2034 2326 2077 2359 Et
2090 2324 2180 2361 brevi

1299 2390 1447 2423 tempore
1459 2380 1522 2412 fuit
1533 2377 1663 2412 admista
1683 2376 1768 2420 apud
1778 2386 1895 2410 omnes
1910 2375 2082 2409 Ecclesias.
2101 2374 2183 2408 Pras-

1300 2430 1406 2462 sertim
1420 2439 1529 2462 tamen
1539 2429 1625 2471 apud
1636 2428 1792 2461 Ditiones
1808 2424 1960 2469 Augustae
1972 2425 2103 2458 Domus
2115 2423 2184 2458 Au·

1299 2479 1420 2513 striacae
1430 2502 1441 2518 ,
1453 2490 1492 2511 ac
1504 2478 1588 2521 apud
1611 2477 1828 2513 Leodiensem
1841 2474 2015 2508 Ecclesiam
2028 2497 2043 2514 .,
2052 2473 2183 2508 Eodem

1302 2539 1447 2571 tempore
1459 2528 1593 2570 quidam
1605 2527 1736 2568 coepisse
1749 2535 1866 2569 putant
1882 2523 2116 2558 Monstratoria
2127 2523 2183 2557 Sa-

1300 2578 1458 2612 cramenti
1472 2578 1542 2610 vasa
1552 2601 1560 2608 .
1571 2577 1608 2610 ln
1621 2576 1716 2609 variis
1728 2576 1842 2609 formis
1852 2600 1859 2607 .
1889 2574 1972 2608 Sunt
1983 2574 2090 2620 dignae
2103 2585 2184 2618 quar

1299 2628 1420 2664 stiones
1431 2652 1442 2669 ,
1468 2635 1557 2662 extra
1570 2627 1716 2661 nostrum
1729 2625 1926 2669 propositum
1940 2647 1950 2658 .

1549 2712 1832 2762 CA'PUT
1889 2727 1933 2760 x.

1336 2833 1384 2864 An
1402 2828 1550 2872 frequens
1575 2829 1660 2861 sacro
1668 2825 1768 2870 fanc‘lr'
1792 2827 1976 2860 sacramenti
2000 2823 2138 2868 equfitla

1552 2880 1558 2885 ‘
1644 2877 1790 2919 expediat
1803 2877 1820 2909 ?

1407 2927 1582 2972 Espondeo
1604 2925 1659 2962 hic
1673 2927 1779 2963 ,etiam
1801 2927 1913 2962 locum
1937 2924 2056 2960 habere
2067 2924 2182 2969 Regu·

1414 2979 1477 3013 lam
1491 3003 1502 3018 ‚
1513 2988 1610 3022 quam
1624 2977 1713 3022 supra
1725 2977 1742 3010 ὲ
1752 2978 1862 3012 saneto
1879 2973 2068 3020 Augustino
2082 2974 2116 3008 in
2130 2976 2195 3007 lit--

1304 3031 1381 3065 teris
1403 3028 1444 3064 ad
1467 3027 1655 3070 Ianuarium
1680 3026 1863 3064 audivimus
1875 3027 1959 3060 circa
1982 3025 2188 3068 frequentem

1305 3080 1448 3124 ejusdem
1461 3079 1661 3113 sacramenti
1679 3076 1882 3112 oblationem
1893 3075 1927 3109 ὃ(
1939 3075 2158 3117 sumptionem
2173 3097 2182 3107 .

1306 3125 1398 3166 Dum
1410 3128 1593 3165 istiusmodi
1605 3127 1768 3171 expositio
1779 3128 1860 3161 reste
1872 3125 1922 3164 fit,
1934 3123 2112 3159 certumest
2125 3124 2187 3157 fre·

1306 3190 1462 3226 quentem
1473 3179 1627 3223 expedire
1646 3179 1680 3214 ἀ
1703 3179 1765 3212 esse
1778 3175 1990 3210 suadendam.
2018 3172 2128 3208 Porro
2150 3182 2188 3207 ut

1306 3228 1387 3264 rede
1396 3230 1451 3263 fiat
1465 3254 1476 3270 ‚
1500 3229 1706 3272 requiruntur
1727 3226 1831 3260 varia.
1857 3223 1996 3264 Primo,
2021 3234 2058 3258 ut
2083 3222 2190 3257 fidelis

1307 3280 1457 3324 Populus
1476 3279 1604 3313 noverit
1626 3277 1684 3321 ipsi
1703 3274 1855 3310 exhibere
1877 3274 2024 3310 debitam
2038 3284 2189 3307 reveren-

1306 3331 1387 3365 tiam
1406 3329 1528 3364 mentis
1546 3328 1582 3361 ἀ
1604 3326 1749 3371 corporis
1761 3352 1769 3357 .
1792 3324 1919 3361 Mentis
1938 3322 2120 3358 reverentia
2138 3321 2187 3355 est

1310 3379 1496 3415 humillima
1509 3376 1679 3418 adoratio,
1705 3376 1739 3410 ἀ
1761 3386 1907 3420 congrua
1918 3374 2025 3409 oratio
2045 3398 2052 3405 .
2081 3371 2190 3414 Ipsam

1310 3429 1499 3466 laudavit&
1518 3427 1665 3471 Populos
1686 3425 1801 3461 docuit
1824 3424 2036 3460 Venerabilis
2051 3420 2192 3462 Gnido,

1309 3493 1354 3517 ex
1375 3478 1580 3516 cisterciensi
1603 3476 1737 3513 Abbate
1757 3475 1972 3513 Praenestinus
2006 3471 2191 3561 {piscaopus

2043 3531 2083 3559 an
2115 3533 2141 3558 κ
