2366 3736
605 192 671 225 ΒΕ
706 178 1130 224 Counttnoufi
1166 188 1228 218 ετ
1266 176 1676 222 ΛττιιιτιοΝερ

225 271 300 293 nam
311 282 323 300 ,
343 257 467 303 servilis
477 261 515 301 es}
526 287 532 294 .
562 263 650 306 ,Quid
660 270 799 303 magnum
810 258 848 298 est
860 264 962 292 timere
970 260 1103 299 poenam?

225 315 286 343 Hoc
310 311 487 352 nequiffimus
504 311 613 355 servus
624 335 635 350 ,
661 309 711 342 boc
726 311 759 342 (tt
781 309 987 348 crudeliffimus
1007 308 1104 340 latro.

225 363 299 395 Non
309 359 346 399 est
356 372 496 404 magnum
506 367 731 401 timerepoenam
741 383 750 398 ,
764 358 822 402 fed
829 369 966 402 magnum
975 357 1012 397 est
1025 369 1106 390 ama-

223 421 257 442 re
266 408 408 449 iustitiam
421 437 427 443 .
440 414 504 456 ,Qui
512 422 576 455 ergo
586 408 820 449 amatjustinam
831 433 841 450 ‚
855 408 931 442 nibil
939 413 1023 440 timet
1033 408 1045 440 ἲ
1058 410 1106 439 Ti-

224 466 284 491 met
292 461 384 500 plane
399 476 409 495 .·
430 465 502 494 Non
512 471 546 494 ne
559 461 674 492 incidat
689 468 810 501 paenam
824 483 834 498 ,
874 459 915 492 ed
936 469 971 491 ne
985 462 1107 490 amittat

218 508 367 554 justitiam
378 535 385 542 .
414 517 500 543 Amat
522 509 634 552 aliquis
655 508 779 548 vestrum
797 514 954 551 pecuniam
968 519 977 550 3
1004 519 1040 541 ex
1059 506 1109 539 hoc

226 557 288 600 ipso
302 561 382 601 quod
392 569 476 592 amat
489 583 499 599 ,
513 561 652 603 intelligit
666 561 743 602 quod
756 561 818 592 dico
828 582 835 590 .
849 561 944 600 Isimet
957 559 1106 590 damnum.

228 612 332 652 ,Quare
365 613 447 642 timet
473 611 616 642 damnum
642 610 658 640 ,ἕ
694 612 776 653 ,Quia
800 614 960 650 pecuniam
990 609 1108 651 diligit.

229 662 390 700 ,Quantum
410 668 494 691 amat
512 665 689 701 pecuniam,
721 660 838 692 tantum
849 664 930 692 timet
944 669 980 691 ne
998 659 1109 699 perdat

225 711 400 750 pecuniam.
427 712 509 752 Ergo
529 715 682 743 invenitur
700 711 809 750 aliquis
832 718 945 741 amator
960 707 1109 748 justitia,

229 762 281 799 qui
285 758 356 797 plus
369 764 402 790 in
415 761 498 792 corde
507 759 694 802 pertimescat
707 760 850 791 damnum
861 783 871 798 ‚
897 763 947 800 qui
954 759 1021 798 plus
1033 762 1108 790 exti-

231 816 310 839 meat
314 804 439 848 spoliari
455 809 575 849 justitia
588 833 597 847 ‚
622 821 710 852 quam
722 818 753 841 tu
772 815 894 849 pecunia
907 832 914 840 .
942 808 1054 841 Hosce
1074 808 1111 840 ti·

231 867 339 889 mores
351 856 479 892 adfidue
492 871 589 903 penes
600 861 728 902 culpam
741 859 774 892 &
786 869 913 901 poenatn
928 882 938 897 ‚
955 856 1002 891 uti
1017 868 1112 900 penes

231 906 355 948 objecta
368 919 479 941 eorum
493 909 670 943 materialia
686 933 696 947 ,
706 907 879 951 distinguit
894 932 903 947 ‚
918 904 967 940 sed
979 918 1044 940 non
1061 918 1111 949 pe·

233 967 291 989 nes
305 957 370 998 ipsa
383 958 448 991 sola
457 957 629 1002 distinguit
641 982 652 997 ,
678 958 778 991 etiarn
793 968 890 1000 penes
904 954 1112 990 servilitatem

233 1015 330 1049 quam
352 1005 457 1040 castus
478 1008 564 1041 sanet
589 1009 622 1042 ὅ(
642 1008 814 1052 extinguat
829 1032 839 1048 ,
869 1007 990 1041 servilis
1013 1006 1114 1040 timor

232 1056 419 1097 compescat
433 1055 641 1092 solummodo
653 1058 684 1091 δε
696 1059 806 1091 fraenet
818 1081 828 1097 ‚
840 1057 982 1100 ideoque
995 1058 1043 1091 uti
1058 1057 1118 1090 do-

233 1103 338 1138 losum
351 1103 384 1138 in
400 1105 467 1139 smu
480 1118 622 1152 anguem
632 1107 796 1151 permittat
810 1107 844 1142 in
867 1106 974 1141 cordis
998 1106 1116 1140 intimo

233 1154 360 1188 latitare
372 1179 379 1186 .
407 1155 612 1202 Distinguit,
639 1158 793 1202 inquam,
808 1169 904 1201 penes
916 1157 1038 1191 foedum
1051 1156 1118 1190 ani·

234 1214 347 1243 mum,
370 1215 438 1248 quo
451 1206 748 1251 quiiaconspicuis
776 1209 913 1251 peccatis
933 1206 977 1241 ob
996 1206 1117 1241 adnexi

236 1253 303 1287 illis
315 1254 391 1287 mali
403 1257 540 1298 poenalis
560 1267 681 1292 metum
700 1257 860 1298 abstinet,
875 1258 998 1291 malens
1010 1267 1117 1290 tamen

236 1304 271 1337 &
283 1314 399 1345 optans
412 1317 478 1339 non
490 1307 561 1341 fore
570 1307 724 1350 justitiam
738 1332 749 1348 ‚
776 1319 846 1352 quae
856 1318 985 1352 peccata
1000 1307 1055 1341 ista
1069 1317 1119 1339 ve-

238 1363 320 1387 taret
340 1364 394 1388 aut
420 1354 505 1389 certe
528 1358 672 1399 puniret.
702 1359 807 1391 Hun'c
834 1358 979 1391 animum
1002 1354 1121 1391 merito

239 1403 438 1445 appellamus
453 1407 682 1440 servilitatem:
710 1406 863 1440 Estenim
886 1406 1007 1440 servilis
1027 1417 1120 1439 rnen-

241 1453 282 1486 tis
297 1452 402 1488 vilitas
413 1477 424 1494 ,
435 1467 497 1499 qua
509 1456 611 1489 solent
624 1457 700 1489 servi
714 1478 725 1496 ‚
737 1466 804 1490 non
819 1467 859 1490 ex
871 1455 983 1491 animo
994 1457 1026 1489 &
1038 1455 1123 1490 bona

243 1502 415 1537 voluntate
437 1530 447 1545 ,
474 1505 524 1538 sed
548 1505 682 1539 subdole
702 1507 818 1541 servire
841 1507 903 1541 suis
926 1506 1070 1541 dominis
1093 1506 1124 1541 ὅ(

243 1553 346 1585 coacti
360 1577 372 1592 ,
398 1564 549 1597 optantes
562 1557 696 1599 suijuris
709 1557 770 1591 effe
783 1581 795 1596 ,
822 1558 855 1592 ὅ(
869 1569 935 1592 non
957 1558 1091 1592 servire.

296 1602 366 1636 Hic
379 1605 497 1648 anguis
508 1606 650 1640 omnino
662 1607 739 1640 latet
747 1607 846 1641 etiam
869 1609 926 1642 sub
947 1609 1065 1641 timore
1076 1617 1127 1652 ge-

246 1648 364 1686 hennae
377 1676 384 1684 .
413 1654 508 1688 Latet
518 1657 672 1690 voluntas
685 1657 782 1700 longe
795 1658 932 1701 nequior
943 1683 954 1699 ,
980 1669 1042 1700 qua
1052 1657 1128 1690 mal-

247 1701 293 1735 let
313 1701 415 1736 homo
437 1716 504 1738 non
526 1707 589 1739 effe
602 1707 740 1739 vetitum
757 1707 846 1750 quod
868 1708 926 1742 fibi
951 1707 1048 1742 sentit
1067 1707 1129 1742 effe

248 1749 379 1786 libitum
392 1776 406 1793 ,
432 1753 572 1799 ideoque
589 1756 719 1789 Divinae
732 1756 813 1800 legis
827 1767 862 1791 ac
874 1757 1020 1799 justitiae,
1031 1769 1129 1800 quam

249 1802 333 1844 apud
346 1800 519 1838 hominum
532 1806 647 1838 oculos
658 1805 803 1839 observat
815 1830 825 1845 ,
852 1808 885 1839 in
903 1808 1013 1840 cordis
1029 1809 1076 1840 sui
1089 1808 1132 1840 se-

76 1840 137 1886 EP·
159 1847 232 1887 144·
249 1862 340 1885 creto
353 1852 397 1886 est
412 1854 487 1887 osor
498 1855 529 1887 ὅ(
545 1855 698 1888 inimicus
709 1880 716 1887 .
747 1855 918 1898 Eleganter
929 1856 992 1890 hoc
1018 1858 1131 1900 Augu-

251 1900 352 1934 stinus
362 1900 458 1936 docet
471 1903 504 1937 in
519 1904 636 1938 litteris
647 1905 687 1938 ad
702 1904 904 1939 Anastafimn
919 1919 925 1939 :
939 1911 1071 1939 lnam'ter
1078 1915 1131 1947 pu-

252 1958 300 1983 tat
314 1951 492 1994 vilioremse
504 1954 555 1996 effe
562 1961 675 1996 peccati
688 1979 698 1994 ,
721 1961 773 1996 qui
781 1964 879 1996 poenae
894 1963 993 1989 timore
1006 1968 1063 1988 non
1069 1965 1130 1998 pec-

250 2009 298 2033 cat
309 2025 316 2032 .
344 2001 429 2044 „Quia
439 2002 575 2044 etsiforis
590 2015 647 2036 non
659 2005 797 2045 impletur
809 2012 951 2048 negotium
963 2007 1050 2039 malae
1058 2011 1132 2047 cupi-

250 2050 361 2083 ditatis
375 2075 386 2091 ,
412 2050 477 2094 ipsa
499 2061 599 2086 tamen
625 2054 706 2086 mala
728 2057 967 2095 cupiditasintus
983 2054 1019 2095 est
1030 2055 1113 2096 hostis
1125 2079 1132 2087 .

253 2103 299 2131 Et
312 2106 379 2142 quis
390 2112 485 2135 coram
498 2105 558 2136 Deo
569 2109 702 2136 innocens
715 2109 870 2137 invenitur
880 2129 890 2144 ‚
920 2107 1050 2147 quivult
1067 2106 1134 2148 fieri

253 2151 333 2191 quod
343 2159 464 2184 vetatur
480 2176 490 2192 ‚
511 2152 540 2194 fi
544 2151 704 2196 subtrahas
716 2149 796 2195 qu'od
806 2156 942 2187 timetur?
970 2159 1008 2187 Ac
1020 2164 1074 2196 per
1085 2155 1134 2188 hoc

253 2203 287 2231 in
299 2197 365 2241 ipsa
375 2203 530 2235 voluntate
541 2214 607 2235 reus
620 2203 659 2242 est
670 2225 680 2240 ‚
707 2209 756 2244 qui
765 2205 831 2235 vult
836 2204 939 2245 facere
950 2206 1028 2246 quod
1037 2216 1093 2236 non
1103 2204 1133 2235 li·

252 2257 297 2280 eet
306 2248 396 2289 fieri,
418 2250 477 2292 sed
487 2253 551 2284 ideo
564 2263 621 2284 non
631 2251 733 2292 facit,
759 2259 830 2294 quia
841 2257 959 2295 impune
972 2266 1028 2287 non
1046 2253 1135 2295 potest

248 2296 318 2338 fieri
328 2321 335 2328 .
363 2302 451 2331 Nam
475 2302 662 2342 quantumin
676 2301 736 2345 ipso
746 2303 783 2342 est
792 2327 803 2343 ‚
833 2306 933 2338 mallet
945 2316 1001 2337 non
1023 2305 1072 2347 effe
1089 2306 1138 2344 ju·

247 2345 364 2387 stitiam
384 2357 509 2390 peccata
524 2350 728 2392 prohibentem
750 2361 839 2395 atquc
866 2360 1038 2396 punientem
1057 2379 1064 2386 .
1092 2357 1137 2388 Et

253 2401 356 2439 utique
362 2398 391 2439 fi
400 2401 500 2434 mallet
514 2413 571 2433 non
583 2402 633 2444 effe
643 2401 793 2442 ‚iustitiam
806 2428 815 2443 ‚
842 2410 908 2445 quis
930 2404 1115 2437 dubitaverit
1127 2429 1137 2444 ,

256 2449 336 2487 quod
343 2459 409 2481 eam
416 2449 445 2491 fi
450 2450 536 2492 posset
546 2474 556 2489 ‚
583 2451 716 2493 auferret
728 2454 740 2485 ?
768 2457 809 2485 Ac
817 2462 873 2494 per
885 2454 934 2487 boc
944 2450 1135 2497 quomodoju-

253 2494 315 2536 stus
328 2497 365 2536 est
386 2500 457 2531 talis
474 2499 598 2540 justitiae
621 2507 756 2534 inimicus
770 2526 780 2541 ,
806 2513 838 2534 ut
860 2516 925 2536 eam
938 2529 948 2544 ,
969 2505 999 2547 Ji
1010 2506 1136 2546 potestas

258 2546 345 2578 detur
366 2570 376 2586 ‚
403 2548 525 2588 auferat
545 2573 555 2588 ,
584 2560 620 2582 ne
640 2557 864 2585 comminantem
885 2555 938 2586 vel
949 2557 1140 2595 judicantem

253 2594 361 2636 ferat?
384 2601 524 2631 Inimicus
546 2609 611 2641 ergo
626 2599 751 2639 justitiae
762 2601 800 2640 est
813 2626 823 2641 ‚
852 2609 904 2644 qui
918 2612 1016 2644 poenae
1037 2612 1140 2640 timore

260 2656 318 2677 non
325 2655 427 2688 peccat
442 2659 451 2689 3
476 2654 589 2680 amica:
601 2657 695 2681 autem
708 2656 782 2692 erit,
798 2650 827 2692 fi
832 2654 895 2692 ejas
906 2665 1002 2688 amore
1013 2667 1068 2688 non
1074 2666 1139 2699 pec-

260 2704 305 2728 cet
317 2719 324 2726 .
355 2699 433 2729 Tunc
450 2703 528 2730 enim
540 2701 610 2732 vere
621 2700 736 2733 timebit
757 2710 899 2742 peecare.
926 2707 1012 2737 Nam
1033 2712 1084 2748 qui
1089 2719 1139 2751 ge—

262 2744 378 2778 hennas
391 2753 508 2788 metuit,
522 2760 579 2781 non
587 2757 707 2789 peccare
721 2758 828 2784 metuit
841 2777 851 2792 ‚
871 2752 932 2795 sed
939 2756 1059 2789 ardere.
1087 2759 1140 2790 Ille

261 2804 362 2839 nutem
369 2806 488 2838 peccare
500 2805 602 2831 metuit
613 2824 623 2838 ‚
636 2805 686 2841 qui
692 2808 841 2840 peccatum
853 2802 948 2845 ipsum
957 2803 1141 2850 ficutgeben.

89 2871 177 2907 serm
203 2866 235 2906 ¹8
263 2857 319 2878 nas
330 2848 407 2879 odit.
424 2849 465 2880 Et
479 2849 512 2881 in
526 2848 725 2884 sermonibus
735 2849 775 2884 de
784 2852 887 2886 verbis
899 2856 1050 2896 Apostoli
1065 2869 1071 2888 :
1086 2861 1141 2891 Hoc

182 2895 188 2902 ”
240 2894 246 2901 ’
264 2896 378 2937 interest
390 2903 467 2931 inter
475 2904 606 2931 tImorem
618 2907 699 2931 tuum
709 2925 718 2940 ‚
730 2903 763 2934 &
777 2906 910 2935 timorem
917 2905 1053 2946 latronis,
1064 2910 1142 2949 quod

265 2948 339 2979 latro
348 2954 430 2980 timet
439 2950 514 2991 leges
526 2948 673 2981 hominum
683 2973 693 2988 ,
720 2954 753 2984 &
764 2954 829 2985 ideo
842 2953 923 2993 facit
930 2955 1114 2990 latrocinium
1127 2983 1135 2997 ,

266 3002 336 3038 quia
345 2996 376 3039 se
386 2996 489 3040 sperat
496 2997 610 3040 fallere
623 3001 699 3042 leges
712 3000 862 3035 hominum
877 3015 886 3045 3
911 3013 941 3035 tu
953 3015 1050 3038 autem
1064 3009 1136 3050 leges

265 3049 325 3086 ejus
338 3054 436 3087 times,
449 3059 534 3090 quem
538 3048 646 3089 fallere
656 3061 712 3082 non
717 3060 801 3092 potes
816 3077 822 3083 .
838 3057 923 3085 Nam
928 3053 955 3094 st
957 3056 1066 3095 fallere
1074 3057 1131 3100 pos
1129 3077 1139 3083 -

262 3095 310 3139 ses
325 3121 334 3135 ,
362 3100 436 3138 quid
448 3110 504 3130 non
510 3098 624 3142 feciffes
636 3102 648 3132 ?
660 3104 739 3144 Ergo
750 3103 783 3134 (θ’
791 3093 1044 3146 τοηειιρῐβεηιίιιτη
1055 3117 1139 3140 tuam

267 3147 379 3178 malam
388 3159 444 3180 non
454 3161 535 3181 amor
549 3152 634 3190 tollit,
643 3149 695 3192 sed
705 3158 792 3184 timor
799 3161 910 3194 premit
919 3180 926 3187 .
938 3156 975 3188 ln
991 3168 1081 3190 nono
1094 3160 1137 3192 su·

266 3207 321 3238 pet
334 3196 439 3229 Sancti
454 3197 586 3239 loannis
600 3201 780 3242 Epistolam
793 3206 922 3238 tractatu
933 3206 1073 3241 elucidat
1082 3208 1138 3251 hec

266 3257 322 3289 per
333 3246 455 3288 calle&
466 3247 608 3291 adultere
620 3252 729 3285 uxoris
739 3254 941 3296 exemplum:
968 3260 1137 3299 Nonpotell

267 3296 368 3329 melius
382 3297 538 3337 explicari,
550 3301 624 3339 quid
632 3301 741 3342 interfit
753 3308 830 3336 inter
840 3305 911 3337 duos
927 3305 992 3344 istos
1005 3313 1136 3348 timores,

268 3354 304 3377 ut
310 3343 337 3386 fi
340 3354 429 3387 penes
442 3346 518 3378 dua-s
534 3350 666 3382 mulieres
678 3351 975 3396 maritatas,quarum
986 3369 1079 3390 unam
1089 3365 1136 3391 ita

268 3395 426 3435 constituas
438 3395 583 3428 volentem
588 3397 690 3438 facere
703 3403 882 3437 adulterium
894 3429 904 3443 ,
930 3407 1070 3440 delec‘larl
1091 3421 1137 3441 ne-

269 3450 366 3486 quitia
377 3470 387 3486 ,
400 3444 454 3488 sed
462 3451 565 3478 timere
576 3458 611 3479 ne
623 3449 780 3483 damnetur
791 3467 810 3484 a
818 3459 922 3488 marito
935 3481 941 3488 .
970 3460 1064 3490 Timet
1077 3470 1131 3491 ma1

270 3494 426 3536 ritumffed
434 3501 505 3537 quia
516 3495 613 3529 adhuc
626 3506 710 3531 amat
723 3507 894 3548 nequitiam,
906 3507 970 3541 idea
978 3512 1062 3543 timet
1073 3520 1133 3543 ma.

367 3544 475 3588 christ.
490 3549 570 3591 Lupi
580 3551 677 3590 Opera
689 3553 826 3587 Tom.X1.

1891 195 1998 236 231·

1164 264 1270 289 ritum.
1285 262 1362 290 Hinc
1374 269 1430 289 non
1437 266 1530 300 grata
1539 283 1548 297 ,
1557 257 1615 300 sed
1623 256 1732 302 morosa
1744 258 1782 299 est
1793 264 1895 292 mariti
1901 259 2031 301 praesen-

1165 313 1210 340 tia
1221 333 1227 339 .
1240 311 1270 339 E
1274 318 1286 341 t
1289 307 1319 348 fi
1318 307 1400 349 forre
1412 312 1496 339 vivit
1506 315 1637 349 nequiter
1650 334 1659 349 ,
1671 315 1755 344 timet
1766 317 1906 342 maritum
1919 335 1929 351 ‚
1943 320 1977 342 ne
1987 321 2036 343 ve·

1167 365 1232 391 m'at
1242 383 1249 390 .
1277 359 1364 391 Tales
1372 355 1444 399 sunt
1458 380 1467 395 ‚
1480 363 1530 397 qui
1548 365 1653 391 timent
1665 383 1675 398 ‚
1686 371 1722 392 ne
1732 366 1837 393 veniat
1847 361 1908 393 dies
1914 361 2037 401 judicii.

1167 412 1231 441 Fac
1240 409 1367 441 alteram
1378 417 1479 439 amare
1491 414 1632 439 maritum
1642 433 1652 448 ‚
1663 409 1766 442 debere
1779 411 1821 442 illi
1831 410 1917 450 castos
1928 410 2037 451 ample-

1169 472 1226 492 xus
1239 482 1249 498 ‚
1260 460 1342 491 nulla
1349 456 1382 499 fi·
1393 458 1532 489 adulterii
1547 461 1737 490 immunditia
1750 464 1910 493 maculare:
1940 464 2036 500 Optat

1169 515 1230 542 viri
1236 506 1445 549 praesentiam.
1474 510 1519 537 Et
1530 509 1667 548 quomodo
1677 507 1880 550 discernuntur
1891 510 1935 549 isti
1954 515 2038 541 timo-

1170 570 1213 592 res
1225 561 1238 592 ?
1249 561 1343 590 Timet
1351 559 1403 591 illa
1414 581 1424 596 ‚
1438 562 1522 589 timet
1533 558 1565 589 (Ὗ
1576 558 1628 589 illa
1641 571 1651 589 :
1676 562 1824 602 Interroga
1837 584 1846 599 ‚
1857 559 1939 601 quasi
1946 570 2038 592 unum

1170 608 1363 652 respondent.
1392 606 1505 640 Ambae
1524 606 1612 638 enim
1635 618 1753 650 rogatae
1763 634 1773 648 ,
1801 609 1854 641 Au
1881 609 1984 641 virum
1995 609 2040 642 ti·-

1171 669 1280 693 meant
1296 682 1306 698 ,
1316 656 1511 701 respondent
1525 656 1554 689 se
1566 657 1679 690 timere
1694 681 1700 688 .
1712 661 1778 690 Una
1787 670 1846 691 vox
1859 658 1896 697 est
1909 656 1980 699 ,sed
1990 659 2040 689 di·-

1172 707 1274 752 versus
1285 713 1419 740 animus.
1429 710 1460 751 J
1464 719 1514 738 am
1524 718 1588 749 ergo
1598 713 1812 749 interrogentur
1824 732 1834 747 ‚
1846 710 1950 750 ,Quare
1964 708 1975 740 ἓ
1986 708 2043 740 Illa

1172 761 1244 792 dicit
1257 783 1267 798 ,
1293 760 1391 791 Timeo
1403 763 1505 791 virum
1516 781 1526 797 ,
1555 768 1590 789 ne
1602 763 1707 790 veniat
1718 758 1750 790 (⁶1
1764 759 1886 790 damnet
1899 769 1908 798 ;
1937 759 1988 790 illa
1998 757 2045 790 dt-

1172 816 1210 843 cit
1219 831 1229 847 ,
1243 811 1341 841 Timeo
1351 813 1451 840 virum
1460 830 1470 845 ‚
1495 817 1531 840 ne
1541 805 1672 849 discedat
1685 831 1692 838 .
1721 807 1819 840 Casto
1828 809 1939 840 animo
1947 808 2046 840 altera

1174 859 1335 903 pudicitiae
1347 858 1381 892 ὅ(
1393 857 1454 891 viri
1465 858 1620 890 offensam
1634 869 1648 898 ;
1677 857 1774 891 altera
1797 858 1961 890 lasciviam
1975 856 2047 890 dili-

1174 911 1224 955 git
1236 932 1247 948 ,
1269 909 1345 941 velit
1368 908 1430 941 effe
1453 908 1558 941 nullas
1581 907 1746 951 pudicitiae
1770 908 1856 952 leges
1876 932 1885 947 ‚
1913 907 2048 949 viroque

1175 960 1299 994 nullam
1323 958 1512 991 vindicandi
1535 958 1738 993 voluntatem
1757 969 1812 992 aut
1836 955 2028 1001 petestatem
2039 981 2048 989 .

1174 1011 1269 1044 Licet
1281 1008 1363 1042 forte
1375 1008 1497 1042 castum
1508 1019 1624 1050 corpus
1636 1006 1753 1041 habeat
1765 1031 1776 1047 ,
1797 1007 1894 1041 habet
1906 1017 2050 1040 mentem

1175 1060 1352 1095 adulteram
1363 1069 1460 1102 atque
1472 1059 1646 1101 impuram.
1660 1058 1707 1091 Ita
1719 1058 1750 1090 ὅ(
1761 1056 1982 1101 gehennarum
1996 1057 2055 1090 ser-

1179 1112 1286 1144 viliter
1297 1110 1397 1154 fugax
1408 1109 1538 1142 animus
1555 1108 1631 1142 velit
1642 1110 1703 1142 effe
1718 1107 1824 1142 nullas
1838 1109 1997 1141 virtutum
2011 1107 2056 1140 le-

1178 1172 1232 1206 ges
1245 1186 1255 1202 ,
1281 1160 1388 1193 nullas
1401 1159 1539 1201 peccatis
1551 1169 1680 1201 poems,
1710 1157 1835 1191 nullam
1848 1158 1985 1202 ipsarum
2009 1157 2055 1189 in-

1179 1212 1379 1245 tentatricem
1393 1208 1545 1251 justitiam
1558 1233 1570 1249 ,
1594 1209 1732 1252 ideoque
1743 1207 1837 1251 hujus
1850 1232 1861 1248 ,
1888 1208 1921 1241 id
1930 1209 1973 1241 est
1986 1231 1996 1248 ,
2009 1206 2057 1249 ip·

1181 1263 1239 1295 sius
1251 1261 1313 1295 Dei
1328 1259 1445 1303 optimi
1459 1259 1596 1291 maximi
1616 1259 1660 1292 est
1682 1258 1830 1292 occultus
1851 1257 2004 1291 inimicus
2022 1255 2056 1290 δε

1182 1313 1274 1346 osor.
1290 1310 1456 1354 roirca
1471 1304 1582 1341 Petrus
1596 1308 1811 1347 Lombardus,
1822 1308 1953 1341 Sanctus
1963 1305 2058 1339 Tho-

1186 1372 1251 1394 mas
1265 1385 1275 1400 ,
1285 1359 1406 1401 aliique
1421 1357 1578 1391 Dociores
1589 1355 1778 1391 Scholastici
1789 1381 1799 1396 ,
1819 1356 1897 1389 dum
1910 1355 2059 1388 servilem

1186 1423 1223 1446 ac
1235 1409 1364 1443 filialem
1377 1418 1500 1442 metum
1510 1418 1562 1450 per
1574 1417 1702 1449 poenam
1715 1407 1748 1440 &
1759 1406 1886 1448 culpam
1899 1405 2062 1439 definiunt

1188 1475 1223 1496 ac
1236 1460 1444 1504 distinguunt
1457 1482 1467 1497 ‚
1493 1458 1637 1501 intelligi
1651 1458 1769 1490 debent
1784 1454 1846 1490 hoc
1861 1457 1973 1490 sensu:
1997 1458 2066 1490 Ser·

1188 1504 1262 1546 vilis
1274 1512 1318 1544 est
1334 1508 1431 1543 solius
1441 1518 1559 1551 poenae,
1585 1507 1694 1540 filialis
1707 1517 1810 1540 metus
1822 1507 1865 1540 est
1891 1509 1989 1541 etiam
2000 1506 2066 1539 cul·

1191 1575 1234 1608 pae
1247 1587 1254 1594 .
1283 1559 1417 1595 Etenim
1429 1559 1463 1592 ὃ(
1475 1557 1581 1591 bonus
1593 1557 1678 1590 filius
1687 1568 1796 1600 poenas
1809 1580 1819 1595 ‚
1832 1557 1932 1590 etiam
1945 1567 2068 1599 tempo-

1192 1609 1317 1658 'porales
1327 1636 1337 1653 ,
1364 1607 1503 1645 omnino
1515 1608 1611 1643 timet
1624 1633 1634 1649 ‚
1652 1607 1704 1641 sed
1717 1619 1758 1641 ex
1770 1607 1835 1640 alio
1846 1607 1948 1640 animi
1963 1607 2068 1639 fonte.

1194 1663 1326 1706 Utique
1335 1673 1378 1696 ex
1398 1660 1554 1694 charitate
1566 1683 1577 1700 ,
1603 1670 1671 1702 quae
1683 1669 1749 1692 non
1765 1657 1868 1690 solum
1884 1657 2070 1690 Dominum

1193 1715 1303 1748 Deum
1318 1737 1328 1754 ,
1353 1711 1407 1745 sed
1420 1710 1574 1745 &abillo
1589 1708 1771 1741 institutum
1786 1706 1818 1739 in
1833 1717 1976 1740 creatura
1990 1729 2001 1746 ,
2027 1715 2073 1738 ra-

1194 1764 1310 1798 tionali
1325 1761 1494 1806 praesertim
1508 1785 1518 1800 ‚
1544 1759 1694 1793 ordinem
1706 1756 1815 1801 diligit
1827 1782 1836 1796 ,
1867 1757 2006 1800 ideoque
2019 1756 2072 1798 ip·-

1196 1816 1264 1847 shm
1275 1813 1374 1846 etiam
1387 1810 1459 1844 odit
1468 1822 1505 1843 ac
1517 1808 1655 1849 metuit,
1683 1808 1730 1842 uti
1744 1818 1796 1852 per
1811 1817 1940 1853 peccata
1955 1831 1965 1847 ‚
1980 1807 2026 1841 ita
2037 1806 2072 1840 &

1196 1875 1250 1909 per
1261 1871 1369 1905 poenas
1380 1860 1453 1894 laedi
1462 1870 1517 1894 aut
1531 1859 1651 1893 turbari
1665 1883 1673 1892 .
2174 1902 2183 1910 .

1244 1914 1418 1948 Timorem
1437 1911 1568 1943 Sant'tus
1582 1910 1786 1955 Augustinus
1796 1910 1896 1946 etiam
1909 1910 2027 1945 dividit
2039 1908 2071 1943 in
2113 1902 2246 1951 thfit

1198 1975 1316 1998 vanum
1330 1963 1363 1995 &
1377 1973 1444 1994 non
1458 1972 1578 1994 vanum
1592 1985 1602 2000 ,
1614 1962 1726 2005 utique
1738 1972 1779 1994 ex
1792 1961 1995 2006 Evangelico
2006 1960 2074 1993 Do·
2090 1965 2196 1988 metus

1198 2013 1280 2047 mini
1293 2012 1412 2045 verbo:
1440 2012 1542 2043 Nolite
1553 2017 1655 2044 timere
1666 2023 1713 2043 eos
1726 2037 1735 2051 ,
1748 2018 1799 2053 qut
1812 2014 1948 2045 occidunt
1961 2019 2074 2053 corpus,
2091 2015 2194 2038 VanUS
2204 2029 2215 2045 ²

1193 2063 1247 2107 sed
1251 2064 1351 2106 potius
1364 2072 1428 2094 eum
1439 2066 1554 2101 timete,
1582 2067 1633 2103 qui
1651 2060 1742 2103 potest
1754 2063 1787 2094 o·
1799 2067 1934 2094 animam
1956 2062 1989 2094 <9⁶
2009 2070 2075 2094 cor·
2090 2054 2161 2099 <luiS
2181 2065 2251 2089 ΗΘΒ

1195 2123 1252 2155 pus
1261 2114 1385 2154 perdere
1394 2110 1570 2155 ingebenna
1580 2135 1587 2143 .
1602 2112 1648 2144 At
1664 2113 1823 2145 malorum
1834 2112 2195 2154 temporalium5vanus
2205 2128 2216 2137 ·

1199 2162 1370 2206 praesertim
1383 2161 1498 2194 mortis
1511 2183 1520 2198 ‚
1544 2161 1600 2202 qui
1624 2158 1770 2195 rettosin
1794 2160 1946 2195 Paradiso
1958 2160 2079 2194 Proto-

1200 2212 1316 2255 plastos
1327 2211 1343 2243 ὲ
1358 2220 1491 2252 peccato
1499 2209 1672 2250 deterruit,
1694 2221 1814 2244 metum
1826 2210 1998 2252 quomodo
2013 2212 2080 2244 Do·

1199 2264 1306 2295 minus
1315 2260 1398 2294 dixit
1411 2260 1473 2294 effe
1487 2261 1631 2293 vanum?
1657 2259 1760 2306 Qod
1773 2272 1808 2294 ea
1822 2260 2013 2303 peccatricis
2023 2272 2082 2295 no-

1200 2314 1267 2346 strae
1289 2310 1469 2345 voluntatis
1494 2310 1643 2352 potestati
1669 2310 1823 2344 subtracta
1845 2310 1907 2352 jam
1930 2310 2079 2346 timendo

1199 2364 1319 2395 evitare
1332 2371 1398 2393 non
1415 2360 1568 2402 possimus
1584 2384 1592 2398 ,
1622 2360 1759 2404 ideoque
1771 2371 1852 2394 vane
1862 2362 1895 2394 &
1908 2360 2079 2401 inutiliter,

1199 2413 1284 2446 caffo
1298 2410 1405 2444 studio
1417 2412 1450 2443 ὃς
1463 2410 1556 2443 nullo
1570 2411 1670 2443 frusto
1686 2421 1745 2443 nos
1758 2409 1927 2444 'adversum
1938 2409 1994 2444 illa
2011 2421 2081 2444 mu·

1202 2462 1326 2495 niamus
1338 2484 1347 2499 ‚
1374 2471 1410 2493 ac
1423 2461 1445 2492 s1
1461 2459 1630 2492 abluamus
1642 2459 1813 2501 aethiopem
1826 2485 1833 2493 .
1862 2461 1909 2493 At
1931 2460 2007 2494 vero
2029 2471 2082 2504 ge·

1202 2512 1325 2546 hennas
1348 2511 1443 2543 inviti
1469 2520 1535 2541 non
1562 2510 1725 2551 possumus
1747 2509 1909 2544 incurrere
1920 2535 1931 2550 ‚
1961 2510 2014 2544 sed
2028 2522 2082 2544 eas

1201 2562 1335 2595 evadere
1347 2559 1390 2593 est
1408 2559 1519 2591 nostrae
1532 2559 1713 2592 voluntatis
1725 2569 1827 2602 opuS,
1854 2560 1992 2602 ideoque
2016 2571 2082 2594 no·-

1203 2613 1261 2645 ster
1274 2612 1313 2645 de
1327 2610 1390 2643 illis
1405 2609 1501 2640 timor
1513 2617 1567 2641 aut
1583 2608 1674 2642 labor
1695 2620 1762 2642 non
1786 2609 1831 2643 est
1855 2611 1961 2644 inanis
1975 2635 1982 2642 .
2013 2611 2082 2644 Ea·-

1204 2660 1349 2695 rumdem
1364 2668 1470 2693 metus
1480 2658 1523 2692 est
1536 2668 1613 2692 omn
1623 2657 1678 2691 ino
1690 2659 1779 2692 utilis
1790 2661 2017 2703 temporalium
2031 2672 2082 2694 ve-

1203 2711 1239 2745 ro
1252 2712 1413 2744 malorum
1426 2719 1548 2742 metum
1561 2734 1571 2749 ,
1599 2709 1686 2752 quod
1701 2709 1767 2751 ejus
1778 2709 1915 2753 impulsu
1935 2712 2082 2754 frequen}

1203 2773 1249 2796 ter
1261 2761 1292 2794 in
1307 2760 1431 2802 lapsum
1444 2770 1578 2802 agamur
1590 2783 1600 2798 ,
1630 2760 1768 2792 noxium
1782 2759 1914 2793 sanetus
1924 2759 2080 2803 Augusti-

1206 2822 1266 2844 nus
1279 2810 1390 2854 paffim
1406 2809 1546 2852 appellat
1559 2833 1566 2840 .
1594 2809 1683 2843 Dico
1697 2809 1903 2851 ,frequenter.
1923 2810 2010 2843 Nam
2023 2812 2080 2843 fre-

1203 2870 1335 2905 quenter
1346 2860 1443 2894 etiam
1457 2860 1495 2892 ad
1509 2858 1633 2892 bonum
1645 2862 1735 2903 cogit
1750 2871 1756 2890 :
1787 2861 1871 2907 Qis
1884 2860 1972 2893 enim
1985 2860 2079 2904 igno-

1203 2924 1248 2945 ret
1259 2922 1312 2954 per
1324 2910 1476 2955 patibuli,
1490 2909 1585 2952 Regii
1597 2910 1679 2942 enfis
1691 2933 1700 2947 ,
1714 2908 1889 2953 Regiaxum
1903 2911 2080 2952 poenalium

1202 2962 1310 3007 legum
1324 2985 1334 3001 ,
1347 2960 1488 2994 infamiae
1499 2985 1508 3000 ,
1521 2958 1771 3002 degradationis,
1784 2958 1986 3003 aliorumque
2000 2970 2081 2995 tem-

1202 3012 1361 3056 poralium
1388 3011 1548 3043 malorum
1574 3019 1662 3041 metu
1686 3009 1867 3051 frequenter
1889 3009 2039 3045 homines
2062 3011 2080 3045 ὲ

1203 3062 1339 3106 pessimis
1352 3060 1412 3093 viis
1424 3070 1489 3091 non
1506 3059 1611 3091 solum
1625 3059 1784 3099 coerceri,
1813 3060 1866 3094 sed
1881 3061 1912 3094 ὃς
1927 3060 2082 3095 emenda-

1202 3112 1225 3145 ri
1238 3114 1250 3145 Ρ
1278 3110 1503 3153 AEquivocum
1517 3120 1573 3151 pro
1588 3108 1674 3141 vario
1686 3109 1877 3144 intentantis
1891 3109 2033 3145 hominis
2046 3111 2080 3144 fi-

1203 3173 1242 3195 ne
1254 3162 1401 3195 effeeturn
1415 3159 1533 3192 habent
1547 3157 1603 3191 ista
1617 3159 1728 3192 omnia
1744 3172 1754 3191 .·
1769 3159 1799 3192 A
1812 3160 1918 3194 Decio
1929 3173 1984 3195 aut
1999 3162 2080 3194 Dio·

1201 3212 1340 3246 cletiano
1354 3236 1364 3251 ,
1378 3209 1547 3243 Ecclefiam
1561 3208 1600 3241 ad
1616 3208 1754 3250 lapsum,
1765 3210 1781 3243 a
1794 3209 2012 3244 Constantino
2023 3219 2080 3244 aut

1202 3260 1391 3296 Theodosio
1422 3259 1581 3292 intentata
1607 3258 1747 3293 Arianos
1769 3284 1778 3298 ,
1806 3261 1994 3294 Donatistas
2006 3284 2016 3299 ,
2044 3261 2080 3294 &

1202 3312 1282 3347 alios
1295 3311 1460 3345 haereticos
1474 3307 1636 3352 cogebant
1648 3307 1687 3342 ad
1712 3312 1907 3354 surgendum
1935 3310 1968 3342 &
1991 3310 2082 3344 stan·-

1199 3362 1294 3396 dum.
1309 3359 1469 3394 Gehenna
1486 3359 1585 3402 igitur
1595 3383 1605 3400 ,
1619 3369 1653 3391 ut
1668 3360 1742 3402 pote
1754 3360 1771 3392 ὲ
1790 3361 1863 3393 Deo
1874 3360 2004 3402 optimo
2016 3372 2082 3395 ma-

1200 3413 1290 3446 ximo
1304 3413 1425 3452 semper
1439 3407 1559 3442 incussa
1576 3433 1586 3447 ‚
1613 3409 1808 3452 temporalia
1829 3409 1911 3442 mala
1926 3410 2078 3453 quando·-

1198 3474 1260 3505 que
1273 3462 1443 3495 dumtaxat
1467 3458 1670 3502 compellunt
1692 3459 1732 3492 ad
1754 3458 1879 3492 bonum
1893 3483 1901 3490 .
1930 3460 1972 3494 Et
1995 3458 2081 3494 hanc

1195 3512 1376 3548 doctrinam
1386 3509 1490 3546 firmat
1501 3509 1696 3592 sacresanx‘fsta
1707 3507 1908 3546 Tridentina
1918 3510 2083 3554 synodus,

1720 3569 1743 3596 2
1990 3561 2039 3595 di-
