2366 3736
725 140 783 173 ru
819 114 1216 171 ΡειΑοιΑΝἏΜ
1251 120 1560 171 HAEnEslul

233 214 329 250 nobis
353 211 637 272 prosecutionibus
669 211 829 255 praesentis
852 207 979 253 Pelagii
1002 209 1120 244 Mona-

232 265 312 322 chi,
336 262 542 322 quiquidem
566 265 627 308 piis
646 260 799 297 doctrinis
819 260 982 294 consensit
1006 283 1016 299 ‚
1042 271 1117 293 con-

230 315 326 349 traria
347 313 423 349 vero
447 314 594 348 Ecclefiae
613 312 688 346 fidei
713 309 863 353 reprobat
879 310 912 342 &
935 307 1119 344 anathema-

229 364 327 405 tizat,
352 364 599 399 communionis
620 360 767 396 Ecclefiae
783 371 859 395 eum
881 359 945 394 effe
967 358 1120 394 Catholi-

231 424 277 448 cae
298 414 495 450 confitemur
506 439 514 446 .

329 515 524 550 Articulorum
548 511 587 545 ab
617 510 671 546 bac
683 513 792 550 synodo
809 513 1017 548 damnatorum

552 563 764 603 recapitulatio
774 587 782 595 .

280 665 319 698 In
339 662 403 698 hoc
425 671 495 698 tota
520 662 637 698 haerefis
658 663 714 697 ista
729 661 892 698 consistit.

279 714 436 757 Exceptis
458 725 537 759 ergo
561 715 647 752 illis,
674 725 742 758 quae
756 713 789 746 in
801 712 993 747 adulatione
1006 710 1115 745 nescio

229 764 319 807 cujus
346 764 448 797 viduae
468 766 501 797 in
525 763 615 797 libris
628 764 696 807 ejus
707 762 841 807 posuisse
853 763 956 796 dietus
967 763 1008 795 est
1024 785 1034 801 ,
1047 772 1116 803 quae

225 815 285 849 ille
304 826 411 858 neque
424 816 458 848 in
471 814 561 849 libris
581 815 644 848 suis
654 814 737 855 effe,
764 823 869 856 neque
879 813 957 846 talia
970 821 1114 852 unquam

228 867 263 901 se
286 865 402 899 dixiffe
424 864 612 907 respondit,
637 864 671 901 ἀ
691 874 746 898 eos
767 863 822 906 qui
847 863 925 896 talia
946 863 1115 905 saperent,

229 927 300 950 non
333 926 488 960 tanquam
517 913 683 950 haereticos
706 937 717 953 ,
744 913 797 947 sed
824 922 978 956 tanquam
999 911 1115 944 stultos

229 963 535 1006 anathematizavit;
564 963 631 995 haec
652 964 724 997 sunt
737 962 854 1004 quibus
866 963 1005 996 haerefim
1027 962 1115 994 illius

224 1015 376 1060 quotidie
389 1015 561 1058 pullulare,
574 1012 643 1050 imo
655 1012 717 1053 jam
729 1013 905 1055 sylvescere
916 1012 1114 1047 dolebamus.

278 1065 386 1097 Adam
407 1064 578 1102 mortalem
600 1064 740 1102 facturn,
766 1063 823 1106 qui
847 1063 912 1097 five
934 1072 1078 1106 peccaret
1104 1086 1115 1103 ,

222 1114 292 1150 five
319 1125 385 1148 non
410 1124 577 1157 peccaret,
606 1116 783 1146 moriturus
802 1114 897 1147 esset.

276 1164 378 1211 Qod
403 1175 569 1207 peccatum
595 1162 789 1207 Adaeipsurn
801 1162 1027 1199 solumlaeserit
1043 1186 1055 1202 ‚
1081 1162 1114 1195 ὅ(

226 1226 297 1251 non
325 1225 429 1259 genus
458 1214 658 1248 humanum.

278 1265 381 1313 Qod
405 1265 458 1306 lex
481 1264 523 1305 fic
546 1264 654 1298 mittat
670 1263 710 1303 ad
723 1274 899 1309 regnum,
907 1260 1115 1306 quemadmo-

228 1314 307 1352 dum
331 1315 365 1349 &
381 1314 617 1358 Evangelium.

280 1364 384 1412 Qod
404 1364 544 1399 infantes
567 1375 668 1407 nuper
681 1363 750 1398 nati
762 1364 795 1397 in
809 1363 867 1397 illo
880 1362 963 1400 statu
974 1363 1054 1404 fiat,
1081 1361 1116 1397 in

229 1425 297 1459 quo
311 1416 417 1453 Adam
431 1414 492 1448 fuit
503 1424 578 1447 ante
586 1414 902 1456 pravaricationem.
989 1427 994 1432 »

282 1464 385 1510 Qod
409 1473 513 1506 neque
534 1473 587 1506 per
614 1471 752 1494 mortem
779 1484 790 1501 ,
815 1460 865 1494 vel
884 1460 1118 1504 praevaricatio

229 1523 306 1549 nem
331 1515 409 1548 Adae
429 1523 528 1546 omne
545 1522 648 1555 genus
669 1510 845 1544 hominum
858 1513 1039 1552 moriatur,
1065 1523 1118 1545 ne-

228 1574 293 1608 que
313 1574 367 1607 pet
379 1562 658 1601 Resurrectionem
673 1560 798 1600 Christi
822 1572 922 1599 omne
936 1572 1038 1607 genus
1061 1560 1116 1597 hc>

227 1614 357 1651 minum
378 1613 540 1656 resurgat

278 1663 381 1710 Qod
405 1662 571 1702 infames,
593 1662 646 1696 etii
666 1672 735 1696 non
747 1660 972 1706 baptizentur,
995 1642 1117 1697 habent

228 1714 330 1749 vitam
349 1723 520 1747 aeternam.
865 1734 867 1736 v

281 1762 384 1810 Quod
409 1762 526 1796 divites
550 1761 704 1805 baptizati
730 1785 741 1802 ,
765 1761 823 1796 nifi
846 1761 1004 1801 omnibus
1029 1761 1117 1796 abre-

228 1816 407 1853 nuntient,
419 1813 441 1849 fi
455 1811 534 1857 quid
547 1811 627 1845 boni
640 1812 697 1845 nifi
712 1812 833 1845 fuerint
845 1813 974 1854 facere,
987 1822 1055 1848 non
1073 1813 1119 1847 eis

229 1873 395 1909 reputetur
415 1887 425 1903 ,
453 1873 557 1905 neque
568 1872 704 1906 reguum
721 1861 785 1894 Dei
804 1861 1069 1904 poffinthabere.

282 1913 385 1960 Quod
407 1912 510 1956 gratia
533 1912 597 1945 Dei
616 1912 650 1945 &
661 1910 861 1952 adjutorium
875 1923 942 1945 non
955 1912 996 1944 ad
1010 1912 1119 1955 fingu-

221 1962 281 2000 -1os
300 1965 387 1997 aetus
403 1964 520 2002 detur,
547 1961 601 1997 sed
620 1964 656 1997 iu
678 1961 783 1999 libero
803 1961 940 1999 arbitrio
950 1961 1011 2002 fit,
1037 1961 1091 1997 &
1083 1973 1118 1996 m

229 2013 304 2057 lege
325 2023 424 2055 atque
434 2011 602 2045 dostrina.

281 2061 383 2110 Qod
406 2061 472 2095 Dei
492 2061 595 2104 gratia
619 2057 796 2094 secundum
809 2038 925 2095 merita
937 2059 1046 2095 nostra
1057 2061 1119 2095 de-

230 2121 282 2151 tur
305 2138 316 2155 ‚
343 2113 375 2148 &
397 2120 562 2154 propterea
582 2110 616 2143 ἀ
638 2110 704 2152 ipsa
727 2120 831 2152 gratia
855 2112 890 2148 in
915 2109 1061 2144 hominis
1083 2113 1118 2144 fit

230 2162 333 2208 posita
361 2161 564 2201 voluntate,
590 2160 653 2193 sive
676 2157 798 2204 dignus
822 2159 916 2200 fiat,
941 2161 1006 2194 five
1033 2161 1119 2195 indi-

257 2226 317 2247 nus
332 2238 340 2247 .

229 2225 254 2259 g
277 2261 384 2309 Qod
407 2261 467 2294 filii
480 2259 546 2294 Dei
567 2270 634 2293 non
658 2258 786 2302 possunt
809 2260 941 2302 vocari,
967 2259 1026 2293 nili
1050 2272 1116 2294 om·

223 2312 313 2347 mino
333 2311 452 2355 absque
474 2318 605 2353 peccato
626 2310 747 2342 fuerint
769 2311 889 2343 effeffi.

277 2363 380 2408 Qod
411 2361 540 2394 oblivio
560 2384 571 2400 ,
597 2360 630 2392 ὅ(
653 2360 837 2402 ignorantia
861 2370 929 2393 non
953 2359 1116 2402 subjacent

225 2423 384 2457 peccato,
409 2411 567 2456 quoniam
589 2420 656 2442 non
679 2409 834 2443 eveniant
857 2409 1031 2444 secundum
1055 2421 1116 2444 vo-

229 2462 388 2497 luntatem
401 2485 413 2502 ,
441 2459 492 2494 sed
504 2458 680 2493 secundum
693 2459 908 2493 necessitatem
923 2483 930 2491 .

278 2511 381 2553 Quod
408 2522 477 2543 non
504 2510 541 2543 fit
566 2509 704 2542 liberum
717 2509 911 2550 arbitrium,
937 2510 1115 2555 fiindigeat

229 2561 358 2596 auxilio
384 2560 484 2597 Dei,
523 2559 680 2600 quoniam
715 2560 878 2601 propriam
909 2561 1112 2594 voluntatem

227 2610 347 2645 habeat
374 2607 591 2652 unusquisque
616 2617 671 2640 aut
692 2607 794 2641 facere
805 2609 950 2653 aliquid,
976 2620 1033 2644 aut
1046 2622 1114 2645 non

230 2663 350 2696 facere.

280 2709 384 2757 Qod
416 2707 549 2743 victoria
583 2706 689 2742 nostra
716 2718 758 2742 ex
789 2709 852 2742 Dei
877 2720 945 2743 non
967 2709 1004 2743 fit
1030 2709 1103 2754 adju

229 2762 336 2796 torio.

279 2808 381 2857 Qiod
405 2820 447 2843 ex
472 2808 551 2849 illo,
577 2807 665 2851 quod
691 2807 735 2842 ait
748 2807 882 2849 Petrus,
911 2810 1042 2844 Divinae
1055 2822 1114 2844 nos

227 2863 294 2896 esse
319 2861 485 2895 consortes
514 2869 634 2893 naturae
652 2883 662 2898 ‚
689 2861 890 2903 consequens
917 2860 977 2899 fit,
1009 2871 1043 2893 ut
1069 2862 1112 2894 ita

229 2912 323 2954 poffit
350 2912 411 2945 ene
429 2910 539 2943 anima
564 2910 629 2942 fine
655 2920 807 2952 peccato,
835 2910 1111 2954 quemadmodum

230 2962 341 2996 Deus.

281 3011 358 3045 Hoc
384 3010 418 3044 in
440 3009 618 3044 undecimo
646 3009 791 3052 capitulo
812 3010 927 3051 Libri,
957 3022 1023 3044 non
1046 3013 1112 3053 qui·

231 3060 306 3096 dem
337 3059 484 3094 habentis
515 3060 653 3092 auctoris
687 3061 735 3093 sui
762 3061 895 3094 titulum
924 3084 935 3100 ,
974 3061 1024 3094 sed
1056 3062 1110 3104 qui

228 3108 413 3154 perhibetur
431 3112 492 3145 else
516 3110 670 3150 Celestii,
699 3108 750 3143 his
772 3111 874 3145 verbis
896 3111 1112 3156 pofitumipse

232 3160 319 3203 legi.
361 3176 363 3180 ‚

281 3209 462 3254 Qomodo
484 3211 676 3255 quisquam,
704 3209 833 3253 inquit,
861 3212 947 3246 illius
969 3213 1012 3246 rei
1035 3224 1109 3247 con-

231 3261 364 3294 sortium
401 3260 533 3302 suscepit
559 3286 569 3302 ,
595 3262 612 3294 a
635 3262 728 3303 cujus
750 3263 831 3296 statu
852 3265 883 3296 ἀ
909 3263 1025 3296 virtute
1053 3265 1113 3296 esse

230 3320 402 3346 extraneus
421 3308 601 3344 definitur?
628 3310 706 3345 Ideo
728 3312 872 3352 Fratres,
900 3314 954 3357 qui
972 3313 1037 3346 baec
1059 3314 1111 3347 ob·

229 3359 372 3403 jecerunt
399 3382 409 3397 ,
437 3360 479 3391 fic
501 3370 575 3392 eum
590 3361 843 3404 intellexerunt
867 3373 1023 3406 tanquam
1035 3364 1111 3407 ejus-

230 3410 304 3444 dem
328 3419 446 3441 naturae
465 3409 606 3443 animam
632 3411 663 3443 ὃ(
691 3411 823 3454 Deum,
847 3414 881 3446 ὅς
904 3425 1024 3456 partem
1048 3413 1110 3446 Dei

231 3459 347 3494 dixerit
375 3460 542 3499 animam
573 3459 623 3492 Sic
645 3463 732 3492 enim
762 3470 952 3507 acceperunt
969 3485 980 3504 ,
1006 3464 1109 3510 Quod

281 3540 286 3545 .
331 3507 436 3550 christ.
450 3511 528 3553 Lupi
541 3513 639 3553 opera
651 3512 787 3544 Tom.X1.

1939 137 2045 184 ⁸169

1178 209 1320 252 ejusdem
1339 208 1438 244 status
1462 222 1559 256 atque
1580 208 1709 247 virtutis
1728 219 1800 247 eam
1820 212 1883 247 effe
1895 223 1971 249 cum
1982 216 2061 250 Deo

1180 260 1312 293 senserit
1328 285 1335 292 .

1230 310 1268 343 In
1290 320 1437 344 extremo
1458 323 1564 345 autem
1586 311 1786 356 objectorum
1817 313 1955 356 politum
1976 314 2022 348 est
2048 339 2062 355 ,

1181 359 1283 407 Qod
1305 360 1541 404 poenitentibus
1563 365 1655 396 venia
1677 376 1744 398 non
1769 364 1862 398 detur
1882 362 2063 398 secundum

1178 411 1315 454 gratiam
1341 412 1374 445 δι
1396 411 1647 444 misericordiam
1670 415 1733 447 Dei
1763 438 1774 454 ,
1802 415 1855 448 sed
1883 413 2062 448 secundnm

1178 461 1330 494 meritum
1353 462 1386 494 ὅ(
1409 461 1554 495 laborem
1578 472 1689 495 eorum
1711 487 1723 502 ,
1750 465 1805 507 qui
1827 476 1882 508 per
1902 464 2066 508 poeniten»,

1178 509 1256 544 tiam
1278 510 1373 555 digni
1397 512 1517 545 fuerint
1539 510 1779 546 misericordia.

1229 609 1724 646 DIOSPOLITANAE
1763 612 2004 650 SYNODI

1387 660 1846 703 COMPENDIUM,

1176 761 1271 804 ,Quod
1288 770 1327 794 ex
1346 761 1483 804 Ctesi-oni
1485 767 1495 793 ι
1517 761 1617 794 eard:
1615 763 1693 794 nalts
1707 758 1879 795 Collecflione
1886 762 2057 804 publicavit

1376 811 1480 854 Caesar
1498 813 1675 845 Cardinalis
1688 815 1865 846 Baronius.

1233 910 1396 955 Ncipiunt
1417 913 1558 956 capitula
1589 924 1723 955 excepta
1752 922 1798 947 exv
1821 913 1919 958 gestis
1946 912 2068 949 habitis

1247 972 1359 996 contra
1371 962 1540 1007 Pelagium
1565 962 1748 998 haereticum
1761 989 1771 1004 ,
1797 965 1830 997 &
1843 965 1905 998 alia
1917 964 1957 998 de
1972 966 2074 999 libel*

1178 1013 1216 1046 lis
1242 1013 1310 1055 ejus
1325 1037 1336 1053 ,
1355 1023 1424 1056 quae
1445 1014 1478 1046 in
1509 1013 1677 1048 Palaestina
1698 1014 1837 1057 synodo
1862 1014 1920 1048 fibi
1942 1014 2069 1057 objecta

1177 1063 1330 1096 damnare
1352 1063 1541 1106 compulsus
1561 1063 1625 1097 est.
2070 1059 2072 1061 ’

1228 1112 1332 1160 Qod
1354 1114 1394 1146 ad
1419 1114 1625 1148 Hierusalem
1641 1115 1804 1148 volentem
1817 1114 1970 1159 colligere
1981 1115 2069 1150 filios

1180 1163 1252 1196 suos
1280 1164 1450 1196 Domitius
1471 1164 1615 1205 clamat,
1643 1163 1706 1198 hoc
1729 1176 1790 1198 nos
1813 1166 1992 1199 clamamus
2014 1164 2072 1198 ad-

1179 1213 1286 1246 versus
1307 1225 1365 1247 eos
1384 1237 1393 1253 ‚
1420 1214 1475 1257 qui
1502 1215 1651 1248 volentes
1671 1215 1757 1248 filios
1783 1215 1929 1249 Ecclefiae
1952 1215 2077 1260 colligi·

1181 1262 1298 1296 nolunt
1321 1276 1335 1304 ;
1364 1274 1422 1298 nec
1449 1264 1560 1298 saltem
1591 1264 1661 1307 post
1692 1263 1849 1307 judicium
1871 1290 1882 1306 ,
1909 1267 1998 1308 quod
2027 1266 2069 1299 de

1180 1312 1249 1354 ipso
1270 1311 1407 1356 Pelagio
1429 1314 1546 1347 faotum
1569 1315 1636 1356 est,
1667 1315 1895 1357 collegerunt.-
1924 1317 1976 1347 De
2001 1325 2075 1357 quo

1183 1361 1357 1395 damnatus
1382 1362 1528 1404 exjiffet,
1557 1364 1615 1394 nisi
1639 1363 1764 1404 objesta
1788 1373 1902 1396 contra
1914 1364 1978 1397 Dei
2001 1375 2072 1408 gra·

1179 1410 1258 1445 tiam
1291 1410 1372 1445 dista
1395 1437 1405 1452 ,
1441 1422 1509 1454 quae
1542 1412 1710 1445 observare
1731 1409 1809 1444 *n'on
1833 1414 1942 1455 potuit
1964 1438 1974 1453 ,
2001 1414 2075 1456 ipso

1181 1462 1358 1495 damnasset
1371 1485 1379 1493 .
1409 1461 1524 1494 Praeter
1537 1462 1592 1495 illa
1612 1463 1701 1495 enim
1714 1485 1724 1500 ‚
1752 1474 1822 1506 quae
1841 1474 1976 1507 quoquo
2001 1475 2082 1497 mo·-

1180 1510 1224 1543 do
1249 1515 1357 1554 potuit
1383 1536 1394 1551 ,
1424 1513 1517 1545 ausus
1543 1511 1587 1544 est
1609 1512 1838 1555 qualicumque
1862 1513 1990 1547 ratione
2016 1513 2074 1548 de-

1180 1561 1312 1595 fendere
1326 1585 1337 1605 ‚
1365 1561 1490 1604 objecta
1513 1563 1587 1594 sunt
1609 1562 1755 1605 quaedam
1775 1586 1785 1601 ,
1813 1563 1950 1605 quaenifi
1966 1575 2078 1597 remo-

1178 1623 1212 1644 ta
1246 1613 1338 1644 omni
1369 1610 1638 1654 tergiversatione
1658 1612 1945 1647 anathematizaret
1966 1638 1978 1654 ‚
2005 1613 2076 1657 ipso

1177 1660 1354 1697 anathema
1378 1663 1456 1696 esset
1475 1663 1575 1695 fatstus
1592 1686 1599 1693 .

1231 1711 1344 1745 Primo
1363 1734 1373 1750 ‚
1400 1711 1561 1753 obit-Cium
1583 1710 1627 1744 est
1653 1735 1662 1751 ‚
1689 1712 1778 1755 quod
1813 1713 1935 1747 diceret
1961 1713 2074 1749 Adam

1143 1786 1145 1791 .
1182 1762 1353 1796 mortalem
1377 1763 1519 1803 fastum3
1547 1762 1602 1803 qui
1623 1760 1686 1796 five
1700 1763 1872 1805 peccasset,
1906 1763 1969 1797 five
1981 1774 2077 1803 non,

1183 1821 1332 1845 mortuus
1351 1812 1428 1845 esset
1441 1836 1450 1844 .

1231 1862 1381 1895 Secundo
1396 1886 1406 1902 ,
1431 1861 1520 1905 quod
1545 1871 1713 1905 peccatum
1734 1861 1830 1905 ipsius
1842 1862 1948 1905 ipsum
1965 1864 2071 1900 solum

1175 1911 1292 1956 jlaeserit
1304 1936 1315 1951 ,
1341 1913 1375 1946 δε
1388 1924 1454 1946 non
1470 1923 1573 1955 genus
1585 1911 1767 1945 humanum
1782 1937 1789 1944 .
1810 1923 1813 1926 ·

1232 1961 1372 2001 Tertio,
1400 1963 1434 1996 ὅ(
1456 1962 1544 2004 quod
1569 1962 1710 1995 infantes
1731 1973 1830 2006 nuper
1853 1963 1920 1998 nati
1949 1964 1982 1997 in
2011 1963 2073 1999 illo

1183 2011 1264 2046 statu
1291 2013 1365 2046 sunt
1386 2036 1398 2054 ,
1425 2013 1459 2045 in
1480 2022 1547 2056 quo
1572 2012 1682 2045 Adam
1705 2013 1768 2046 fuit
1786 2023 1863 2047 ante
1889 2015 2074 2057 praevarica-

1180 2062 1326 2096 tionem.

1232 2113 1364 2159 Qarto
1378 2112 1397 2152 ,'
1415 2113 1450 2148 ἀ
1471 2112 1561 2157 quod
1585 2124 1639 2156 per
1662 2122 1802 2147 mortem
1821 2114 1869 2147 vel
1892 2114 2073 2155 praevarica-

1181 2162 1307 2195 tionem
1330 2163 1432 2203 Adae,
1460 2175 1526 2196 non
1549 2173 1649 2195 omne
1670 2174 1774 2207 genus
1799 2163 1980 2197 humanum
2001 2174 2074 2197 mo·

1180 2211 1302 2251 riatur,
1329 2212 1361 2245 ὃ(
1387 2212 1476 2255 quod
1498 2223 1555 2255 per
1575 2213 1838 2246 resur-restionem
1851 2212 1973 2246 Christi
2000 2223 2070 2247 non

1179 2273 1280 2295 omne
1301 2273 1404 2305 genus
1425 2262 1605 2295 humanum
1620 2264 1780 2305 resurgat.

1226 2311 1386 2358 Qinto,
1415 2312 1580 2352 infantes,
1607 2314 1728 2346 etiarnfi
1751 2323 1820 2346 non
1839 2311 2068 2357 baptizentur,

1179 2362 1279 2395 vitam
1297 2372 1447 2396 aeternam
1473 2362 1588 2396 habere
1609 2363 1757 2405 possunt.

1229 2412 1329 2445 Sexto
1351 2436 1361 2452 ‚
1389 2413 1423 2446 &
1449 2413 1565 2446 divites
1593 2412 1772 2454 baptizatos
1793 2435 1804 2451 ,
1830 2411 1887 2445 nisi
1910 2411 2066 2447 omnibus

1178 2462 1409 2496 abrenuntient
1431 2487 1441 2502 ,
1471 2462 1492 2494 fi
1511 2463 1589 2506 quid
1613 2461 1689 2495 boni
1719 2462 1775 2493 nisi
1795 2461 1915 2494 fuer-int
1939 2463 2068 2502 facere,

1179 2524 1244 2545 non
1268 2512 1407 2555 reputari
1430 2511 1518 2552 illis,
1547 2521 1606 2545 nec
1626 2521 1682 2544 eos
1694 2509 1810 2544 habere
1824 2511 1913 2556 posse
1925 2521 2065 2556 regnum

1177 2563 1262 2596 Dei.
1462 2571 1464 2575 “
1716 2584 1718 2586 -

1225 2612 1391 2655 Septimo,
1400 2610 1581 2654 &gratiam
1594 2610 1658 2643 Dei
1672 2619 1770 2653 atque
1781 2579 1979 2652 adjutorium
1995 2624 2064 2647 non

1174 2662 1214 2696 ad
1237 2661 1379 2704 singulos
1397 2661 1485 2693 astus
1505 2658 1644 2699 donari,
1672 2660 1725 2694 sed
1751 2660 1786 2694 in
1813 2661 1915 2695 libero
1926 2662 2062 2698 arbitrio

1177 2713 1240 2745 effe
1253 2735 1263 2749 ,
1291 2712 1362 2743 vel
1355 2723 1387 2743 ιη
1404 2712 1473 2753 lege
1486 2720 1583 2753 atque
1596 2710 1741 2744 dostrina
1753 2734 1761 2743 .

1224 2762 1349 2794 Ostavo
1360 2784 1372 2800 ,
1398 2760 1432 2794 ἀ
1453 2761 1592 2804 gratiam
1605 2759 1669 2794 Dei
1684 2760 1865 2795 secundum
1877 2760 1989 2796 merita
2003 2773 2065 2797 no-

1174 2811 1232 2844 stra
1252 2811 1340 2843 dari.

1225 2860 1351 2900 Nono,
1376 2859 1411 2893 &
1430 2860 1516 2894 filios
1540 2860 1602 2894 Dei
1627 2871 1694 2894 non
1721 2861 1808 2904 poffe
1831 2861 1938 2894 vocari
1964 2885 1975 2901 ,
2002 2862 2062 2897 nisi

1172 2911 1266 2944 omni
1296 2910 1397 2944 modo
1428 2911 1547 2952 absque
1582 2911 1676 2946 omni
1712 2920 1844 2953 peccato
1868 2911 1990 2946 fuerint
2012 2913 2063 2947 ef-

1171 2962 1261 2996 festi.

1170 3046 1173 3048 a
1223 3010 1366 3046 Decimo
1389 3036 1399 3051 ,
1426 3011 1459 3044 &
1482 3021 1545 3043 non
1567 3011 1630 3044 else
1652 3009 1788 3044 liberum
1806 2982 2010 3054 arbitrium,
2019 3010 2060 3046 fi

1177 3061 1242 3094 Dei
1269 3061 1415 3106 indigeat
1437 3060 1590 3095 auxilio:
1616 3059 1817 3106 Quoniam
1809 3073 1842 3094 in
1857 3062 1983 3104 propria
2008 3074 2062 3096 vo·

1175 3111 1299 3146 luntate
1331 3111 1429 3146 habet
1456 3111 1675 3155 unusquisque
1704 3111 1806 3145 facere
1829 3110 1951 3155 aliquid
1973 3137 1984 3153 ‚
2012 3111 2065 3146 vel

1176 3172 1240 3195 non
1266 3163 1389 3196 facere.
1846 3186 1849 3188 -

1224 3212 1418 3247 Undecimo
1431 3235 1441 3251 ,
1467 3211 1501 3244 &
1524 3210 1692 3245 vistoriam
1711 3211 1852 3246 nostram
1866 3223 1931 3245 non
1945 3212 2006 3244 esse
2017 3222 2059 3244 ex

1173 3262 1237 3295 Dei
1259 3261 1424 3305 adjutorio
1435 3286 1444 3301 ‚
1475 3260 1526 3293 sed
1539 3271 1579 3293 ex
1592 3261 1692 3295 libero
1705 3262 1839 3296 arbitrio
1851 3284 1859 3294 .

1225 3313 1458 3349 Duodecimn,
1484 3311 1516 3344 &
1530 3312 1618 3353 quod
1634 3312 1868 3354 poenitentibus
1883 3311 1974 3343 venia
1991 3321 2072 3345 non>

1172 3362 1264 3398 detur
1287 3363 1461 3396 secundum
1482 3361 1619 3404 gratiam
1643 3363 1674 3396 δι
1703 3362 1778 3395 mis
1782 3361 1948 3393 rit-ordiam
1964 3361 2028 3394 Dei
2049 3382 2064 3402 5

1178 3413 1229 3447 sed
1244 3412 1419 3447 secundum
1434 3413 1547 3445 merita
1567 3411 1755 3446 &laborem
1769 3421 1910 3449 eorum,
1937 3411 1992 3453 qui
2002 3420 2071 3461 per

1168 3464 1401 3507 poenitentiam
1414 3462 1507 3506 digni
1519 3463 1639 3497 suerint
1651 3460 1885 3545 missricordia
1931 3509 1968 3542 H
2054 3494 2058 3497 ,

1970 3521 2012 3544 aec
