2366 3736
54 845 120 879 cap.
149 834 181 870 6.

50 932 135 972 Psal-
153 932 207 976 80.

610 88 698 133 DE
732 85 1177 133 CONVTR1T10NE
1215 98 1277 128 ET
1311 87 1719 131 ATTRINONE.

224 184 274 214 tia
296 183 471 216 moriuntur,
492 173 671 219 fumantem
681 176 805 219 quidam
812 172 938 215 perfeefli
951 195 960 210 ‚
974 176 1025 213 qui
1037 184 1100 205 cum

222 235 376 273 patientia
395 232 522 263 vivunt.
548 228 638 270 ,Quid
651 226 746 260 dixi?
767 226 833 266 ‚Qui
841 221 936 254 adhuc
960 220 1101 262 descierat

227 280 311 319 istam
322 283 423 314 vitam
434 302 444 317 ,
460 279 579 320 quando
589 278 636 311 illi
649 277 763 308 venerit
773 275 837 307 dies
851 277 955 304 mortis
967 296 978 311 ‚
985 279 1101 313 patien-

225 338 271 365 ter
279 329 387 364 tolerat
398 334 521 360 mortem
532 352 538 359 .
562 318 709 362 Lfflatur
718 324 881 373 aduersum
892 320 912 364 s
909 334 924 355 e
939 345 950 361 ‚
958 321 1100 364 utsequa-

224 387 275 412 tur
287 379 470 414 voluntatem
484 381 550 417 Dei,
561 377 595 408 (τ
607 373 658 406 boc
665 373 764 415 potitis
777 378 840 416 agit
853 378 952 404 animo
962 373 1042 414 quod
1053 374 1099 405 eli-

220 433 270 472 git
284 430 364 461 Deus
375 453 385 468 ,
394 438 451 461 non
461 427 541 470 quod
555 425 638 467 eligit
646 425 789 457 voluntas
806 422 947 456 bumana.
968 425 1022 454 Ex
1034 420 1101 462 defi-

219 472 304 513 'derio
315 484 390 511 vitae
398 475 554 523 praeftntis
562 471 597 514 fit
606 474 686 509 lucta
696 484 759 506 cum
770 473 907 513 morta&
916 470 1040 505 adhibet
1046 481 1102 514 pa-

225 533 358 561 tientt'am
370 524 615 568 &fortitudinem
628 547 638 563 ,
659 533 693 557 ut
713 534 796 566 aequo
817 529 917 555 animo
937 528 1081 555 morlatur
1094 547 1100 554 .

225 577 277 616 Iste
285 582 437 619 patienter
448 579 578 609 moritur.
594 575 659 617 ‚Qui
670 583 770 606 autem
781 572 937 612 defiderat,
945 571 1017 613 ficut
1029 574 1102 605 dicit

227 627 371 668 Apostolus
383 650 395 666 ,
417 625 533 668 diffolvi
554 625 587 657 (tt
599 624 650 667 effe
659 636 724 657 cum
735 623 861 662 Christo,
885 634 942 654 non
948 629 1102 663 patienter

225 682 367 715 moritur,
382 673 440 718 sed
449 680 600 717 patienter
613 680 697 710 vivit
711 698 721 713 ,
743 675 777 707 ζ’]
787 671 1005 706 delectabiliter
1018 679 1103 704 mori-

224 736 274 759 tur
286 751 294 758 .
317 724 360 759 Et
383 727 416 758 in
441 725 526 760 libro
549 724 589 758 de
611 725 635 758 P
644 723 802 759 asturibus
822 734 828 754 :
865 723 1026 764 Numquid
1033 722 1104 764 fru-

224 784 326 808 menta
348 781 453 808 nment
475 786 515 812 ne,
531 782 693 807 mittantur
706 779 738 805 in
758 772 893 819 borreum
911 774 923 805 ἓ
940 775 1033 805 Immo
1055 780 1106 814 op·

224 835 294 862 tant
316 825 504 867 vehementer
527 837 563 858 ac
582 823 747 866 desiderant
758 848 766 855 .
799 826 834 856 N
836 823 954 863 unquid
988 834 1057 855 oves
1069 828 1106 855 ti-

222 885 304 909 ment
318 886 353 909 ne
360 885 511 918 ponantur
522 877 567 908 ad
576 876 729 908 dexteram
742 873 759 904 ?
779 875 871 905 Immo
884 872 962 904 nihil
980 878 1021 905 eis
1043 882 1105 904 tam

222 927 343 961 tardum
363 926 400 966 est
414 951 424 967 ,
443 937 535 967 quam
558 926 647 957 donec
662 923 724 965 fiat
746 947 754 955 .
781 923 823 955 Et
834 923 880 962 ‘in
906 933 1108 956 commenta-

221 978 277 1013 riis
302 976 508 1013 psalmorum
523 987 530 1007 :
554 976 585 1006 51·
598 979 704 1009 veniat
714 978 843 1008 tentatio
855 979 990 1010 martyrii
1000 973 1109 1006 ducen-

220 1029 264 1063 dt.
274 1025 411 1058 Perfesti
423 1025 499 1066 quid
508 1025 611 1060 dicunt
622 1034 659 1056 ex
667 1022 721 1056 bac
728 1024 967 1064 opportunitate?
991 1025 1107 1055 Bonum

221 1075 259 1115 est
272 1074 344 1108 mihi
356 1074 471 1118 dissolvi
483 1098 495 1114 ‚
509 1075 542 1108 l&
552 1073 603 1116 esse
613 1084 678 1106 cum
693 1072 807 1113 Christo
821 1098 828 1104 .
844 1074 961 1105 Alacres
971 1083 1108 1112 currunt,

220 1133 275 1158 aut
285 1123 368 1163 nihil
375 1133 429 1159 aut
445 1124 556 1158 modice*
567 1126 604 1157 de
615 1133 737 1161 terrena
742 1123 921 1169 fragilitate
929 1123 1107 1163 contristan-

206 1179 283 1209 tur.
308 1175 472 1218 Loquitur
494 1186 537 1209 ex
572 1173 960 1217 Apostololoquentead
985 1173 1108 1216 Philip-

53 1627 122 1661 021'·
149 1624 182 1662 4

58 1725 126 1759 cap.
153 1711 205 1757 18.

32 2896 35 2899 Α
52 2910 153 2961 'Epiffi

54 2978 107 3009 22-

58 3170 159 3214 Epist,

53 3229 109 3270 44-

222 1226 356 1269 penses:
383 1224 568 1266 Defiderium
578 1223 670 1257 babeo
684 1224 812 1267 diffiilvi,
839 1225 934 1266 &effe
946 1235 1010 1255 cum
1021 1223 1106 1255 Chri·

216 1275 262 1315 sto
280 1276 373 1307 multo
395 1279 491 1317 magis
515 1276 620 1308 melius
635 1298 647 1314 ,
667 1283 844 1315 permanere
866 1284 964 1306 autem
976 1279 1008 1307 in
1018 1284 1109 1310 carne

224 1325 416 1368 necessarium
433 1334 558 1368 propter
569 1335 631 1356 vot.
661 1325 702 1357 Et
715 1322 780 1358 haec
794 1323 932 1357 charitas
943 1335 1007 1357 tam
1020 1323 1105 1356 adul-

223 1384 291 1408 tam
312 1385 411 1417 quam
434 1374 597 1411 robustam
625 1375 746 1416 semper
773 1374 936 1407 includit.
977 1373 1107 1406 Etenim

224 1425 281 1467 qui
310 1425 426 1459 omnia
451 1423 781 1458 mundideledtabilia
806 1423 840 1457 ὅ(
867 1422 1020 1456 terribilia
1032 1434 1107 1456 cum

223 1469 440 1510 delectatione
463 1474 497 1508 &
522 1463 677 1506 defideiio
706 1471 807 1513 perdit
828 1483 867 1505 ac
894 1471 993 1511 subit,
1018 1473 1108 1507 nulla

222 1534 337 1557 eorum
365 1523 545 1566 cupiditate
572 1532 627 1555 aut
656 1532 745 1557 metu
774 1522 868 1566 poffit
894 1524 911 1556 ὲ
939 1523 1004 1558 Dei
1031 1522 1111 1558 dile-

222 1573 328 1607 ffione
350 1574 488 1615 superati
502 1597 509 1606 .

275 1623 363 1657 Idem
386 1624 419 1655 in
435 1623 519 1656 libro
543 1621 768 1667 Apologetico
792 1621 890 1655 tradit
926 1622 1107 1657 Tertullia-

229 1684 314 1707 nus.-
362 1676 430 1708 Nos
456 1671 636 1706 Christiani
658 1684 711 1715 per
737 1674 858 1714 quaevis
876 1673 990 1706 mundi
1011 1672 1110 1716 hujus

224 1724 308 1759 mala
333 1723 409 1755 nullo
419 1723 501 1755 modo
516 1724 670 1761 laedimur,
692 1728 762 1764 quia
773 1721 851 1754 nibil
861 1721 957 1760 nostra
970 1723 1062 1765 refert
1077 1729 1110 1756 in

222 1773 273 1806 boc
283 1774 406 1815 mundo,
433 1771 536 1813 nilide
548 1784 579 1805 eo
605 1774 733 1805 celeriter
744 1774 891 1805 excederet
917 1772 960 1806 Et
977 1773 1010 1807 in
1024 1773 1110 1807 libro

221 1823 262 1856 de
284 1822 492 1865 spectaculis:
518 1825 595 1854 Mori
610 1834 673 1854 cum
687 1824 841 1863 voluptate
852 1821 1006 1855 debemus.
1022 1827 1110 1855 Nam

222 1874 299 1915 quid
317 1872 353 1912 est
375 1872 570 1905 aliudvotum
582 1872 719 1910 nostrum,
744 1883 837 1913 quam
850 1874 931 1912 quod
941 1873 975 1905 o·
996 1872 1109 1913 Aposto-

222 1923 267 1961 li,
288 1927 369 1957 exire
380 1923 416 1954 de
426 1919 543 1964 saeculo,
565 1923 699 1962 &recipi
712 1923 756 1953 ad
768 1921 946 1954 Domtnum?
974 1923 1014 1955 Et
1030 1923 1107 1955 hinc

223 1971 408 2014 primitivos
435 1971 566 2010 fideles,
593 1971 683 2013 quod
709 1970 900 2004 admiranda
930 1971 991 2005 hac
1018 1972 1110 2005 flam-

222 2031 276 2054 ma
294 2020 405 2064 paffim
429 2021 575 2057 arderent
589 2045 599 2060 ,
621 2020 638 2053 a
659 2020 836 2064 gentilibus
857 2021 1036 2063 appellatos
1062 2023 1111 2055 fu-

222 2071 279 2104 isse
297 2069 380 2103 dicit
394 2071 583 2112 Expeditum
609 2075 811 2112 mortisgenus
830 2095 837 2102 .
867 2071 1012 2113 integras
1036 2071 1109 2104 sane

222 2115 373 2154 civitates
391 2120 590 2162 quandoque
613 2118 651 2152 ad
665 2121 854 2162 martyrium
881 2121 913 2153 se
934 2120 1107 2162 obtulisse,

222 2171 255 2205 &
278 2169 365 2211 quafi
393 2170 434 2203 ad
470 2171 621 2203 solennes
646 2170 757 2211 epulas
784 2169 962 2213 gaudenter
990 2182 1107 2213 prope⁶

221 2221 325 2259 raffe,
348 2220 460 2253 scribit
487 2220 522 2252 in
550 2219 634 2251 libro
661 2218 701 2252 ad
730 2218 911 2259 Scapulam,
939 2220 973 2253 &
999 2220 1106 2262 plures

221 2268 277 2303 alii
298 2268 479 2303 authentici
510 2268 688 2310 Scriptores
722 2267 940 2302 confirmant.
981 2270 1106 2304 Christi

222 2318 365 2353 Domini
387 2319 526 2362 Sanguis
549 2318 582 2350 in
597 2318 740 2359 ipsorum
755 2318 935 2358 praecordiis
947 2330 1027 2354 tunc
1040 2319 1107 2354 bul-

223 2367 340 2406 liebat:
367 2367 508 2415 ideoque
520 2377 595 2403 cum
611 2366 780 2410 Apostolis
791 2369 1001 2411 gaudebant,
1027 2381 1107 2414 quo-

223 2417 313 2451 niam
334 2416 428 2461 digni
451 2417 652 2451 habebantur
663 2428 720 2460 pro
744 2419 879 2451 nomine
897 2419 968 2461 jesu
990 2430 1105 2454 contu·

224 2467 349 2506 melias,
374 2477 525 2506 carcere-S,
551 2478 688 2500 mortem
712 2469 788 2510 pati.
818 2467 1103 2504 Abstrusutnistud

225 2517 258 2554 &
282 2517 473 2549 admirabile
494 2515 650 2560 gaudium
668 2517 817 2550 animalis
838 2516 940 2551 homo
961 2532 1028 2554 non
1039 2532 1104 2563 per·

225 2566 323 2609 cipit:
348 2565 442 2599 Solus
464 2576 617 2607 expertus
642 2567 744 2608 potest
756 2567 887 2600 credere
904 2569 986 2611 quid
1008 2570 1044 2603 fit
1057 2571 1104 2612 Je-

226 2618 296 2649 sum
318 2614 454 2660 diligere
468 2640 475 2648 .
502 2613 601 2661 Qod
617 2615 694 2649 item
708 2615 741 2649 in
754 2626 841 2649 terrae
855 2618 1102 2660 motibus,hor-

222 2664 320 2699 tenda
344 2665 460 2699 mortis
476 2665 582 2698 cauffa
599 2689 610 2704 ‚
633 2675 778 2708 parentes
801 2666 900 2699 nostri
926 2678 993 2701 non
1013 2670 1101 2703 time·

222 2726 318 2755 rent,
345 2715 484 2758 ideoque
504 2715 682 2759 gentilibus
702 2714 1102 2758 admirationieflent,ad-

222 2765 298 2799 serit
332 2765 366 2802 in
408 2766 547 2800 secunda
576 2765 743 2809 Apologia
770 2766 901 2809 Martyr
938 2768 1102 2810 Jusiinus.

222 2814 422 2852 Defundium
434 2816 562 2851 fratrem
576 2816 666 2848 suum
678 2817 853 2858 Satyrum,
877 2827 912 2850 ut
936 2819 1000 2851 sese
1013 2818 1101 2852 brevi

222 2863 262 2902 ad
283 2865 469 2899 Dominum
493 2865 580 2909 sequi
600 2867 763 2908 impetret,
787 2865 966 2900 obtestatur
979 2869 1007 2901 S.
1023 2868 1099 2902 Am-

224 2914 364 2950 brofius.
394 2915 437 2949 Et
460 2915 500 2949 ad
523 2915 672 2949 Ecclesiae
697 2914 994 2951 Thessalonicen-fis
1030 2918 1099 2952 Cle-

223 2976 294 2999 rum
305 2966 346 2999 de
365 2965 520 2999 defuncto
532 2977 633 3009 nuper
643 2976 758 2999 eorum
774 2967 940 3009 Episcopo
953 2967 1099 3002 S.Acho·

225 3013 271 3047 lio
294 3014 421 3049 scribit:
441 3015 588 3056 cupiebat
603 3016 882 3058 apostolico-spiritu
896 3019 967 3057 jam
986 3019 1100 3051 dudum

226 3074 323 3097 terras
343 3066 502 3107 relinquere
514 3091 524 3105 ,
541 3064 601 3109 sed
618 3066 773 3099 tenebatur
795 3072 873 3099 votis
886 3067 1100 3110 universorum,

218 3112 292 3155 ficut
317 3115 353 3146 de
379 3115 505 3156 apostolo
528 3117 665 3160 legimus,
692 3122 764 3158 quia
776 3123 916 3150 remorari
944 3129 1008 3151 eum
1035 3120 1098 3151 dlu-

223 3169 285 3196 ttus
302 3168 336 3196 in
354 3174 441 3198 carne
452 3175 516 3198 erat
529 3164 660 3206 Ecclefiae
674 3165 869 3209 neceffarium.
894 3167 937 3200 Et
952 3169 984 3200 in
1001 3167 1099 3203 literis

223 3212 266 3249 ad
289 3211 535 3247 Horontianum
564 3216 784 3259 Episcopum.-
811 3217 1012 3259 Ubiperft’c‘la
1034 3218 1096 3252 cha-

222 3269 300 3296 ritas
314 3286 324 3302 ,
348 3262 391 3294 ibi
415 3270 508 3296 omnis
518 3265 595 3305 fides
607 3291 617 3306 ‚
640 3273 731 3299 omnis
741 3265 809 3308 spes
823 3292 830 3299 .
865 3274 949 3301 Hanc
968 3267 1097 3301 charlta-

224 3322 286 3346 tem
305 3310 416 3345 habens
438 3312 516 3346 nibil
534 3320 632 3349 t1'met.
663 3321 735 3349 Non
742 3317 835 3359 potes?
850 3322 954 3351 timere
965 3326 1096 3358 martyri·

223 3374 289 3399 um.
318 3362 489 3406 insigniter
515 3363 547 3397 id
572 3365 736 3400 ostendit.

271 3411 440 3450 Patienter-
460 3413 566 3449 vivere
586 3414 631 3448 est
653 3415 801 3461 adipsam
812 3417 953 3454 omni-no
964 3420 1098 3454 neceffa-

1934 96 2024 140 215

1160 171 1243 206 rium
1257 185 1267 205 .·
1293 173 1421 209 Futura:
1433 175 1504 207 vitae
1525 173 1718 208 desiderium
1729 168 1823 205 debet
1845 168 1900 202 ista
1914 179 2037 213 patien·
2059 166 2188 202 Patien-

1161 222 1227 262 tia,
1250 233 1347 264 quam
1369 234 1512 263 patenter
1536 225 1670 267 requirit
1690 223 1724 256 &
1749 219 1944 264 Apostolus,
1969 222 2032 255 effe
2056 227 2105 251 ter
2117 218 2162 251 vi·

1161 272 1536 315 omninotemperatum.
1567 272 1697 308 Ethinc
1708 270 1748 305 ad
1762 271 1902 306 sanetum
1924 271 2032 304 Anto-
2056 278 2127 300 vere

1164 322 1254 355 nium
1269 346 1279 360 ,
1298 321 1531 366 caelestisregni
1546 324 1645 368 longe
1665 322 1924 365 cupidiffimum,
1949 321 2031 362 apud
2054 316 2198 350 omnino

1163 372 1304 406 santium
1327 371 1572 414 Hieronymum
1590 375 1672 407 dixit
1694 372 1856 406 &Paulus
1869 372 2034 404 Eremita:
2056 366 2186 406 requiri-

1163 427 1237 455 Non
1256 422 1342 455 debes
1363 433 1494 464 quaerere
1513 434 1580 463 quae
1600 432 1655 457 tua
1673 421 1766 465 sunt,
1785 421 1913 464 sedquae
1925 422 2034 454 aliena.
2053 425 2105 450 tur
2127 415 2168 449 ad

1163 473 1301 514 Expedit
1316 473 1435 513 quidem
1448 471 1516 512 tibi,
1526 470 1644 513 sarcina
1654 481 1752 504 carnis
1767 472 1884 512 abjecta
1899 496 1908 511 ‚
1921 477 2034 521 4gnum
2057 466 2160 509 perfe-

1159 521 1256 565 sequi}
1262 520 1320 564 sed
1328 524 1483 555 &caeteris
1494 524 1615 563 expedit
1618 521 1772 562 fratribus
1786 546 1796 561 ,
1819 529 1851 553 ut
1865 531 1912 554 tuo
1926 522 2033 562 institu-
2056 518 2140 549 stam

1161 582 1255 604 antur
1275 573 1415 612 exemplo.
1442 570 1482 605 Et
1504 572 1542 604 ad
1560 573 1767 613 Ancyranam
1799 572 1972 606 Ecclesiam
1995 571 2036 604 de
2055 565 2195 600 charita·

1161 622 1318 656 defuncto
1339 622 1408 664 ejus
1432 621 1593 664 Episcopo
1617 620 1792 654 Athanafio
1817 621 1926 654 scribit
1955 614 2036 653 Bali·
2058 626 2147 650 tem.

1164 673 1225 705 lius
1239 682 1386 716 magnus:
1410 677 1435 704 0
1449 678 1559 714 quoties
1573 677 1707 703 animum
1720 682 1814 706 meum
1826 681 1881 702 non
1893 669 2038 702 nihtlton-
2065 664 2164 709 Epist.

1164 731 1214 754 tra
1226 721 1302 755 bunc
1315 728 1415 755 virum
1427 725 1644 767 indignationis
1653 719 1835 763 subiit,quod
1845 729 1920 751 totus
1935 719 1984 752 hoc
1995 721 2041 752 de·
2063 716 2084 751 6
2094 727 2122 752 1·

1158 771 1263 813 fiderio
1273 772 1426 805 tenebatur
1439 796 1448 811 ‚
1462 782 1495 805 ut
1504 772 1702 813 dissolveretur
1715 773 1747 804 (τ
1757 770 1821 812 efflet
1833 786 1838 796 κ
1848 782 1896 802 um
1909 769 2020 809 Christo
2033 794 2043 811 ,

1167 833 1216 854 nec
1235 821 1285 854 boc
1292 824 1392 863 pluris
1397 822 1532 863 faciebat
1549 846 1558 861 ‚
1568 830 1602 854 ut
1619 823 1733 856 diutius
1744 828 1863 862 propter
1876 831 1925 852 nos
1940 826 1972 851 in
1985 831 2045 852 car-

1167 882 1201 904 ne
1209 883 1347 905 maneret.
1374 873 1414 905 Er
1428 870 1505 905 hinc
1517 873 1556 906 ad
1570 872 1765 914 lacrymosas
1778 870 1919 903 filiorum
1941 880 2047 903 voces.

1168 925 1230 954 Cur
1247 933 1299 955 nos
1313 925 1405 955 Pater
1419 921 1530 964 deseris
1543 946 1553 961 ,
1585 930 1638 955 aut
1648 927 1695 954 cui
1712 933 1763 954 nos
1783 918 1928 962 desolator
1953 919 2048 952 relin-

1167 972 1257 1013 quis?
1276 971 1449 1015 Salvasunt
1461 972 1518 1005 tilu·
1530 979 1660 1012 praemia
1678 996 1687 1011 ,
1700 971 1787 1011 nostri
1795 977 1892 1011 potius
1907 968 2049 1011 miserere

1169 1033 1241 1064 quos
1263 1021 1372 1065 deseris
1385 1047 1396 1063 ,
1427 1023 1590 1066 respondit
1602 1022 1665 1064 jam
1679 1023 1764 1056 coelo
1779 1022 1906 1053 vicinus
1928 1021 2051 1053 sanctus

1173 1072 1336 1106 Martinus
1348 1087 1359 1106 .·
1387 1076 1511 1107 Domine
1524 1098 1532 1113 ,
1548 1072 1578 1113 fi
1585 1072 1679 1105 adbuc
1688 1071 1793 1114 populo
1802 1079 1850 1103 tuo
1856 1068 1923 1113 sum
1933 1070 2054 1112 necessa-

1170 1129 1230 1154 rius
1241 1147 1252 1163 ‚
1273 1134 1330 1154 non
1351 1122 1447 1165 recuso
1460 1124 1589 1156 laborem
1600 1147 1609 1162 ‚
1629 1122 1688 1164 fiat
1701 1123 1841 1156 voluntas
1852 1130 1904 1154 tua
1916 1145 1923 1151 .
1955 1121 1991 1163 Ju
1999 1130 2053 1153 xta

1173 1173 1369 1215 Apostolum
1388 1174 1530 1207 charitas
1555 1174 1679 1215 patiens
1692 1172 1792 1212 est‚&
1804 1171 1917 1204 omnia
1934 1170 2056 1208 suffert,

1170 1222 1309 1266 ideoque
1332 1223 1472 1256 nimium
1497 1222 1618 1257 Christi
1641 1223 1783 1256 Domini
1800 1222 1832 1255 ὅ(
1852 1222 1965 1254 futurae
1981 1221 2055 1252 vitae

1170 1273 1234 1305 sme
1258 1273 1387 1306 laudata
1409 1273 1472 1315 jam
1487 1273 1642 1316 patientia
1653 1267 1841 1310 desiderium
1857 1271 1963 1304 nescio
1975 1268 2056 1312 quid

1171 1322 1239 1354 vitii
1261 1332 1316 1355 aut
1340 1322 1593 1364 imperfectionis
1617 1322 1734 1355 habet.
1762 1321 1886 1368 Quaerit
1910 1330 1980 1363 qua:
2001 1320 2057 1352 sua

1172 1372 1247 1404 sunt
1261 1395 1273 1410 ‚
1295 1372 1328 1405 ὅ(
1350 1373 1455 1405 oritur
1466 1384 1506 1405 ex
1531 1372 1662 1415 proprio
1687 1373 1732 1405 sui
1744 1381 1868 1409 amore,
1883 1370 1938 1412 qui
1950 1368 1994 1401 est
2009 1380 2060 1402 ve·

1174 1431 1293 1454 nenum
1306 1421 1480 1466 charitatis.
1494 1422 1566 1455 Effe
1580 1432 1639 1454 nos
1652 1431 1785 1463 oportet
1797 1420 1978 1452 imitatores
1994 1420 2059 1451 san·

1172 1473 1213 1505 &i
1236 1471 1336 1505 Salvii
1366 1471 1554 1516 Albigensis
1568 1471 1732 1514 Episcopi,
1746 1480 1841 1512 quem
1868 1469 2059 1502 defunstum

1171 1523 1190 1555 ὲ
1211 1522 1285 1555 coeli
1303 1522 1434 1565 gaudiis
1455 1522 1495 1555 ad
1518 1521 1727 1561 Gallicanas,
1754 1520 1844 1563 quod
1869 1518 1933 1553 illis
1956 1520 1973 1552 ὲ
1990 1521 2063 1553 san-

1172 1571 1230 1606 stis
1256 1572 1606 1615 Angelisjudicaretur
1619 1572 1820 1609 necessarius,
1846 1570 1999 1603 Ecclefias
2022 1581 2060 1602 ac

1174 1623 1246 1655 vitae
1257 1622 1418 1664 praesentis
1429 1632 1585 1655 aerumnas
1609 1631 1759 1665 prompte
1794 1619 1920 1654 rediiffe
1949 1619 2061 1653 laudat

1173 1673 1206 1705 in
1226 1672 1428 1706 Francorum
1454 1671 1587 1705 historia
1600 1673 1724 1705 sanstus
1736 1671 1916 1715 Gregorius
1932 1669 2059 1712 Episco-
2082 1695 2147 1730 Hb

1174 1733 1232 1765 pus
1254 1722 1482 1756 Turonenfis.
1511 1723 1584 1755 Effe
1599 1722 1676 1756 item
1690 1722 1868 1756 imitatores
1895 1714 2061 1769 Apostoli,
2115 1709 2123 1729 ¹
2150 1721 2156 1728 '
2179 1708 2212 1744 7'

1173 1772 1229 1814 qui
1241 1783 1298 1814 pro
1309 1772 1461 1806 fratribus
1477 1770 1661 1814 suisjudaeis
1678 1781 1803 1813 paratus
1815 1781 1881 1805 erat
1896 1771 2028 1812 separari
2043 1771 2060 1803 a
2080 1758 2146 1790 (η’
2163 1756 2193 1780 ¹*

1173 1823 1280 1855 futura
1305 1823 1337 1854 in
1350 1832 1540 1865 perpetuum
1551 1821 1754 1856 beatitudine
1765 1845 1775 1861 ‚
1797 1822 1829 1855 &
1840 1822 1858 1854 a
1872 1820 2006 1855 Christo
2018 1822 2063 1854 es-

1174 1873 1207 1904 se
1219 1870 1412 1906 anathema:
1442 1870 1733 1911 Italocumistum,
1756 1871 1941 1905 adseverans
1969 1871 2062 1905 fuisse

1176 1921 1369 1956 exceffivam
1396 1920 1613 1962 charitatem,
1641 1923 1766 1955 sanstus
1793 1922 1936 1965 Joannes
1948 1921 2060 1964 Chry-

1175 1971 1332 2006 sostomus
1357 1972 1485 2007 adsidue
1511 1973 1659 2014 exponit.
1689 1972 1833 2007 Perfecta
1860 1971 1999 2006 charitas
2013 1971 2058 2005 est

1175 2023 1308 2063 perfecta
1337 2021 1395 2055 sub
1423 2023 1499 2056 Deo
1527 2022 1729 2062 obedientia,
1757 2023 1897 2065 ideoque
1923 2021 1962 2055 ad
1989 2034 2057 2055 om-

1174 2082 1247 2104 nem
1277 2072 1344 2114 ejus
1372 2083 1486 2105 nutum
1515 2071 1611 2106 debet
1638 2073 1699 2106 effe
1723 2073 1898 2115 expedita.

1223 2122 1369 2155 Omnem
1381 2122 1562 2156 adfixivum
1583 2133 1734 2156 creaturae
1752 2133 1896 2156 amorem
1921 2133 1986 2156 non
2010 2123 2056 2156 so·
2076 2102 2181 2136 perse*

2077 2154 2125 2186 sta
2138 2153 2214 2187 cha-

2078 2203 2155 2236 ritas
2166 2213 2219 2237 ex·

2076 2252 2181 2286 cludit

2076 2314 2212 2336 omnem

1173 2169 1346 2204 lummodo
1362 2172 1489 2205 vincere
1503 2197 1514 2212 ‚
1540 2172 1591 2205 sed
1604 2173 1703 2206 etiam
1725 2173 1842 2206 exclud
1858 2184 1898 2206 xre
1920 2174 1937 2206 ὲ
1962 2172 2058 2205 nobis

1171 2218 1268 2253 debet
1280 2230 1378 2263 atque
1398 2221 1602 2265 exstinguere
1614 2247 1621 2254 .
1653 2222 1846 2255 Adfixivum
1862 2222 1957 2265 porro
1969 2232 2057 2256 amo—

1171 2280 1238 2303 rem
1252 2272 1389 2313 exponit
1402 2272 1526 2304 sanstus
1541 2272 1749 2316 Augustinus
1762 2272 1793 2306 in
1808 2272 1897 2306 libris
1908 2273 1949 2306 de
1980 2272 2057 2306 doc·

1172 2319 1257 2352 trina
1271 2320 1456 2354 Christiana
1470 2334 1476 2353 z
1506 2328 1583 2356 Frui
1594 2322 1631 2362 est
1643 2334 1743 2355 amore
1754 2323 1842 2355 alicui
1855 2329 1896 2355 ret·
1909 2321 2055 2355 tnbaerere
2168 2354 2173 2359 ,

1166 2369 1440 2413 proptersetpsam.
1477 2371 1517 2405 Et
1533 2372 1564 2405 in
1580 2373 1881 2417 trigefimaseptima
1897 2372 2033 2405 homilia
2046 2397 2053 2404 .
2075 2352 2190 2386 adfi'n‘

1171 2421 1219 2452 Ad
1232 2419 1315 2462 usum
1326 2420 1587 2464 adsitmendasunt
1603 2422 1688 2455 bona
1703 2422 1892 2464 temporalia
1906 2447 1915 2461 ,
1940 2433 1999 2454 non
2009 2429 2052 2454 eis
2075 2413 2151 2435 vum

1169 2472 1289 2504 vinculo
1298 2478 1407 2503 amoris
1417 2471 1500 2512 quast
1505 2474 1622 2514 glutino
1646 2471 1853 2504 inhaerendum
1868 2496 1875 2503 .
1896 2476 1968 2504 Non
2000 2472 2054 2514 fa·
2072 2462 2196 2485 creatu-

1168 2526 1227 2552 ciat
1247 2520 1302 2552 tibi
1325 2522 1454 2553 membra
1468 2545 1477 2560 ,
1497 2533 1565 2562 quae
1575 2533 1640 2554 cum
1653 2524 1930 2563 caeperintpraecidt'
1942 2546 1952 2561 ‚
1974 2523 2051 2555 dole·
2071 2513 2112 2535 ‘ae

1168 2570 1213 2602 bis
1227 2580 1317 2612 atque
1327 2571 1511 2603 cruciaberis.
1529 2571 1568 2604 Et
1583 2572 1617 2604 in
1631 2571 1722 2605 libris
1733 2572 1773 2605 de
1786 2572 1891 2605 libero
1901 2571 2053 2605 arbitrio:
2071 2563 2160 2586 amo'

1168 2619 1354 2653 Inbaeremus
1374 2632 1407 2652 ac
1428 2622 1614 2661 implicamur
1621 2619 1741 2663 ficbdtti
1749 2627 1791 2654 eis
1804 2622 1906 2662 rebus,
1916 2635 1990 2664 quas
2003 2634 2049 2653 no·
2070 2613 2149 2658 re-m.

1167 2669 1213 2702 bis
1221 2668 1361 2712 subditas
1375 2671 1425 2712 esse
1438 2679 1560 2711 oportet,
1574 2677 1644 2713 quia
1653 2678 1695 2703 ets
1706 2672 2049 2715 conglutinamur-‚atque
2070 2652 2144 2686 L¹b'
2162 2664 2188 2689 Ῑ·

1166 2720 1249 2752 velut
1261 2720 1393 2751 membra
1405 2726 1500 2752 animi
1504 2721 1640 2762 facimus
1651 2747 1660 2762 ,
1675 2724 1753 2764 quod
1756 2721 1792 2763 fir
1806 2724 1934 2754 amando
1944 2747 1953 2754 .
1982 2724 2045 2754 Ad·
2071 2714 2138 2759 cap.
2151 2714 2185 2749 4⁴

1165 2769 1284 2802 fixivus
1293 2780 1370 2813 ergo
1381 2780 1473 2803 amor
1484 2771 1526 2804 est
1541 2771 1609 2811 ille,
1619 2783 1685 2814 quo
1698 2772 1837 2814 poffeffis
1850 2774 1900 2805 seu
1915 2771 2044 2813 speratis
2068 2753 2159 2798 Qud
2185 2754 2221 2789 fit

1165 2819 1396 2861 temporalibus
1408 2819 1642 2860 rebus‚conrra
1659 2822 1754 2866 Regii
1770 2821 1933 2864 Prophetae
1956 2833 2042 2855 man·
2064 2815 2160 2859 amor

1165 2870 1277 2902 datum
1291 2893 1302 2908 ,
1322 2880 1379 2903 cor
1401 2872 1620 2913 apponimus,
1642 2884 1708 2915 quo
1729 2883 1783 2905 eas
1803 2873 1904 2905 menti
1927 2872 2044 2905 nostrae
2061 2851 2174 2886 adnm*

1163 2919 1418 2962 adglutinamus,
1430 2920 1462 2954 &
1476 2921 1561 2963 quasi
1576 2923 1717 2955 membra
1733 2923 1884 2961 facimus,
1900 2923 2040 2963 ideoque
2064 2914 2130 2936 ¹²⁰⁵·

1163 2968 1292 3011 perdere
1302 2980 1356 3003 aut
1373 2982 1440 3004 non
1451 2973 1582 3014 adipisci
1596 2982 1661 3004 non
1679 2973 1845 3014 possumus
1863 2972 1928 3005 line
1948 2971 2039 3005 dolo·
2059 2963 2126 3009 cap·
2140 2964 2173 2997 4'

1163 3029 1213 3051 re.
1243 3019 1526 3060 Ejusmodirerum
1540 3021 1666 3054 amiffio
1686 3021 1730 3054 est
1754 3023 1838 3065 quafi
1860 3023 1974 3055 animae
1999 3034 2039 3056 ex
2061 3002 2133 3036 [ὼ
2150 3015 2176 3038 ¹·

1161 3068 1451 3104 abscissomembro
1463 3071 1578 3103 vulnus
1591 3097 1601 3111 ‚
1613 3071 1748 3114 ideoque
1775 3071 1828 3105 illa
1853 3073 1960 3106 statim
1986 3083 2038 3116 ge·
2059 3063 2126 3097 ⁶³¹³*
2165 3065 2218 3100 ¹5¹

1162 3119 1260 3152 mitus
1273 3130 1328 3153 aut
1341 3121 1499 3163 lacrymas
1510 3120 1619 3154 fundit
1630 3122 1714 3164 quasi
1735 3123 1829 3155 suurn
1837 3124 1945 3166 sangui
1954 3133 2040 3162 nem,

1161 3178 1256 3211 atque
1270 3171 1312 3204 ita
1335 3170 1462 3215 indiget
1485 3171 1645 3204 medicina
1667 3173 1822 3205 officiosae
1843 3173 2039 3205 consolatio-

1162 3217 1228 3252 nis.
1256 3220 1310 3253 Est
1326 3219 1476 3262 Apostoli
1502 3220 1542 3254 ad
1564 3220 1759 3256 Corinthios
1779 3223 1936 3261 doctrina,
1951 3233 2038 3255 amo·

1163 3278 1210 3302 res
1223 3269 1300 3304 istos
1311 3271 1472 3313 eleganter
1487 3271 1636 3304 vocantis
1649 3272 1735 3315 ligna
1748 3295 1757 3310 ‚
1769 3274 1891 3306 soenum
1906 3295 1916 3310 ,
1941 3271 2039 3312 stipu-

1162 3319 1214 3352 las.
1237 3320 1366 3354 Divino
1381 3320 1491 3353 nostro
1501 3321 1714 3355 fundamento
1728 3322 1971 3365 superaedificata
1984 3321 2037 3354 seu

1160 3368 1292 3410 adfixa,
1323 3368 1465 3412 ideoque
1483 3381 1538 3414 per
1558 3373 1718 3414 poenalem
1744 3372 1810 3405 nati
1831 3383 1871 3403 ex
1895 3371 2037 3412 ipsmum

1161 3419 1330 3455 amiffione
1351 3420 1480 3456 doloris*
1498 3420 1611 3467 iguem
1643 3422 1826 3456 exurenda.
1853 3419 2043 3458 Istiusmodi.

1901 3480 1991 3505 amo·
