2366 3736
158 326 232 359 Seli.
257 325 287 361 6.

158 386 183 406 c.
212 381 245 412 6.

158 426 241 459 Can.
258 427 286 461 8-v

157 627 231 662 Sess.
257 636 299 675 14

154 689 179 712 c.
207 688 240 727 4.

141 2317 196 2353 Pr·
217 2326 294 2362 ¹27·

144 2471 208 2502 Set.
247 2465 299 2505 18.

145 2532 173 2551 c.
203 2516 231 2553 8.

148 2618 228 2660 Cap.
242 2628 299 2663 25.

147 2743 227 2786 Cap.
245 2753 295 2787 19.

153 3018 299 3061 Exponi-

151 3081 202 3102 tur
231 3069 270 3102 ti-

154 3131 226 3153 mor
247 3118 305 3152 ini-

152 3171 260 3205 tialis.

370 198 465 240 232

328 268 441 304 diceus
452 267 493 301 de
504 275 566 300 met
573 276 591 298 u
604 261 825 307 gehennarum
840 278 851 297 .-
865 263 1099 300 catechumeni
1113 269 1203 300 Divi·

330 317 519 363 naeJustitiae
530 320 633 346 timore
642 314 754 347 utiliter
770 320 972 348 concutiuntur
983 340 990 347 .
1018 317 1061 349 Et
1075 315 1201 350 iterum:

331 371 388 403 Per
394 367 538 412 gebennae
549 371 656 395 metum
667 363 712 395 ad
732 363 966 407 misericordiam
980 369 1038 398 Dei
1048 367 1086 399 de
1104 375 1202 408 pecca-

333 424 372 450 tis
387 415 507 449 dolendo
518 413 700 457 confugimus
714 416 726 450 ἓ
748 416 800 448 vel
808 417 827 450 ᾶ
846 418 993 457 peccando
1003 415 1180 454 abstinemus
1195 440 1201 447 .

330 467 371 499 Et
385 467 425 498 de
438 474 577 506 utroque
589 465 707 498 timore
717 465 810 499 simul
824 478 835 498 .·
864 472 986 499 Attritio
997 478 1035 500 ex
1043 465 1203 509 gehennae,

327 519 361 548 (τ
377 524 536 557 poenarum
549 537 560 553 ,
587 515 699 558 utique
713 516 939 558 temporalium
953 542 963 556 ,
990 527 1067 550 metu
1080 522 1203 558 concipi·

324 575 374 597 tur
392 589 400 597 .
429 565 471 598 Et
493 565 533 598 de
557 564 626 597 solo
649 565 877 608 temporalium
902 567 1063 601 malorum
1087 578 1176 600 metu
1190 580 1201 602 .-

301 652 306 657 .
323 618 379 649 Hoc
390 620 493 651 timore
509 614 618 647 utiliter
629 616 744 655 concuffl
756 619 912 650 Ninivitae
928 641 937 657 ,
964 618 1008 648 ad
1010 620 1041 660 J
1044 629 1107 650 onae
1114 626 1200 658 prae-

320 668 494 700 mention-cm
506 667 715 701 Poenitenttam
729 674 848 709 egerunt
857 691 864 698 .
882 666 946 699 Eos
958 667 1027 700 solo
1041 678 1197 710 tempora·

320 716 402 751 lium
416 716 575 751 malorum
589 725 643 759 per
667 716 792 760 Regem
818 718 982 749 intentato
1003 728 1091 750 metu
1105 718 1198 753 fuisse

318 766 492 808 concussos
503 767 601 800 docet
613 764 739 800 adsidue
750 766 880 801 Sanctus
904 767 1126 810 Augustinus.
1157 767 1197 804 Et

319 815 374 852 hic
400 815 444 849 est
471 826 645 860 germanus
654 826 692 849 ac
704 820 849 858 proprius
862 817 1004 856 fructus,
1030 828 1126 858 quem
1141 829 1196 860 per

316 867 459 908 adjectos
483 867 657 909 Decalogo
670 876 802 901 terrores
824 876 990 900 extortum
1012 867 1197 901 carnalibus

316 916 430 963 Judaeis
443 917 544 949 voluit
557 916 638 948 olim
661 915 783 950 Divina
807 916 961 959 Majesias
977 929 984 949 ε
1011 917 1076 950 Eos
1091 917 1194 952 voluit

314 967 487 1003 concussos
497 990 508 1009 ².
535 976 631 1009 atque
646 966 689 1002 ita
703 966 742 1000 ad
755 965 821 1008 ejus
833 966 1094 1009 omnipotentem
1110 992 1119 1007 ,
1131 968 1195 1001 sine

313 1029 377 1060 qua
389 1017 453 1061 legi
479 1013 693 1059 adimplendae
718 1017 749 1049 se
773 1018 983 1060 agnoscerent
1006 1017 1171 1051 invalidos
1184 1042 1194 1058 ‚

312 1066 566 1103 misericordiam
590 1067 744 1109 compelli
767 1067 800 1103 ἀ
827 1068 1002 1103 accelerare
1016 1092 1023 1099 .
1051 1067 1105 1100 Est
1131 1077 1194 1100 ma-

309 1128 397 1163 gnus
409 1117 464 1151 ille
477 1117 593 1153 fruetus
604 1140 614 1157 ,
629 1127 668 1149 ex
678 1127 743 1158 quo
756 1116 934 1159 Apostolus
948 1118 1053 1161 legem
1065 1118 1110 1150 ait
1120 1118 1192 1150 fuis-

309 1166 342 1199 se
352 1166 497 1204 nostrum
507 1191 518 1206 ,
529 1166 585 1207 qui
597 1166 770 1202 terroribus
781 1167 820 1202 ad
832 1165 997 1201 Christum
1007 1167 1192 1201 Dominum

308 1216 341 1253 ἀ
354 1215 486 1259 Justitiae
497 1215 703 1252 dilectionem
716 1227 848 1259 cogeret
860 1241 870 1256 ‚
897 1217 1112 1261 paedagogum
1123 1241 1130 1253 .

360 1267 402 1300 Et
425 1266 503 1299 hinc
524 1275 610 1307 patet
630 1265 670 1299 ad
691 1265 847 1299 famosam
871 1267 1077 1312 quaestionem
1091 1291 1101 1307 ,
1131 1265 1187 1300 An

311 1316 467 1351 servilitas
477 1315 495 1351 ὲ
506 1315 633 1351 timoris
649 1316 769 1352 servilis
782 1315 955 1352 substantia
967 1316 1187 1361 distinguatur

307 1379 346 1402 ac
361 1366 496 1408 separari
510 1365 622 1407 postit,
649 1367 811 1408 optimum
826 1368 887 1399 elie
903 1366 1055 1411 Angelici
1068 1368 1187 1401 Dosto-

307 1418 352 1453 ris
367 1416 572 1458 Responsum
596 1426 604 1449 z
633 1416 664 1448 Si
672 1413 899 1459 ftrvilitaseffiet
916 1418 952 1449 de
963 1423 1077 1450 ratione
1099 1423 1185 1449 timo·-

306 1476 351 1500 n's
358 1464 482 1509 servilis
497 1488 508 1507 2
531 1473 675 1507 oporteret
685 1467 765 1507 quod
774 1472 864 1499 timor
873 1465 997 1509 servilis
1007 1466 1186 1512 effetfimpli-

305 1523 378 1553 citet
389 1517 499 1549 malus.
529 1516 740 1556 sedpraedic‘la
761 1515 916 1559 servilitas
928 1528 985 1552 non
1003 1523 1137 1559 per-tinet
1147 1518 1190 1549 ad

299 1567 430 1611 speciem
443 1571 558 1598 timoris
566 1563 709 1607 servilis,
733 1565 806 1606 ficut
821 1578 872 1600 nec
884 1566 1059 1607 informitas
1072 1568 1116 1599 ad
1121 1565 1186 1609 spe·

305 1623 379 1651 ciem
387 1617 458 1659 fidei'
468 1615 604 1657 informis
616 1639 629 1656 ,
653 1616 686 1648 (9
700 1617 765 1648 ide&
775 1621 863 1649 timor
884 1615 1006 1658 servills
1029 1615 1187 1658 secundum
1209 1615 1211 1618 ”

301 1666 389 1713 suam
405 1664 603 1712 substanttam
626 1665 717 1699 bonus
729 1665 766 1704 est
779 1689 790 1705 ,
810 1665 870 1709 sed
882 1667 1045 1709 servilitas
1068 1669 1133 1706 ejus
1149 1666 1187 1706 est

304 1718 388 1751 mala
400 1741 410 1752 ,
439 1715 603 1750 Servilitas
625 1715 670 1748 est
695 1713 792 1748 faedus
819 1716 875 1750 ille
897 1717 1000 1750 animi
1024 1716 1166 1751 adfectus
1177 1739 1188 1756 ‚

308 1778 378 1808 quo
389 1765 464 1811 quis
474 1766 509 1797 in
529 1764 619 1797 bono
632 1775 728 1807 opere
739 1773 867 1800 tenetur
880 1765 1004 1800 invitus
1014 1789 1026 1805 ,
1051 1777 1121 1809 quo
1134 1777 1187 1799 cu-

305 1816 459 1860 piditates
482 1816 555 1848 suas
576 1813 674 1850 vellet
699 1825 759 1847 nec
783 1813 949 1857 prohiberi
973 1826 1031 1848 nec
1057 1815 1162 1858 puniri
1176 1838 1185 1853 ,

306 1877 375 1909 quo
386 1865 500 1898 omnia
513 1864 568 1897 sibi
584 1863 674 1898 libita
688 1865 782 1898 vellet
793 1865 825 1898 &
839 1864 941 1899 licita.
974 1864 1031 1898 Est
1046 1874 1155 1899 motus
1170 1864 1186 1897 ἐι

307 1916 427 1950 timore
441 1926 507 1947 non
523 1914 625 1949 solum
639 1914 782 1948 diversus
792 1938 803 1953 ‚
830 1914 881 1948 sed
894 1915 925 1951 ὅ(
936 1914 1097 1948 adversus:
1131 1913 1187 1947 Al-

308 1975 356 2000 tet
369 1966 459 2001 enim
470 1964 715 2006 concupiscit&
728 1975 850 2008 pugnat
862 1964 896 1998 iu
921 1965 1055 2000 alterum
1067 1977 1081 2006 ;
1109 1965 1188 1998 alter

309 2016 445 2051 alterurn
457 2040 466 2055 ,
494 2014 569 2050 licet
584 2026 650 2048 non
666 2016 863 2058 extinguat,
889 2014 1065 2057 compescit
1077 2025 1186 2049 tamen

309 2067 345 2100 ἀ
358 2067 488 2099 fraenat.
515 2065 726 2111 Qapropter
740 2064 923 2099 servilitasa
937 2064 1042 2100 servili
1067 2066 1187 2099 timore

310 2117 343 2149 &
358 2115 642 2159 separariomnino
655 2114 757 2157 potest
770 2137 781 2153 ,
807 2115 840 2148 &
855 2126 908 2157 per
919 2113 1111 2149 charitatem
1125 2115 1185 2157 ple·

311 2165 355 2199 ne
369 2167 543 2208 separatur.
609 2176 680 2198 arare
694 2164 922 2207 moestarum
936 2164 1086 2197 Thomas
1098 2164 1189 2196 servi-

312 2215 377 2248 lem
390 2217 542 2250 timorem
553 2214 597 2247 ait
609 2213 670 2248 esse
683 2226 750 2248 non
762 2213 931 2249 dumtaxat
944 2213 1058 2248 utilem
1081 2213 1132 2247 sed
1155 2211 1207 2260 &l

313 2263 489 2300 substantia
501 2264 630 2298 bonum
645 2288 652 2295 .
682 2263 845 2305 Loquitur
856 2274 932 2298 cum
943 2264 1062 2298 Sancto
1076 2261 1208 2307 Augu-l

314 2315 400 2348 stino
413 2315 447 2348 in
459 2314 662 2349 enarratione
675 2313 878 2347 psalmorum
891 2325 898 2344 :
926 2315 1029 2347 Bonus
1042 2312 1079 2351 est
1096 2313 1145 2352 iste
1156 2318 1190 2346 ti-

314 2376 377 2397 mor
388 2389 396 2397 .
428 2365 469 2397 Et
482 2362 729 2399 insermonibus
742 2363 782 2396 de
807 2362 910 2397 verbis
925 2362 1079 2406 Apostoli
1093 2362 1190 2396 docet

314 2413 481 2462 gehennas
505 2425 564 2447 nec
588 2411 831 2447 vanenecmale
847 2414 978 2453 timeri,
1004 2414 1037 2446 <Sc
1058 2413 1190 2447 conclu·

315 2466 364 2499 dit
374 2478 384 2497 .-
418 2464 514 2496 ΡΙιυιέγ
523 2469 593 2495 time
606 2487 615 2501 ‚
643 2462 719 2494 nihil
730 2464 830 2495 melius
840 2468 925 2495 times
938 2487 949 2502 ‚
976 2462 1054 2495 nihil
1062 2461 1098 2501 est
1110 2463 1191 2505 quod

315 2521 410 2558 magis
433 2520 533 2546 timere
555 2512 679 2545 debeas.
710 2512 752 2544 Et
774 2513 808 2545 in
824 2511 1024 2546 Encheridio
1042 2513 1209 2737 adfirmat*

315 2563 485 2597 hominem
500 2564 640 2606 primum
654 2587 664 2603 ,
691 2562 724 2595 in
735 2573 801 2606 quo
814 2562 921 2596 nullus
933 2563 996 2596 fuit
1010 2574 1076 2597 non
1091 2564 1192 2597 restus

317 2626 445 2653 motus,
471 2614 488 2647 a
503 2615 576 2647 Deo
591 2613 631 2646 sic
643 2622 853 2648 muneratum
881 2612 971 2646 fuiffe
991 2612 1096 2647 libero
1113 2612 1192 2646 arbi-

317 2668 380 2699 trio
395 2689 406 2705 ,
434 2674 469 2698 ut
483 2674 589 2698 tamen
601 2661 910 2707 regereturimperio
923 2687 934 2703 ,
958 2674 995 2697 ac
1008 2673 1073 2698 tam
1087 2663 1193 2707 primae

317 2724 416 2758 quam
429 2714 574 2748 secundae
586 2713 699 2747 mortis
710 2712 813 2747 exitio
826 2723 1000 2748 terreretur.
1011 2713 1053 2748 Et
1069 2711 1145 2746 hinc
1158 2713 1195 2747 il·

317 2766 385 2799 lum
398 2777 465 2799 non
477 2765 580 2798 solum
592 2763 657 2799 fide
668 2787 679 2803 ,
692 2764 744 2806 spe
755 2762 952 2797 &charitate
965 2765 1058 2797 fuisse
1068 2775 1121 2806 per
1135 2774 1193 2806 pec

317 2825 440 2855 catum,
452 2815 505 2850 sed
519 2816 552 2848 ὃς
564 2814 786 2859 gehennarum
800 2822 887 2846 metu
901 2813 1071 2856 spoliatum
1087 2813 1193 2846 scribit

316 2866 430 2899 diserte
448 2866 578 2899 sanctus
593 2864 726 2906 Prosper
747 2863 780 2898 in
793 2861 876 2896 libro
888 2863 1037 2896 adversus
1049 2864 1192 2897 Collato-

318 2927 384 2948 rem
397 2939 404 2947 .
421 2915 573 2948 Attamen
587 2912 640 2948 hic
652 2914 752 2948 timor
763 2924 830 2946 non
847 2912 908 2947 fuit
922 2913 1195 2958 servili8,ideoque

318 2965 386 3006 ejus
397 2963 525 3001 bonitas
540 2976 604 2997 non
620 2963 713 3007 plene
727 2963 813 3006 juvat
825 2973 890 2996 rem
913 2964 1117 3004 praesentem.

373 3014 546 3047 Audienda
559 3012 610 3047 hic
624 3015 699 3048 item
713 3015 786 3048 sunt
798 3024 888 3046 mens
897 3014 926 3047 S.
941 3011 1078 3046 Thomae
1089 3014 1121 3046 <Sc
1133 3024 1196 3047 ver-

321 3062 359 3096 ba
372 3065 411 3097 de
424 3065 542 3097 timore
554 3064 672 3097 initiali
693 3076 700 3095 :
726 3067 822 3096 Timor
832 3063 956 3096 initialis
978 3074 1015 3095 ex
1026 3075 1056 3097 eo
1067 3065 1174 3096 dicitur
1183 3088 1195 3104 ,

322 3115 402 3156 quod
419 3112 455 3152 est
468 3118 581 3145 initium
597 3138 603 3144 .
632 3115 690 3146 sed
697 3115 759 3145 cum
773 3116 806 3147 Θ
823 3119 909 3146 timor
917 3111 1039 3154 servilis
1064 3115 1194 3146 &timor

318 3164 422 3207 filialis
441 3161 499 3203 sint
511 3164 607 3204 aliquo
628 3164 710 3195 modo
721 3170 841 3196 initium
860 3161 1015 3207 sapientia
1032 3187 1042 3202 ,
1070 3173 1193 3206 uterque

318 3213 410 3256 potest
422 3213 522 3254 aliquo
532 3213 612 3244 modo
625 3214 682 3245 dici
699 3215 842 3246 initialis.
874 3214 934 3247 Sed
939 3212 978 3253 Jt'c
989 3224 1045 3245 non
1053 3218 1195 3254 accipitur·

324 3264 452 3297 initialis
469 3261 630 3304 secundum
655 3264 731 3303 quod
761 3263 944 3308 distinguitur
973 3265 992 3295 ei
1015 3269 1117 3295 timore
1132 3263 1194 3307 ser-

324 3316 380 3347 vili
393 3315 425 3347 Θ·
441 3312 548 3355 filiali,
571 3310 623 3353 sed
645 3318 782 3353 accipitur
798 3313 958 3356 secundum
980 3315 1060 3355 quod
1077 3322 1208 3361 compe-i

324 3370 365 3397 tit
383 3363 478 3404 status
491 3367 693 3403 incipientium
705 3386 714 3400 ‚
740 3369 771 3394 in
784 3363 884 3404 quibus
899 3362 1049 3396 inchoatur
1070 3365 1194 3405 quidam

325 3420 410 3445 timor
423 3424 477 3456 per
487 3411 698 3445 inchoationem
709 3411 884 3445 charitatis.
913 3418 985 3446 Non
998 3423 1099 3446 tamen
1124 3397 1208 3453 mesti

326 3469 366 3499 eis
379 3469 465 3495 timor
473 3463 577 3504 filialis
586 3461 718 3504 perfec‘li
729 3486 737 3501 ,
761 3467 830 3503 quia
844 3465 971 3495 nondum
986 3456 1208 3509 per¹1renerrsm¹¹¹

326 3514 370 3549 ad
380 3513 587 3556 perfec‘lionem
608 3511 783 3546 charitatis.
812 3515 856 3544 Et
869 3514 933 3547 ideo?
955 3519 1041 3548 timor·
1062 3514 1193 3548 initialis

1215 342 1222 382 1

886 180 1301 228 Dissenrtirlo
1348 182 1763 230 DOGMAricA.

1266 264 1315 298 hoc
1324 267 1406 301 modo
1412 266 1445 310 se
1459 267 1547 303 habet
1559 270 1604 303 ad
1609 269 1734 311 filialem
1744 294 1754 310 ,
1768 267 1840 311 ficut
1850 271 1980 307 ebaritas
1987 273 2135 316 persec'lae

1265 317 1309 348 ad
1314 317 1517 359 imper-sellam
1529 343 1536 350 .
1563 319 1707 352 Charitas
1721 328 1821 354 autem
1828 322 1963 363 perfode
1976 325 2009 359 (5
2022 331 2131 366 imper-

1257 364 1342 409 fec‘la
1356 379 1412 399 non
1422 367 1564 408 differunt
1572 367 1729 411 secundum
1742 371 1890 412 essentiam
1902 395 1912 411 ,
1922 372 1978 418 sed
1986 373 2079 416 Jblum
2085 372 2131 416 se-

1262 417 1522 457 cundumstatum.
1550 421 1595 451 Et
1606 420 1670 452 ide&
1685 422 1842 455 dicendum
1854 420 1891 460 est
1903 445 1913 460 ‚
1939 425 2016 464 quod
2036 430 2129 458 etiam

1263 472 1350 501 timor
1361 469 1486 500 initialis
1502 493 1511 506 ,
1520 477 1605 508 prout
1616 468 1799 511 hiesumt’tur
1814 495 1825 510 ,
1850 481 1908 505 non
1920 471 2132 514 differtsecun-

1263 517 1333 552 diem
1355 519 1501 560 essentiam
1512 521 1531 553 ἁ
1542 524 1645 553 timore
1652 519 1742 565 filiali
1754 545 1761 552 .
1792 521 2067 564 Compendiofius
2076 534 2129 558 ex-

1262 568 1357 608 ponit
1369 567 1481 604 Petrus
1490 569 1712 614 Pistavienli33
1729 573 1860 605 Initialls
1870 579 1958 606 timor·
1970 572 2008 611 est
2017 596 2028 612 ,
2042 583 2133 615 quan-

1261 617 1298 650 do
1309 614 1389 650 homo
1398 619 1481 660 ceffat
1506 621 1526 653 ἃ
1533 627 1650 660 peccato
1656 626 1774 661 pamm
1788 628 1912 657 virtutis
1925 633 2022 657 amore
2032 646 2043 661 ,
2063 630 2132 665 par-

1261 672 1315 697 tim
1329 667 1495 707 formidine
1503 678 1602 710 poenae
1613 694 1620 701 .
1648 669 1703 702 Est
1714 681 1793 715 ergo
1805 672 1884 716 quid
1906 685 1947 707 ex
1963 673 2068 707 servili
2093 683 2130 706 ac

1261 717 1350 753 filiali
1363 718 1503 754 mixtum
1524 731 1532 750 ι
1552 719 1608 753 Est
1624 719 1746 754 servilis
1762 744 1774 760 ,
1797 722 1852 764 qui
1865 720 2059 758 charitatem
2073 722 2134 755 im-

1261 768 1427 809 perfectam
1443 792 1453 807 ,
1464 780 1594 812 unaque
1605 769 1645 803 ab
1657 770 1712 804 illa
1724 771 1971 815 inseparabilem
1980 798 1990 813 ,
2008 773 2040 806 &
2052 773 2135 806 adae·

1260 816 1354 860 quate
1377 820 1498 862 semper
1508 820 1803 855 commensuratum
1821 821 1953 855 filialem
1979 824 2132 857 timorem

1260 868 1441 902 introduxit
1455 893 1463 901 .
1492 869 1547 903 Est
1561 870 1662 904 timot
1686 883 1739 913 per
1765 871 1984 906 introductam
2008 872 2132 914 sapien·

1258 916 1337 953 tiam
1353 919 1404 952 seu
1416 918 1609 955 charitatem
1630 921 1648 953 a
1662 921 1837 956 servilitate
1848 931 2003 966 purgatus
2017 944 2025 952 .
2051 920 2131 955 Hoc

1259 967 1437 1003 locutionis
1457 981 1559 1013 genus
1572 971 1604 1004 in
1619 970 1819 1006 Christian-'ts
1843 970 1968 1006 scholas
1982 971 2134 1005 introdu-

1258 1015 1305 1049 xit
1316 1017 1430 1051 Petrus
1443 1020 1647 1054 Lombatdus
1671 1033 1678 1052 ε
1703 1019 1793 1055 Ante
1806 1022 1909 1064 ipsum
1923 1033 2022 1056 nemo
2034 1019 2129 1055 istam

1257 1078 1295 1099 ex
1308 1065 1433 1110 duplici
1446 1068 1561 1104 timore
1573 1071 1749 1106 mixturam
1761 1071 1887 1106 videtur
1899 1074 2022 1107 vocasse
2032 1073 2132 1107 timo·

1257 1127 1323 1151 rem
1336 1117 1496 1155 initialem
1511 1144 1518 1154 .

1371 1217 1744 1257 CAPUT
1840 1221 2011 1263 1111.

1312 1322 1487 1361 Exponitur
1512 1325 1603 1352 varia
1628 1321 1746 1354 utilitas
1773 1322 1888 1356 timoris
1911 1319 2036 1366 servills
2050 1342 2061 1352 .

1325 1414 1457 1453 Rimarn
1468 1420 1590 1453 servilis
1601 1419 1730 1454 timoris
1741 1418 1917 1455 utilitatem
1929 1419 1994 1463 jam
2006 1418 2130 1454 audivi-

1349 1479 1421 1502 mus
1433 1470 1451 1502 a
1462 1469 1656 1503 sacrosancta
1669 1469 1869 1504 Tridentina
1882 1469 2021 1515 Synodo
2043 1495 2052 1503 .
2070 1471 2130 1503 Per
2146 1455 2221 1489 sem
2261 1454 2297 1491 ⁶·

1245 1516 1393 1560 gebennae
1403 1528 1511 1551 metum
1524 1521 1544 1551 ἂ
1551 1519 1702 1562 peccanda
1715 1518 1894 1559 abstinemus
1907 1545 1915 1553 .
1942 1521 1975 1554 A
1989 1520 2131 1564 peccatis
2145 1503 2232 1539 cm·
2264 1502 2299 1543 8·

1252 1567 1394 1602 externis
1407 1570 1504 1601 Timor
1516 1569 1568 1609 iste
1579 1593 1590 1609 ‚
1601 1569 1708 1614 inquit
1720 1570 1756 1603 in
1767 1569 1970 1604 sermonibus
1984 1570 2025 1602 de
2039 1569 2128 1613 Apo·

1252 1616 1325 1651 stoli
1341 1617 1446 1651 verbis
1459 1619 1583 1653 sanetus
1597 1619 1803 1661 Augustinus
1814 1644 1826 1660 ,
1845 1630 1901 1662 quo
1908 1618 2078 1663 gebennam
2089 1624 2125 1652 tt·
2150 1606 2200 1641 ¹8·
2226 1615 2253 1637 ⁰·
2266 1601 2297 1641 8·

1251 1677 1312 1698 mes
1327 1689 1337 1705 ,
1355 1668 1390 1702 <5
1404 1668 1469 1700 idea
1480 1668 1562 1701 mala
1573 1668 1719 1709 nonfacae's
1733 1693 1742 1707 ,
1767 1675 1894 1702 continet
1906 1679 1937 1703 te
1948 1693 1959 1709 ‚
1972 1669 2005 1701 Θ
2011 1668 2052 1709 fic
2078 1680 2126 1702 vo·

1249 1717 1359 1751 lentem
1377 1725 1498 1758 peccare
1519 1724 1652 1750 animum
1675 1724 1844 1752 interiorem
1866 1730 1923 1751 non
1940 1717 2013 1759 finit
2026 1743 2034 1750 .
2073 1718 2128 1758 Est

2147 524 2184 561 L-
2211 536 2240 574 3.

2146 587 2173 609 c.
2207 585 2259 621 17.

2146 1555 2243 1589 Serm.

2146 1653 2280 1711 Gehen-

2146 1714 2194 1737 nae
2220 1714 2266 1737 ti-

2360 1690 2366 1763 l

1251 1772 1330 1798 enim
1355 1768 1479 1809 quidam
1500 1767 1589 1807 custos
1602 1773 1689 1801 timor
1701 1792 1712 1807 ,
1731 1767 2002 1812 quasipaedagogus
2025 1769 2099 1812 legis
2115 1791 2127 1807 ,
2144 1763 2216 1786 ‘¹¹⁰¹'
2240 1764 2299 1787 ω’
2355 1765 2366 1773 ‘¹

1252 1816 1308 1858 qui
1331 1815 1429 1850 debet
1442 1827 1577 1859 puerum
1598 1820 1675 1851 non'
1690 1817 1862 1853 dumtaxat
1873 1819 1914 1852 ad
1939 1818 2126 1861 magistrum

1252 1866 1370 1898 ducere
1382 1889 1393 1906 ‚
1417 1866 1468 1898 sed
1480 1867 1514 1900 ὅ(
1526 1867 1592 1906 ejus
1614 1867 1776 1901 carnalem
1799 1867 1946 1901 animum
1957 1866 2000 1900 ab
2025 1866 2128 1902 adim·
2145 1853 2294 1910 peccas*

1254 1913 1378 1957 piendis
1399 1915 1631 1957 cupiditatibus
1641 1914 1812 1951 cohibere.
1839 1916 1958 1951 Latius
1969 1914 2035 1950 haec
2060 1917 2127 1951 elu-
2142 1911 2294 1936 exoe‘ms·

2144 1950 2226 1997 Cap.
2262 1949 2294 1988 8.

1253 1965 1338 1997 cidat
1351 1964 1382 1996 in
1392 1965 1509 1999 eodem
1521 1967 1668 2000 sermone
1682 1979 1692 2000 .·
1706 1970 1750 1999 Et
1763 1967 1840 2000 latro
1850 1971 1934 2000 timet
1946 1968 2058 1999 malum
2070 1990 2082 2005 ,
2091 1967 2126 2001 ὀ·

1253 2014 1304 2046 ubi
1316 2025 1372 2046 non
1382 2014 1475 2056 potest
1487 2039 1498 2055 ,
1510 2027 1569 2048 nan
1577 2015 1661 2056 facit
1673 2039 1684 2056 ‚
1707 2018 1740 2048 6’
1749 2025 1851 2049 tamen
1860 2017 1941 2051 latre
1952 2016 1991 2057 <st
2000 2041 2009 2049 .
2043 2019 2124 2050 Deus

1252 2074 1298 2095 cor
1309 2069 1474 2107 interrogat
1483 2088 1493 2103 ,
1519 2077 1577 2098 non
1597 2077 1718 2100 manum
1729 2091 1737 2100 .
1764 2069 1871 2108 Lupus
1883 2071 1968 2100 verm
1989 2068 2034 2100 ad
2049 2067 2126 2099 ovile

1253 2118 1351 2146 ovium
1366 2138 1377 2154 ‚
1397 2121 1507 2155 quaerir
1521 2117 1685 2156 invadere,
1700 2117 1841 2159 jugulare
1850 2141 1861 2156 ,
1881 2118 2028 2149 devorare
2040 2140 2048 2149 .
2076 2119 2127 2149 Vt·

1247 2165 1347 2206 gilant
1362 2165 1491 2204 pastores
1505 2189 1515 2205 ,
1543 2167 1661 2198 latrant
1672 2177 1762 2199 canes
1774 2192 1785 2206 ‚
1811 2166 1890 2200 nibil
1894 2172 2006 2208 poterit
2017 2189 2028 2205 ,
2050 2164 2126 2199 nibil

1252 2212 1354 2253 aufert
1366 2238 1376 2252 ,
1389 2225 1445 2245 non
1458 2216 1561 2248 occidit
1570 2226 1580 2254 ⁴,
1587 2213 1645 2256 sed
1653 2225 1754 2249 tamen
1765 2218 1854 2256 lupus
1866 2221 1949 2251 venit
1960 2239 1970 2255 ‚
1980 2218 2069 2257 lupus
2080 2226 2127 2250 re-

1252 2262 1298 2294 dit
1308 2286 1316 2294 .
1345 2265 1499 2305 Nunqui'd
1519 2270 1590 2305 quia
1599 2275 1684 2297 ovem
1697 2275 1756 2298 non
1768 2267 1839 2297 tulit
1849 2289 1860 2306 ‚
1886 2266 1951 2298 idea
1965 2267 2053 2306 lupus
2074 2276 2128 2298 ve-

1253 2317 1298 2344 nit
1311 2337 1321 2352 ,
1337 2314 1370 2346 (9·
1380 2320 1446 2345 ovis
1461 2315 1551 2346 rediit
1568 2314 1584 2344 ,ἲ
1605 2317 1708 2355 Lupus
1723 2320 1806 2348 venit
1812 2313 1950 2355 fremens
1961 2337 1972 2353 ‚
1981 2315 2071 2355 lupus
2083 2324 2126 2346 re·

1253 2364 1299 2393 dit
1313 2372 1445 2396 tremens
1458 2387 1468 2402 ,
1483 2366 1569 2405 lupus
1581 2363 1617 2403 est
1631 2372 1731 2398 tamen
1743 2365 1777 2399 C?
1780 2363 1920 2405 fremens
1932 2365 1967 2398 ὁ·
1977 2372 2109 2397 tremens
2117 2385 2126 2394 .

1257 2412 1402 2446 Eandem
1426 2413 1465 2446 ad
1477 2412 1616 2448 formam
1637 2413 1672 2447 in
1687 2413 1804 2458 quinto
1821 2413 1952 2448 decimo
1976 2414 2125 2447 sermone
2142 2429 2223 2475 Cap·
2265 2429 2298 2467 5·

1254 2462 1357 2501 utitur
1370 2463 1521 2506 exemplo
1533 2463 1655 2498 leonis.
1687 2463 1923 2498 Gehennarum
1936 2472 2060 2497 metum
2071 2461 2124 2497 di·

1253 2512 1298 2544 cit
1311 2510 1373 2547 effe
1383 2523 1526 2552 catenas,
1537 2515 1721 2554 cataractas,
1732 2515 1848 2547 ferreos
1861 2512 2048 2555 compedes,
2058 2513 2127 2558 qui·

1255 2561 1312 2594 bus
1325 2572 1424 2604 pravae
1437 2587 1447 2602 ,
1462 2562 1594 2607 Regum
1609 2564 1780 2604 praesertim
1795 2573 1832 2596 ac
1846 2563 2046 2607 Magnatum
2067 2560 2128 2596 hu-

1255 2622 1366 2644 manas
1378 2612 1465 2656 leges
1475 2623 1531 2646 aut
1543 2610 1698 2647 vindictas
1711 2624 1777 2647 non
1793 2612 2007 2646 metuentium
2018 2637 2028 2653 ,
2038 2612 2130 2656 cupi-

1254 2660 1370 2695 ditates
1388 2662 1472 2696 intra
1482 2662 1589 2698 cordis
1598 2662 1736 2697 claustra
1749 2687 1760 2704 ,
1780 2673 1934 2705 tanquam
1948 2662 2033 2697 intra
2058 2662 2127 2696 suas

1254 2722 1367 2745 caveas
1380 2722 1437 2747 aut
1448 2712 1544 2747 fossas
1558 2712 1639 2755 lupi,
1650 2713 1761 2747 leones
1770 2737 1780 2754 ‚
1792 2711 2029 2746 tumultuantes
2041 2722 2128 2754 aquae

1255 2772 1445 2797 coercentur
1455 2787 1462 2795 .
1476 2765 1637 2797 Poenarum
1648 2763 1855 2805 timoninquit
1866 2762 2030 2806 eleganter
2041 2762 2076 2795 in
2090 2761 2126 2795 li-

1257 2811 1321 2845 bris
1331 2813 1372 2847 de
1386 2811 1450 2847 vita
1460 2813 1714 2856 contemplativa
1726 2812 1871 2857 Julianus
1881 2811 2126 2852 Pomerius,pec-

1256 2873 1322 2895 care
1334 2863 1464 2897 volentes
1475 2864 1603 2896 deterret
1612 2865 1632 2895 ὰ
1643 2864 1766 2902 malon&
1778 2866 1890 2896 invitos
1901 2871 1979 2896 tenet
1990 2866 2023 2893 in
2033 2861 2104 2893 bono
2115 2884 2123 2893 .

1308 2913 1420 2946 Altera
1445 2913 1568 2948 servilis
1580 2913 1708 2947 timoris
1729 2913 1855 2947 utilitas
1866 2911 1912 2947 est
1921 2936 1932 2952 ‚
1954 2911 2042 2954 quod
2056 2921 2128 2945 non.

1257 2961 1359 2996 solum
1373 2973 1505 2998 externa
1516 2973 1647 3008 peccata
1658 2987 1669 3002 ‚
1692 2963 1743 2997 sed
1754 2963 1788 2998 δε
1801 2963 1990 2997 inveteratas
2001 2961 2100 2995 etiam
2112 2984 2122 3000 ‚

2143 1812 2230 1836 ercet
2254 1803 2274 1836 ὲ

2144 2011 2174 2048 9.

2142 2781 2180 2815 L.
2203 2796 2238 2832 3.
2288 2767 2290 2770 >

2140 2843 2168 2866 C·
2189 2843 2247 2878 41.

2140 2954 2273 2991 Gehen-

1259 3012 1316 3046 sub
1328 3012 1447 3055 quibus
1464 3023 1630 3058 tamquam
1645 3012 1702 3048 sub
1712 3011 1827 3058 grandi
1839 3011 1946 3054 lapide
1957 3010 2061 3045 homo
2074 3011 2122 3043 se-
2138 3018 2188 3040 nae
2211 3005 2250 3041 ti·
2278 3028 2282 3031 -

1258 3062 1365 3105 pultus
1374 3062 1456 3105 jacet
1469 3064 1503 3097 &
1515 3065 1606 3101 foetet
1618 3064 1760 3107 ipsorum
1772 3061 2026 3096 consuetudines
2036 3061 2124 3095 aufe·
2139 3067 2212 3090 mot
2230 3065 2291 3089 ²11·
2323 3067 2345 3090 ’ψ

1256 3123 1303 3145 rat
1326 3124 1363 3145 ac
1374 3113 1532 3147 eradicet.
1561 3113 1692 3148 Etenim
1702 3113 1743 3146 de
1765 3112 1994 3155 temporalium
2016 3110 2122 3144 malo·
2138 3107 2199 3140 fert
2225 3115 2290 3138 ma·
2315 3119 2334 3148 ⁴.

1256 3172 1326 3195 rum
1347 3162 1465 3196 timore
1478 3163 1585 3197 scribit
1595 3163 1636 3197 ad
1649 3162 1863 3197 Vincentium
1879 3161 2121 3206 Rogatistarum
2137 3156 2183 3189 1²8
2214 3165 2292 3189 00¹²·
2309 3192 2312 3196 .

1256 3211 1514 3247 Cortennensem
1528 3214 1562 3248 in
1575 3211 1774 3248 Mauritania
1789 3211 1986 3255 Episcopum
1999 3212 2122 3244 sanstus
2138 3202 2281 3238 suetudi-

1257 3262 1460 3306 Augustinus
1479 3277 1490 3296 .·
1513 3268 1654 3299 Homines
1670 3260 1833 3304 salubriter
1846 3268 1977 3301 excutit,
2001 3271 2035 3294 ut
2046 3270 2121 3297 tam·
2138 3266 2193 3288 nes
2206 3278 2214 3286 ·

1253 3323 1341 3354 quam
1364 3314 1400 3345 de
1408 3311 1512 3356 somno
1530 3312 1686 3362 lethargico
1709 3322 1884 3355 emergant,
1909 3314 1985 3346 &in
1994 3309 2120 3353 salutem
2139 3304 2198 3348 Ep.
2233 3298 2290 3351 48·

1254 3364 1397 3405 evigilent
1409 3388 1416 3394 .
1443 3358 1503 3396 Per
1515 3374 1590 3396 eum
1603 3362 1684 3396 dicit
1707 3363 1868 3405 plurimos
1879 3359 2070 3396 Donatistas
2081 3356 2120 3390 ab

1256 3413 1432 3446 inveterata
1453 3413 1486 3447 ἀ
1500 3413 1584 3455 quasi
1598 3411 1812 3456 incorrigibili
1835 3409 2002 3446 facinorosi
2024 3407 2123 3441 schis-

1254 3462 1349 3495 matis
1381 3462 1558 3506 pertinacia
1590 3462 1755 3506 evigilasse
1773 3486 1784 3502 ,
1815 3463 1849 3496 &
1870 3461 1961 3494 vivos
1981 3457 2021 3492 ad
2044 3457 2122 3491 Ma‹

1254 3523 1334 3547 trem
1351 3513 1524 3548 Ecclesiam
1535 3511 1659 3548 rediisse
1670 3537 1679 3546 .
1707 3511 1940 3548 Geheuuarum
1958 3507 2058 3592 timor
2074 3506 2121 3566 est

2012 3567 2100 3604 ongo
