2366 3736
610 102 696 154 DE
731 106 994 153 S1MON1A
1031 107 1594 156 MONAsTcRroRtJM.
1940 120 2008 167 69

234 197 347 235 nimin
360 195 474 240 fcrIpta
486 192 527 230 ad
539 191 672 230 Petrum
696 191 890 227 officiorum
911 191 1108 235 Magistrum

234 252 323 294 Lege
336 246 438 281 sancit
452 245 492 280 de
507 245 594 286 illis,
620 244 676 288 qui
691 242 783 275 nullo
805 242 839 275 in
862 241 948 274 filios
972 241 1109 276 condito

61 288 100 324 L·
127 289 201 328 ¹²3·
233 298 450 333 Testamento
472 297 600 329 fuerant
624 291 770 337 profeffi:
797 293 827 323 51
850 302 962 324 omnem
975 289 1107 334 substan·

59 347 127 381 ⁶²P·
161 329 215 378 33·
231 354 307 383 tiam
332 353 412 381 inter
439 345 516 387 filios
553 344 689 384 diuidere
724 342 874 383 voluerit,
895 346 1020 384 propria
1053 341 1109 385 sua

225 397 355 442 persiana
375 396 443 437 filiis
463 400 686 430 connumerata,
712 403 803 424 unam
822 389 879 433 fibi
901 400 1020 433 partem
1052 404 1107 425 om-

229 449 316 483 nibus
339 449 434 481 modis
452 444 580 479 retineat
602 466 614 482 ,
641 453 706 485 quae
731 441 834 475 debeat
851 443 920 483 jura·
942 441 1110 482 Monasterii

230 508 390 542 competere
415 520 422 528 .
459 495 541 538 Haec
563 493 635 527 Lex
658 491 841 526 istiusmodi
866 492 1008 534 profestis
1042 504 1108 527 non

230 549 339 592 injicit
362 555 484 580 novum
505 542 673 577 vinculum
695 568 706 584 ‚
733 542 786 576 sed
813 542 959 584 impartit
983 555 1109 577 novum

231 596 457 643 privilegium:
485 593 531 627 eis
541 592 719 632 concedit,
745 592 887 626 ucetiam
903 592 971 636 post
995 595 1111 636 profes·

231 651 352 683 fionem
367 645 485 689 poffint
497 645 551 678 sua
563 641 647 677 bona
661 641 830 686 disponere
854 641 888 674 in
913 643 1018 677 filios.
1047 643 1108 678 Ve-

229 697 303 732 rum
317 695 374 731 sub
386 705 506 735 onere,
531 704 597 737 quo
619 702 779 738 cogantur-
801 692 1042 727 Monasterium
1065 693 1110 727 as—

228 746 398 782 {umet-ein
421 754 589 779 numerum
604 743 764 777 &sortem
776 741 937 776 filiorum.
968 742 1112 777 Proinde

229 795 316 832 istud
327 807 412 831 onus
421 795 520 829 etiam
534 804 610 828 ante
623 793 849 837 professionem
861 792 1111 836 disponentibus

230 847 335 882 inerat
350 872 357 879 .
385 844 417 879 A
439 843 601 890 prioribus
621 841 771 887 legibus,
797 842 873 877 licet
897 855 964 877 non
991 844 1113 886 expres-

231 899 329 938 sum,
354 896 417 931 fuit
429 894 569 929 omnino
581 892 796 936 suppofitum.
823 892 908 939 Qis
931 893 1020 927 enim
1043 894 1113 927 ido·

231 958 315 983 neus
325 944 563 981 Monasterium
575 968 586 984 ‚
612 943 645 976 in
659 945 727 986 qu‘o
740 943 774 977 ἀ
788 944 893 977 vivere
905 944 938 977 δε
952 945 1034 978 mori
1050 944 1111 977 dis-

232 1006 360 1042 ponat,
385 995 470 1030 asua
484 993 660 1028 substantia
682 988 814 1036 penitus
833 993 1011 1028 excludat?
1040 994 1114 1027 Hac

232 1047 276 1081 de
285 1056 318 1080 re
330 1054 436 1081 certus
447 1043 648 1089 justinianus
661 1041 745 1077 nihil
757 1042 811 1077 hic
826 1045 1034 1078 sanciendum
1058 1043 1115 1077 du-

232 1098 304 1130 xit:
334 1095 544 1130 sanciendum
558 1092 768 1128 solummodo
784 1094 904 1134 duxit,
932 1094 1011 1138 quid
1038 1096 1114 1128 effet

232 1145 487 1190 relinquendum
498 1145 572 1178 aliis
583 1170 590 1176 .
621 1143 699 1183 Eius
712 1143 847 1189 vestigia
862 1144 988 1178 secutus
998 1145 1041 1178 est
1056 1144 1118 1177 lm·

233 1206 361 1241 perator
373 1196 444 1230 Leo
457 1195 589 1239 Sapiens
600 1193 635 1228 in
647 1194 739 1238 Lege
749 1218 759 1233 ,
788 1205 850 1239 qua
864 1196 1017 1237 professos
1043 1193 1112 1228 Mo

231 1246 357 1282 nachos
368 1245 476 1281 testari
489 1246 626 1289 permisit
636 1244 676 1279 de
691 1244 786 1278 bonis
797 1245 973 1288 postmodo
989 1245 1113 1287 acquifi·

231 1298 292 1331 tis.
319 1298 432 1332 Etiam
451 1295 633 1339 permittit,
660 1306 696 1329 ut
717 1305 785 1327 non
816 1293 955 1329 condito
980 1296 1014 1327 in
1030 1294 1116 1327 filios

232 1347 426 1382 testamento
447 1346 605 1389 profess'us
631 1339 775 1389 poffit‘id
791 1344 862 1387 post
883 1344 1112 1388 profeffionem

1173 203 1238 226 non
1252 192 1493 235 expresserunt.
1522 194 1565 227 Et
1585 189 1658 229 sane
1670 190 1931 233 MonasterIum‚
1958 195 2039 232 dum

1170 253 1266 287 quem
1291 241 1331 276 ad
1355 241 1580 285 profeffionem
1603 243 1747 278 admittit
1767 268 1777 284 ‚
1805 241 1870 276 una
1893 244 2039 281 admittit

1171 293 1289 326 durum
1300 302 1385 327 onus
1398 305 1409 325 .·
1435 291 1539 335 ipsum
1554 294 1707 337 perpetuo
1720 293 1935 328 alimentandi
1947 317 1959 333 ,
1984 296 2041 329 do-

1170 342 1288 384 cendi,
1314 341 1495 376 tolerandi.
1522 344 1555 377 Si
1568 344 1621 377 fiat
1635 356 1765 384 coecus,
1791 343 1899 378 fatuus
1915 367 1926 383 ,
1953 343 2042 379 scan-

1170 393 1320 433 dalosus‚
1347 401 1404 426 aut
1423 392 1522 426 etiam
1543 393 1708 435 apostata,
1734 393 1770 428 fit
1793 392 1833 427 ad
1854 402 2041 438 perpetuum

1170 455 1255 477 onus
1270 441 1481 476 Monasterii.
1511 442 1622 489 Qare
1644 444 1746 486 ipsum
1765 445 1829 479 fine
1850 443 2041 480 crudelitate

1170 492 1302 527 excludi
1316 504 1383 526 non
1396 491 1515 535 possita
1527 492 1672 536 legitima
1683 517 1690 525 .

1221 543 1302 576 Haec
1316 542 1427 575 omnia
1443 542 1477 575 in
1491 543 1549 576 suo
1562 542 1601 576 ad
1615 543 1765 585 quintam
1780 544 1983 588 Imperatoris
1994 544 2045 588 Ju-

1172 591 1305 626 ssiniani
1324 590 1500 626 Novellam
1514 593 1638 636 Legem
1659 594 1826 638 insigniter
1848 595 1990 630 elucidat
2011 596 2045 629 ὅ(

1172 644 1346 678 confirmat
1367 641 1506 686 Jacobus
1527 642 1700 685 Cujacius.
1740 642 1953 678 Coenobiticae
1973 646 2047 678 vitae

1173 694 1290 727 statum
1304 703 1340 726 ac
1352 692 1578 735 profeffionem
1591 693 1726 735 exponit
1738 717 1748 733 ,
1776 703 1873 737 atque
1886 694 2047 737 prosequi·

1173 754 1225 778 tur
1237 757 1247 776 .·
1274 742 1446 776 Tradimus
1459 767 1469 783 ,
1496 755 1538 776 an
1560 754 1666 776 verum
1667 742 1707 785 fit
1721 767 1732 783 ,
1758 744 1836 785 quod
1847 743 1986 785 Accurfius
2001 755 2048 776 no-

1173 803 1222 827 tat
1235 817 1246 834 ,
1273 792 1507 836 Monacbismum
1515 794 1566 835 esse
1579 798 1687 836 capitis
1706 798 1899 826 minutionem
1910 818 1917 826 .
1943 797 2046 836 Equi—

1174 845 1241 877 dem
1249 851 1322 885 puto
1340 854 1396 876 non
1407 843 1458 886 effe
1472 869 1479 876 .
1510 845 1594 886 ,Quia
1604 855 1655 877 nec
1676 848 1831 877 civitatem
1843 866 1852 881 ‚
1881 855 1931 877 nec
1945 843 2048 885 fami-

1173 895 1247 927 liam
1265 895 1392 926 adimit.
1420 897 1492 925 Non
1514 899 1607 926 omnis
1615 892 1713 934 statiis
1736 898 1858 926 mutatio
1881 893 1918 933 est
1941 898 2048 935 capitis

1175 949 1299 977 minutio
1312 968 1318 975 .
1346 943 1527 983 Manumiffio
1538 955 1595 976 non
1606 943 1644 983 est
1654 949 1760 986 capitis
1782 948 1906 976 minutio
1919 956 1927 986 ;
1955 946 2050 976 Sena-

1175 999 1308 1027 tumotio
1320 1005 1377 1026 non
1390 993 1429 1033 est
1452 999 1563 1036 capitis
1584 1000 1727 1036 minuti03
1754 992 1973 1037 Monacbismus
1995 1003 2052 1026 non

1176 1043 1214 1084 est
1221 1049 1329 1087 capitis
1341 1048 1463 1076 minutio
1476 1069 1483 1076 .
1509 1048 1596 1077 Nam
1609 1045 1643 1078 (θ’
1649 1046 1701 1086 jus
1714 1045 1914 1089 legitimarum
1927 1043 2053 1078 baeredi-

1177 1104 1275 1128 tatum
1288 1093 1427 1127 Monacbi
1437 1092 1549 1127 babent
1561 1119 1568 1126 .
1597 1097 1626 1126 E
1629 1104 1643 1127 t
1653 1104 1724 1127 ante
1736 1094 1812 1127 banc
1825 1099 1859 1127 N
1861 1096 1988 1128 evellam
2000 1093 2053 1127 ba·

1178 1144 1306 1177 buerunt
1331 1143 1407 1176 bona
1426 1150 1571 1186 propria,
1611 1146 1644 1178 (τ
1665 1144 1829 1181 tefifamentt
1848 1144 2014 1186 samonem
2041 1167 2053 1182 ,

1178 1194 1259 1236 quafi
1267 1200 1361 1230 Cives
1373 1219 1380 1226 .
1410 1197 1454 1226 Et
1466 1199 1583 1227 irritum
1604 1194 1810 1235 testamentum
1821 1206 1878 1227 non
1892 1194 1930 1236 fit
1952 1198 2055 1227 Mona·

1179 1243 1286 1286 chismo
1298 1258 1309 1277 .·
1332 1245 1414 1286 quod
1423 1254 1522 1277 tamen
1535 1245 1643 1284 constat
1656 1249 1775 1277 irritum
1781 1245 1851 1287 fieri
1871 1250 1979 1286 capitis
2001 1250 2055 1276 mi·

1178 1301 1302 1326 natione
1314 1317 1325 1333 ,
1346 1298 1438 1325 etlam
1449 1298 1574 1326 minima
1585 1318 1592 1325 .
1619 1296 1711 1335 quue
1723 1294 1787 1326 haec
1797 1295 1930 1326 Novella
1938 1293 2055 1334 probat.

1178 1347 1198 1377 5
1200 1345 1239 1376 ed
1244 1342 1275 1384 fi
1280 1352 1351 1375 ante
1364 1340 1596 1384 Monachismum
1620 1343 1827 1382 testamentum
1847 1355 1904 1375 non
1909 1342 2018 1384 fecerit
2044 1367 2055 1384 ,

232 1398 359 1437 facere,
387 1395 524 1428 mandat
543 1406 579 1428 ut
591 1394 797 1436 semetipsum
822 1403 970 1427 numeret
994 1397 1028 1427 in
1051 1394 1112 1427 sor·-
1162 1396 1217 1456 iex
1229 1392 1283 1425 hac
1292 1393 1425 1426 Novella
1435 1403 1493 1425 non
1502 1393 1594 1433 potest
1611 1391 1771 1426 Monachus
1790 1392 1888 1433 postea
1903 1391 2005 1434 facere
2017 1401 2060 1425 te-

232 1456 301 1480 tem
330 1445 499 1483 filiorum,
524 1443 558 1477 δε
583 1443 752 1486 adjungit:
781 1443 862 1485 ,ραι
884 1445 954 1476 vero
976 1451 1052 1484 pars
1075 1444 1120 1475 ad
1163 1443 1374 1494 3stamentum.
1400 1447 1511 1476 Omnia
1538 1450 1634 1483 enim,
1674 1455 1741 1485 quae
1762 1445 1827 1483 ejus
1849 1442 1973 1482 fuerant
1990 1452 2059 1484 pro-

232 1495 330 1539 ipsum
354 1492 478 1537 respicit
498 1516 508 1533 ‚
546 1498 578 1524 in
600 1505 635 1526 ea
658 1492 824 1532 testamenti
842 1492 938 1534 fadio
961 1493 1081 1536 deficiat
1108 1518 1114 1525 .

1164 1495 1166 1543 ξ
1178 1499 1248 1536 pria
1260 1517 1270 1535 ‚
1297 1497 1385 1526 tacIto
1395 1492 1460 1535 jure
1471 1494 1516 1526 ad
1526 1494 1731 1532 Monasterium
1752 1491 1908 1535 transeunt
1924 1516 1934 1532 ,
1958 1500 2059 1534 excep·

233 1546 355 1590 ‚Quippe
365 1555 432 1587 quae
448 1548 564 1587 integra
578 1545 621 1575 ad
633 1541 840 1582 Monasterium
849 1549 1003 1586 pertineat
1018 1569 1025 1576 .
1042 1543 1115 1577 Per·
1164 1547 1166 1583 j
1179 1553 1212 1577 ta
1226 1538 1366 1577 Fulcidia
1377 1543 1484 1576 debitae
1491 1542 1670 1586 succeffionis
1684 1568 1694 1583 ,
1720 1554 1787 1585 quae
1798 1544 1899 1576 liberis
1907 1542 2057 1586 servatur.

233 1597 283 1642 git
303 1595 345 1630 de
357 1593 454 1645 bonis
475 1593 545 1637 post
571 1592 808 1627 Profeffionem
831 1594 1014 1638 acquifitis:
1043 1597 1116 1627 sta—

234 1652 350 1681 tuimus
364 1669 375 1687 ,
402 1645 435 1678 ut
443 1642 470 1685 lt*
477 1649 544 1687 quis
556 1666 566 1683 ,
590 1654 645 1686 quo
659 1651 789 1686 tempore
801 1643 990 1684 monasticam
1016 1650 1115 1678 vitam

229 1695 360 1748 suscepit
373 1720 384 1736 ,
409 1693 544 1736 Ecclefiae
557 1696 721 1737 quidquam
734 1692 950 1736 consecraverit
962 1720 972 1736 ‚
999 1694 1044 1728 illi
1060 1700 1115 1728 cir-

233 1758 270 1786 fa
280 1758 326 1784 res
333 1745 482 1789 postmodo
495 1753 684 1788 comparatas
699 1743 823 1781 liberum
830 1744 868 1788 fit
890 1756 1046 1788 ratumque
1064 1748 1104 1788 ju

234 1798 343 1836 dicium
354 1821 364 1837 ‚
392 1797 651 1839 quomodocumque
663 1796 699 1829 de
712 1796 772 1830 illis
783 1796 916 1836 statuere
941 1799 1014 1842 velit
1028 1822 1035 1830 .
1064 1799 1118 1831 Sin

234 1847 439 1884 nihilomnino
450 1846 488 1880 ab
513 1851 599 1880 initio
620 1852 652 1879 in
677 1847 886 1887 Monasterium
903 1847 939 1889 fit
961 1849 1080 1881 illatum
1107 1872 1117 1887 ‚

233 1907 296 1935 eum
312 1896 457 1941 bifarium
465 1895 633 1941 substantia
645 1898 808 1930 dividatur
821 1922 832 1937 ‚
858 1903 903 1930 ita
914 1907 946 1931 ut
958 1910 1018 1930 una
1038 1905 1116 1940 pars

235 1951 267 1983 in
279 1948 379 1990 beffem
393 1971 404 1986 ,
430 1946 528 1981 altera
543 1948 616 1981 verb
632 1952 665 1979 in
675 1952 813 1981 trientem
825 1946 1080 1989 circumscribatur
1108 1970 1117 1987 ,

234 2045 305 2088 besse
327 2044 496 2084 testamento
513 2043 630 2086 statuat
650 2068 662 2087 ,
698 2049 795 2079 triens
817 2055 920 2079 autem
955 2047 1118 2088 applicetur

238 2095 414 2136 Monafleri‘o
427 2120 434 2128 .

286 2145 439 2189 Ejuidem
462 2143 630 2179 sententiae
643 2143 705 2178 fuit
717 2145 895 2189 Imperator
917 2144 1117 2180 Constanti-

236 2206 298 2229 nus
335 2193 671 2238 porphyrogenitus.
698 2194 831 2229 Etenim
856 2196 891 2229 in
914 2196 1027 2240 Lege,
1054 2195 1116 2240 qua

236 2244 479 2279 homicidarum
503 2255 615 2287 poenas
640 2243 827 2290 mitigavit,
856 2245 966 2280 statuit
989 2247 1052 2279 haec
1075 2246 1117 2279 se-

237 2296 391 2337 quentia.
420 2293 554 2333 Primo,
580 2293 783 2332 homicidam
796 2294 900 2339 privat
923 2297 1017 2331 omni
1040 2296 1112 2332 sub-

235 2346 354 2380 stantia
372 2368 383 2384 ,
408 2343 556 2388 adeoque
569 2343 602 2378 &
624 2345 717 2379 omni
740 2345 895 2380 facultate
909 2346 1117 2389 disponendi.

236 2394 373 2429 Deinde
386 2394 452 2438 ejus
465 2395 609 2429 innoxiae
623 2395 717 2431 uxori
732 2395 837 2430 reddit
850 2396 963 2430 dotem
976 2421 986 2436 ,
1014 2397 1109 2431 dona-

237 2445 363 2482 tionem
391 2454 521 2489 Propter
554 2446 704 2488 nuptias,
731 2446 764 2480 ὃς
787 2447 907 2488 quaevis
935 2445 1116 2480 istiusmodi

238 2496 319 2531 alia.
348 2494 470 2528 Tertio
484 2495 711 2537 ejusinnoxiis
724 2495 799 2530 filiis
820 2497 922 2530 donat
942 2497 1115 2532 trientem.

1181 1599 1216 1626 1n
1230 1605 1319 1636 quam
1330 1603 1432 1627 tamen
1445 1600 1594 1635 imputare
1607 1602 1717 1635 oportet
1729 1595 1826 1627 dotem
1837 1618 1847 1633 ,
1875 1595 1908 1627 ό·
1931 1596 2062 1626 donatio-

1182 1656 1246 1677 nem
1254 1653 1376 1687 propter
1399 1650 1523 1687 nuptias
1537 1669 1547 1685 ,
1570 1643 1729 1687 secundum
1732 1646 1787 1685 jus
1798 1655 1945 1677 commune
1967 1668 1973 1674 .
1996 1646 2063 1676 Ex-

1179 1704 1263 1737 cepta
1284 1700 1376 1728 etiam
1397 1701 1499 1728 uxoris
1519 1697 1622 1738 dote„
1638 1697 1671 1729 (5
1692 1696 1771 1739 lucro
1792 1696 1922 1737 nuptiali
1934 1706 1972 1728 ex
1994 1691 2061 1736 casu

1164 1736 1167 1771 Ῐ
1180 1751 1286 1780 mortis
1299 1770 1305 1778 .
1337 1750 1432 1789 Atque
1446 1752 1489 1778 ita
1500 1744 1584 1790 casus
1599 1752 1703 1779 mortis
1719 1746 1833 1778 ducitur
1846 1746 1889 1778 ad
1894 1744 1992 1787 casum
2001 1747 2063 1776 Mo·

1180 1795 1326 1840 nacbismi
1340 1821 1348 1829 .
1373 1799 1417 1830 Et
1430 1796 1629 1840 Monachismo
1647 1795 1777 1840 solvitur
1805 1800 2028 1828 matrimonium
2053 1818 2060 1826 .

1183 1849 1276 1883 Hodie
1287 1859 1324 1881 ex
1336 1849 1469 1882 Novella
1486 1859 1499 1884 1
1507 1859 1526 1887 2
1531 1858 1560 1895 3.
1574 1846 1735 1883 Monachus
1748 1846 1952 1891 testamentum
1958 1845 2061 1889 facere

1175 1896 1273 1940 potest
1284 1903 1362 1932 inter
1372 1898 1478 1933 liberos
1493 1924 1503 1939 ,
1531 1900 1615 1934 virili
1632 1903 1766 1940 portione
1795 1896 1905 1941 Montis
1904 1903 1975 1931 teria
1994 1898 2061 1931 reli-

234 1995 444 2032 „plumat-has
458 2020 469 2036 ,
493 1997 755 2038 quomodocumque
765 1994 821 2036 ipſs
830 1995 1031 2039 visumfuerst
1046 2021 1056 2036 ,
1082 1998 1119 2031 de
1165 1948 1227 2010 1ι’ἷιι
1241 1973 1248 1981 .
1275 1950 1319 1979 Et
1332 1959 1369 1980 ex
1380 1958 1487 1990 quinta
1502 1951 1609 1984 Leonis
1624 1950 1757 1983 Novella
1773 1951 1807 1982 de
1824 1948 1872 1982 bis
1887 1971 1897 1988 ‚
1920 1959 1986 1993 quae
1994 1945 2062 1992 post

1181 1996 1412 2038 Monacbismum
1424 1998 1581 2041 acquisivit
1595 2024 1605 2039 ,
1621 1996 1834 2042 *testamentum
1840 1999 1945 2041 facere
1956 1997 2062 2040 potest,

1180 2047 1232 2081 vel
1243 2053 1275 2079 in
1293 2047 1379 2089 affem
1392 2071 1402 2087 ,
1424 2046 1534 2090 fiquid
1550 2061 1649 2082 rerum
1665 2047 1792 2091 suarum
1803 2056 1835 2081 in
1860 2049 1986 2093 ingreffu
2000 2051 2063 2080 Mo-

1166 2110 1168 2133 t
1181 2095 1305 2138 nasterio
1315 2097 1471 2130 contulerit
1483 2123 1493 2138 ‚
1521 2098 1572 2132 vel
1579 2098 1605 2139 [ἱ
1612 2098 1688 2132 nibil
1699 2101 1855 2133 contulerit
1863 2122 1874 2138 ,
1901 2106 1933 2132 in
1945 2098 2062 2141 bessem,

1181 2145 1474 2188 trienteMonasterlo
1484 2149 1601 2180 relieio.
1633 2149 1741 2183 Antea
1766 2160 1885 2192 pauper
1910 2159 1964 2190 per
1987 2149 2062 2182 Mo-

1182 2195 1386 2229 nachismum
1401 2197 1600 2241 quandoque
1622 2198 1658 2231 fit
1677 2199 1789 2232 dives.
1816 2196 1919 2245 Qod
1946 2197 2061 2240 nempe

1165 2246 1340 2286 ;eininenti
1356 2246 1424 2289 ejus
1437 2248 1579 2281 scientia>
1592 2272 1603 2288 ,
1630 2260 1685 2282 aut
1700 2249 1772 2282 aliis
1796 2248 1974 2282 virtutibus
1996 2247 2064 2292 qui-

1164 2294 1255 2329 ·dam
1268 2295 1374 2339 ampla
1397 2296 1546 2338 donent,
1572 2309 1629 2333 aut
1656 2299 1790 2342 legent,
1818 2299 1867 2331 vel
1892 2299 1972 2331 fiant
1994 2299 2063 2331 aliae

1180 2346 1373 2380 accessiones
1395 2371 1402 2379 .
1439 2347 1490 2380 Ex
1532 2347 1583 2382 his
1607 2349 1714 2383 testari
1737 2349 1832 2383 istum
1855 2346 2062 2381 Monachum

1164 2396 1319 2439 1permisit
1338 2396 1378 2430 ad
1417 2398 1524 2431 fratris
1551 2397 1597 2431 sui
1622 2398 1816 2433 Patriarchae
1846 2395 2001 2440 Stephani
2026 2408 2064 2432 ac

1180 2446 1318 2480 aliorum
1330 2445 1564 2490 Episcoporum
1577 2449 1710 2482 coniiiia
1733 2450 1765 2482 ὅ(
1792 2458 1898 2491 preces
1909 2449 1983 2482 Leo
2008 2448 2062 2481 Sa-

1163 2497 1294 2543 μοίρης,
1324 2496 1432 2534 verum
1455 2497 1509 2530 illa
1535 2498 1755 2538 conditione,
1783 2508 1818 2531 ut
1857 2497 2063 2531 Monasterio

240 2543 369 2589 Qarto
382 2543 498 2577 beffem
513 2545 614 2578 donat
627 2547 767 2581 uxori&
782 2546 1036 2581 filiisinterfec'ii.
1065 2547 1112 2581 Fi·
1162 2545 1164 2553 ⁴

1180 2546 1400 2590 impartiretur
1435 2548 1590 2581 trientem
1614 2572 1620 2579 .
1649 2548 1740 2596 Qia
1763 2547 1880 2591 nempe
1892 2548 2058 2581 Monaste-

238 2595 328 2628 scum
344 2594 474 2637 penitus
487 2594 632 2628 excludit
650 2619 657 2627 .
687 2596 727 2630 Et
750 2595 921 2640 adjungit:
948 2598 978 2629 51
1000 2596 1116 2630 homici-
1161 2597 1262 2637 ¹rium
1278 2593 1418 2630 habebat
1443 2596 1585 2640 istudjus
1599 2598 1700 2632 etiam
1713 2596 2027 2642 abingredientibus
2055 2623 2062 2631 .

239 2644 281 2678 da
298 2653 376 2676 motu
389 2649 510 2686 proprio
531 2669 542 2685 ‚
568 2646 620 2677 vel
641 2643 735 2687 ipsum
756 2651 788 2678 in
810 2652 895 2678 viam
913 2653 1116 2680 revocantium
1161 2640 1261 2680 1N0n
1284 2657 1325 2680 ex
1352 2646 1428 2679 solis
1449 2647 1623 2690 Juiiiniani
1648 2647 1815 2693 Legibus,
1843 2646 1895 2682 sed
1917 2659 1957 2681 ex
1979 2648 2063 2682 anti-

239 2693 348 2735 confilio
360 2694 392 2727 <9
404 2694 615 2735 approb'atione
629 2718 639 2734 ,
664 2697 801 2738 commisso
811 2697 896 2737 prius
906 2694 1011 2739 scelere
1031 2697 1114 2738 depo·

232 2743 288 2789 fito
309 2768 318 2783 ,
346 2743 533 2783 monasticam
543 2746 588 2776 ad
610 2750 708 2777 vitam
728 2746 899 2788 transierit,
926 2753 1049 2779 tertiam
1072 2746 1115 2779 bo·

238 2805 343 2827 norum
368 2795 431 2834 ejus
449 2802 569 2836 partem
592 2795 797 2835 Monaflerium
817 2802 942 2839 accipiat
966 2820 978 2836 ,
1005 2796 1116 2838 reliquo

238 2849 348 2878 triente
361 2844 790 2887 uxori&liberisinterfec‘li‚
821 2848 866 2879 ad
875 2851 1013 2890 exiguum
1039 2849 1112 2879 cala>

239 2899 357 2927 mitaris
367 2893 631 2937 eorumsolatium,
654 2894 822 2938 reservato.
852 2896 1007 2931 Uxorem
1022 2896 1114 2931 istam

238 2945 372 2978 &filios
393 2944 438 2977 ob
462 2945 656 2979 Monasterii
680 2946 729 2989 jus
755 2945 902 2981 excludit
921 2947 938 2981 ὲ
962 2947 1081 2981 triente
1107 2972 1114 2979 .

238 2993 340 3041 Qod
355 2993 469 3037 nempe
482 2995 536 3037 ipsi
555 3007 595 3029 ex
608 2998 799 3030 cunctorum
811 2997 1005 3031 intrantium
1020 2997 1116 3030 bonis

239 3047 358 3084 triens,
388 3053 442 3078 aut
454 3044 539 3079 certe
551 3045 698 3090 legitima
720 3046 894 3080 debeatur.
929 3047 971 3080 Et
992 3047 1115 3080 adulte-

239 3103 306 3127 ram
319 3093 500 3137 Piesbyteri
516 3107 653 3130 uxorem
666 3095 775 3130 claudi
788 3096 819 3129 in
836 3097 1042 3130 Monasterio
1056 3096 1115 3139 jui-

240 3142 279 3176 fit
292 3143 477 3179 patriarcha
489 3145 1033 3189 ConstantinopolitanusMichael
1056 3147 1114 3180 Ce-

240 3190 397 3235 ruinius,
422 3205 520 3238 atque
551 3193 724 3237 adjunxit:
753 3200 862 3237 Dotis,
898 3208 989 3238 quam
1007 3203 1116 3229 marito

241 3242 368 3281 attulit,
395 3245 450 3276 duo
463 3250 587 3279 trientes
595 3255 652 3288 pro
660 3248 721 3289 filio
734 3247 940 3280 retinebuntur
952 3271 962 3287 ,
987 3248 1114 3289 reliquus

243 3290 303 3333 ipfi
319 3293 504 3335 concedetur,
531 3300 557 3328 ei
582 3297 758 3330 tribuendus
782 3297 949 3337 Monasierio
963 3321 973 3337 ‚
1000 3303 1033 3330 in
1063 3308 1117 3339 quo

241 3341 432 3375 tondebitur.
458 3342 536 3378 Haec
547 3347 659 3380 omnia
682 3347 851 3391 desumpta
876 3349 949 3381 sunt
961 3359 999 3380 ex
1022 3347 1117 3391 Legi-

242 3391 301 3425 bus
316 3390 521 3433 Imperatoris
535 3395 722 3437 Iustiniani.
751 3397 927 3431 Definiunt
950 3397 1114 3431 Monaste-

225 3441 276 3477 rio
286 3441 439 3477 debitam
455 3443 639 3486 portionem
653 3469 664 3486 ,
691 3458 789 3491 quam
815 3447 877 3482 illae
900 3449 988 3493 leges
1010 3446 1117 3492 aperte

1178 2695 1327 2742 quiffima
1338 2696 1577 2732 consuetudine
1589 2698 1764 2732 multarum
1781 2698 2012 2733 Ecclefiarum.

1382 2794 1414 2829 C
1441 2795 1473 2829 A
1501 2797 1528 2831 P
1557 2798 1596 2833 U
1625 2798 1662 2832 T
1764 2798 1798 2831 X
1811 2797 1864 2831 11.

1227 2898 1403 2938 Exponitur
1424 2907 1505 2930 nova
1527 2899 1715 2940 quorundam
1750 2901 1918 2941 Regnorum
1947 2908 2013 2931 con·

1274 2944 1401 2989 suetudo
1425 2971 1436 2986 ‚
1464 2959 1555 2990 quam
1584 2949 1739 2990 appellant
1762 2946 1962 2991 amortisatio-

1373 3008 1460 3037 nem‚
1486 2996 1537 3040 seu
1559 3010 1680 3032 manum
1701 3007 1862 3031 mortuam.

1296 3095 1391 3130 Anus
1417 3098 1603 3132 mortuaest
1628 3099 1770 3143 duplex,
1800 3097 1944 3133 Primam
1966 3108 2063 3142 expo-

1320 3147 1369 3181 nit
1381 3157 1538 3190 magnum
1555 3148 1662 3194 Belgii
1674 3149 1869 3183 Chronicon
1883 3163 1894 3182 .·
1922 3155 2062 3184 Hoctem-

1175 3205 1246 3239 pore
1259 3222 1269 3236 ‚
1298 3197 1355 3230 sub
1371 3197 1567 3240 Episcopatu
1595 3198 1776 3234 Alberonis
1789 3198 1812 3232 I.
1840 3204 1978 3232 maxima
1993 3206 2061 3238 pax

1180 3247 1381 3294 Leodienfium·
1390 3246 1478 3288 fuit.
1507 3250 1591 3282 Unde
1602 3251 1640 3282 de
1665 3250 1745 3284 nolle
1767 3251 1876 3282 dicitur
1898 3258 1979 3281 orare
1996 3245 2063 3288 soli-

1179 3308 1224 3331 tos
1243 3297 1289 3330 bic
1311 3295 1474 3338 Episcopus
1490 3306 1546 3339 pro
1553 3311 1642 3344 grege
1648 3299 1704 3342 fibi
1726 3299 1867 3343 commiffo
1890 3307 1959 3330 ante
1972 3295 2059 3337 fores

1179 3346 1373 3390 diversarum
1397 3346 1587 3389 Ecclefiarum
1601 3375 1610 3388 ‚
1638 3351 1690 3383 ubi
1706 3348 1801 3393 semel
1821 3349 1942 3381 audivit
1961 3347 2063 3380 mulie-

1179 3409 1241 3430 rem
1261 3397 1379 3438 flentcm
1405 3407 1524 3430 mortem
1537 3406 1640 3432 mariti
1653 3399 1700 3443 fiii
1713 3425 1723 3440 ‚
1752 3396 1960 3440 &praesertim
1975 3403 2063 3438 prop-

1180 3455 1226 3482 ter
1241 3458 1388 3481 mortuum
1400 3449 1541 3483 maritum
1554 3450 1674 3492 auferri
1686 3451 1723 3483 ab
1735 3446 1880 3491 Episcopo
1885 3446 1972 3491 suam
1982 3449 2064 3479 culci-

1925 3506 2007 3531 tram
2023 3520 2029 3527 .
