2366 3736
608 152 674 182 Dr„
711 149 919 181 sacrus
956 135 1512 182 Ptocsssromssus.

26 224 110 272 Cap.
123 227 156 265 2.'
203 224 313 259 laudat
326 222 424 258 etiam
438 223 664 259 S.Ambr0fius
674 247 681 256 .
695 226 737 258 1n1
745 224 842 259 tertio
852 224 893 258 de
903 224 1085 257 Sacramen-

20 973 93 1020 Cap
115 972 146 1014 8.

200 275 246 309 tis
257 273 341 308 libro
353 276 488 317 exponit
501 299 511 315 ‚
533 274 724 309 Christianae
748 286 818 316 quae
837 273 945 308 statim
967 273 983 305 a
1007 274 1085 307 sacri

202 324 320 359 Fontis
332 327 451 369 egress'u
463 323 612 364 dabatur,
624 323 894 359 Confirmationis
904 324 1085 357 Sacramen-

201 382 285 414 tum,
301 384 397 418 atque
408 374 610 418 prosequitur
624 373 705 415 :Post
716 374 778 407 baec
791 375 867 416 quid
869 372 1020 416 sequitur?
1033 378 1086 406 Ve-

201 429 268 458 nire
280 423 372 458 babes
385 425 431 457 ad
440 425 542 457 Altare
552 449 567 456 ..
588 425 741 467 ,Quoniam
754 424 864 463 venisti
876 448 887 463 ,
913 424 1013 455 videri
1037 423 1086 454 ba-

198 473 273 516 bes,
294 486 360 517 quae
374 482 442 507 ante
454 484 511 506 non
523 474 651 506 videbas
664 499 675 514 ,
699 474 749 506 boc
762 474 798 514 est
815 497 825 512 ,
838 472 996 511 Mysten-ium
1009 474 1089 512 quod

202 524 290 568 legisti
301 531 333 558 in
346 527 374 556 E
377 525 512 567 vangelio
527 547 534 555 .
559 526 591 557 5}
599 534 697 557 tamen
710 535 766 557 non
781 522 868 566 legisti
880 545 890 561 ‚
914 523 990 555 εεηέ
1002 524 1088 554 audi-

196 574 236 615 sti
247 599 254 606 .
276 572 424 617 Exponit
439 574 524 607 varia
538 575 622 607 circa
634 575 838 608 tremendum
867 571 1063 615 Mysterium
1076 597 1086 612 ,

200 635 238 658 uc
250 622 394 666 praeterea
405 622 544 657 Domini
571 625 652 657 Asta
678 625 711 657 &
726 622 809 656 dicta
822 622 905 655 circa
924 621 1085 655 illumina-

201 683 272 707 tum
282 673 301 706 a
312 673 482 707 nativitate
493 685 626 713 caecum,
643 674 811 716 praesettim
825 672 893 706 haec
906 671 1016 706 verba.-
1029 676 1084 705 Va·

199 724 238 755 de
247 723 291 755 ad
298 727 466 756 Natatoria
477 724 550 756 siloe
562 748 572 763 ‚
589 725 623 758 ὁ·
634 725 708 756 lava
717 748 725 756 .
754 724 796 758 Et
808 722 910 766 pergit
925 734 932 754 :
960 721 1010 761 Isti
1024 746 1034 761 ,
1046 723 1087 754 la.

200 771 280 813 vasti
290 796 301 813 ,
313 772 419 807 vemat
429 773 473 806 ad
485 774 585 806 altare
596 797 606 812 ‚
633 774 734 806 videre
746 772 852 815 coepisti
864 782 931 813 quae
940 779 1010 804 ante
1031 783 1087 804 non

200 824 324 856 videras
340 848 347 855 .
375 826 434 856 Per
446 826 570 857 Fontem
584 827 703 856 Domini
714 824 746 856 cb·
758 823 1004 856 Praedicationem
1030 825 1087 853 Do·

199 878 316 907 minicae
328 874 463 914 Paffionis
473 871 545 915 sunt
555 878 651 916 aperti
665 875 736 905 oculi
755 878 818 912 tui,
847 877 898 913 qut
909 880 979 904 ante
1004 874 1088 904 corde

199 923 357 957 videbaris
369 924 418 966 effe
427 931 554 957 caecatus
563 947 570 954 .
597 922 715 963 Coepisti
726 924 823 955 lumen
834 923 1087 954 sacramentorum

197 973 303 1007 videre
315 997 322 1004 .
351 974 459 1007 Etiam
478 974 510 1007 in
527 972 612 1005 libro
624 972 664 1004 de
676 971 851 1005 initiandis
863 970 973 1004 scribit
987 971 1087 1014 bapti-

196 1023 275 1058 zatis
286 1023 394 1057 statim
407 1023 424 1055 ὲ
437 1022 514 1056 sacri
527 1021 645 1055 Fontis
657 1023 781 1066 egressu
798 1022 941 1064 imprimi
967 1021 1083 1055 Sacro-

194 1074 337 1107 faustum
346 1072 548 1116 signaculum
574 1070 764 1117 Christianae
786 1071 1061 1105 Confirmationis
1074 1096 1084 1110 ,

194 1121 386 1166 &adjungit
399 1145 406 1153 .
434 1126 492 1155 His
501 1122 604 1154 abluta
613 1122 700 1163 plebs
716 1123 805 1155 dives
830 1121 991 1164 infigmbus
1006 1145 1015 1161 ,
1043 1123 1086 1154 ad

193 1170 304 1211 Christi
313 1173 463 1204 contendit
476 1173 594 1205 Altaria
606 1196 616 1211 ,
644 1173 765 1211 dicens,
787 1172 916 1204 Introibo
933 1173 978 1204 ad
999 1174 1080 1207 Alta-

193 1234 226 1256 τε
237 1225 295 1255 Dei
304 1246 314 1263 ,
324 1223 368 1255 ad
379 1225 475 1255 Deum
487 1227 537 1265 qui
550 1222 685 1264 laetificat
693 1225 891 1263 juventutem
907 1234 1010 1254 meam.
1028 1226 1080 1254 Ve-

193 1277 242 1305 nit
252 1276 341 1316 igitur
353 1296 363 1312 ,
389 1274 500 1305 videns
512 1275 532 1305 5
533 1283 600 1305 acro
607 1271 632 1314 s
626 1272 746 1305 andium
763 1275 866 1305 Altare
876 1271 1060 1313 compositum
1074 1295 1084 1310 ‚

192 1323 366 1356 exclamans
388 1328 433 1354 ait
442 1336 453 1356 .-
481 1322 597 1361 Parasti
616 1329 649 1355 in
672 1322 824 1365 conspellu
844 1334 905 1355 meo
930 1321 1062 1364 Mensam
1073 1347 1080 1354 .

195 1377 288 1405 Nunc
299 1373 378 1405 illud
383 1371 591 1413 confideremus
602 1395 612 1411 ‚
640 1385 676 1406 ne
689 1378 757 1415 quis
770 1373 897 1413 visibilia
910 1374 1020 1405 videns
1035 1374 1080 1404 di-

188 1421 344 1462 tatfortb:
367 1426 399 1466 J
401 1424 497 1455 udaets
512 1426 593 1456 Deus
609 1426 728 1455 Manna
733 1425 815 1465 pluit
828 1448 838 1463 ,
861 1424 942 1464 pluit
951 1428 1079 1455 coturni—

190 1483 245 1515 ces3
257 1471 391 1514 Ecclefiae
402 1474 552 1506 autemilli
565 1472 681 1506 dileaae
692 1472 830 1515 baecsunt
846 1485 911 1515 quae
919 1481 1077 1514 praepara-

190 1527 240 1555 vit
249 1546 260 1562 ,
286 1523 322 1555 de
336 1522 438 1564 quibus
463 1523 574 1556 dic‘lum
583 1522 619 1562 est
632 1548 642 1563 ‚
669 1525 749 1565 quod
770 1525 868 1556 oculus
891 1534 948 1555 non
971 1525 1055 1556 vidit
1067 1547 1077 1561 ,

189 1583 242 1606 nec
252 1577 334 1605 auris
341 1573 465 1606 audivit
473 1598 485 1614 ,
513 1579 606 1606 necin
617 1584 663 1606 cor
675 1572 803 1605 bominis
827 1573 958 1616 ascendit
973 1596 982 1611 ,
1010 1583 1076 1614 quae

1895 147 1982 195 361

1146 230 1203 264 pro
1217 227 1372 256 Haereticis
1384 223 1418 255 <a
1433 219 1633 263 schismaticis
1645 245 1656 262 ,
1684 225 1737 264 qui
1754 219 1792 253 ab
1813 226 1930 256 unitate
1951 225 2025 265 fidel

1150 274 1183 305 ό·
1194 270 1347 304 charitatis
1358 272 1450 304 alieni
1457 270 1543 313 sunt.
1573 271 1684 305 Palam
1700 272 1838 305 affirmat
1850 270 1937 304 hunc
1960 274 2024 307 effe

1150 331 1270 355 motem
1283 323 1392 354 omnis
1405 320 1461 354 sub
1473 322 1552 355 caelo
1564 322 1711 355 Eccleliae
1722 345 1732 360 ,
1759 322 1792 355 ὅ(
1805 321 1952 366 adjungit
1976 323 2027 366 ΞΡ-

1151 373 1219 405 sum
1233 371 1407 414 processisse
1418 382 1459 403 ex
1473 370 1621 412 Apostoli
1634 371 1674 405 ad
1686 370 1906 405 Timotheum
1919 395 1929 410 ,
1953 372 2028 405 ade-

1149 432 1235 464 oque
1249 421 1282 453 &
1295 419 1334 453 ad
1345 430 1459 454 omnes
1473 421 1635 464 Episcopo
1647 420 1803 455 mandato
1814 434 1826 453 .-
1849 419 2029 463 obsecrofie-

1149 476 1177 503 ri
1187 470 1394 513 obsecrationes
1407 494 1417 509 ‚
1444 476 1589 502 orationes
1615 493 1622 506 ,
1656 470 1861 512 postulationes
1878 494 1889 509 ‚
1909 476 2028 514 gratlae-

1149 531 1215 553 rum
1226 520 1357 553 adiones
1364 527 1420 560 pro
1431 519 1563 551 omnibus
1587 518 1752 552 bominibus
1762 544 1772 560 ,
1796 527 1849 561 pro
1872 521 1998 564 Regibus
2011 546 2023 563 ,

1149 582 1183 603 ac
1191 578 1246 612 pro
1256 568 1306 602 his
1317 575 1408 613 quiin
1415 567 1603 611 sublimitate
1607 567 1693 610 fiant.
1725 569 1790 602 Isto
1803 579 1949 614 tempore
1975 571 2028 606 In-

1147 619 1299 654 fidelibus
1311 631 1348 654 ac
1362 619 1511 662 Paganis.
1653 656 1655 658 ¹

1197 670 1298 717 Qod
1325 670 1425 713 ipsum
1446 667 1556 702 scribit
1579 666 1712 701 Author
1735 669 1963 713 capitulorum
1985 671 2028 708 de

1149 720 1273 754 Divina
1286 720 1476 764 gratia,quae
1490 717 1599 761 pasfim
1612 717 1840 752 subnectuntur
1852 722 1949 754 sansti
1962 721 2029 755 Cae·

1148 770 1256 803 lestini
1273 769 1448 803 Pontificis
1461 767 1693 812 Apologeticae
1703 767 1846 811 epistolae
1858 780 1915 812 pro
1927 771 2029 813 perso-

1148 831 1189 853 na
1200 831 1238 852 ac
1251 819 1396 853 dostrina
1409 819 1438 853 S.
1455 818 1634 862 Augustini
1650 843 1657 850 .
1686 818 1738 850 Ex
1750 817 1868 861 quibus
1881 819 2030 854 luceteti-

1147 880 1199 903 am
1212 870 1404 903 efformandi
1421 869 1487 904 istis
1498 866 1611 902 diebus
1623 866 1798 901 Dominici
1808 867 1981 911 sepulchri,
1993 880 2030 903 ac

1148 921 1180 952 in
1201 920 1272 962 ipso
1296 921 1515 954 Sacro—sanctae
1538 916 1747 952 Eucharistiae
1768 917 1968 960 exponendae
1991 918 2032 952 ri-

1147 979 1218 1003 tum
1230 969 1290 1002 effe
1302 970 1559 1013 antiquiffimum
1574 992 1584 1008 ‚
1612 966 1780 1001 inductum
1793 967 1835 1001 ab
1848 967 2029 1011 Apostolis.

1147 1019 1227 1053 Haee
1240 1020 1329 1053 enirn
1342 1019 1455 1053 omnia
1469 1020 1543 1052 sunt
1554 1028 1705 1051 connexa
1727 1041 1734 1048 .
1760 1018 1872 1064 Qare
1895 1017 2007 1054 Patres
2017 1041 2030 1058 ,

1147 1070 1224 1103 licet
1235 1070 1473 1112 expositionem
1486 1067 1603 1103 diserte
1617 1079 1687 1101 non
1707 1067 1838 1101 laudent
1851 1091 1862 1107 ‚
1886 1067 2030 1102 omnino

1146 1131 1254 1153 tamen
1270 1120 1328 1154 sub
1340 1119 1501 1153 connexis
1515 1117 1630 1152 ritibus
1643 1116 1855 1161 intelligunt.
1871 1119 2028 1152 Attamen

1144 1170 1178 1203 &
1196 1167 1262 1203 haec
1284 1169 1442 1213 expositio
1466 1170 1550 1202 intra
1571 1168 1712 1201 clausam
1729 1168 1904 1201 Ecclesiam
1929 1167 2029 1201 fiebat

1145 1230 1204 1263 pro
1222 1220 1297 1254 solis
1312 1220 1498 1263 perfectis&
1510 1217 1759 1252 consistentibus
1772 1241 1779 1248 .
1809 1218 1850 1250 Et
1874 1216 2029 1250 Euchari-

1144 1271 1201 1302 stia
1214 1281 1280 1303 erat
1295 1269 1417 1303 velata.
1448 1268 1683 1311 Exponebatur
1694 1277 1800 1302 tamen
1814 1267 1853 1300 ad
1866 1265 2029 1301 adoratio·

1145 1332 1217 1353 nem
1240 1344 1246 1351 .
1288 1321 1389 1354 Extra
1414 1319 1708 1352 Consecrationem
1732 1318 1766 1351 ὃ(
1787 1317 2006 1360 sumptionem
2019 1342 2026 1349 .

1143 1369 1248 1414 Quod
1262 1381 1377 1403 notent
1393 1367 1572 1402 Lutherani
1596 1370 1627 1402 &
1651 1366 1853 1402 Calvinissae.
1884 1366 2029 1410 Antiqui

1142 1420 1270 1454 Fideles
1307 1419 1470 1453 habebant
1508 1415 1745 1452 Eucharistiam
1781 1416 2025 1450 Domesticam.

1140 1470 1234 1504 Hinc
1253 1469 1507 1504 celebrabant&
1520 1468 1735 1502 domesticam
1762 1466 1831 1509 ejus
1852 1465 2028 1510 expolitio-

1143 1531 1215 1553 nem
1228 1545 1235 1551 .
1264 1520 1394 1562 Insigne
1405 1519 1592 1561 exemplum
1605 1515 1762 1551 habemus
1773 1519 1791 1551 a
1816 1516 1919 1550 sancta
1932 1517 2024 1553 ‚Gor-

1140 1569 1240 1613 gonia
1254 1593 1264 1609 ,
1292 1569 1333 1602 de
1344 1578 1406 1611 qua
1423 1567 1607 1599 Germanus
1622 1567 1688 1607 ejus
1700 1568 1797 1598 frater
1812 1567 1936 1599 sanstus
1949 1567 2028 1599 Gre-

1140 1621 1252 1662 gorius
1268 1619 1514 1652 Nazianzenus:
1527 1618 1676 1659 Gorgonia
1686 1613 1819 1656 adversa
1829 1620 1955 1656 corporis
1969 1626 2027 1648 va·
2046 1604 2139 1637 oras·
2166 1599 2202 1637 ¹⁶¹¹

1138 1671 1271 1701 letudine
1284 1669 1440 1701 tenebatur
1458 1691 1467 1705 ,
1492 1669 1525 1698 (et
1536 1667 1654 1706 quidem
1666 1666 1842 1696 incurabili.
1871 1666 1963 1706 ‚Qaid
1973 1671 2026 1707 igi-
2046 1653 2181 1687 1³¹1de

1138 1728 1185 1749 tur
1197 1729 1307 1758 magna
1317 1717 1371 1748 illa
1383 1721 1486 1747 anima
1489 1715 1571 1755 facit
1585 1716 1596 1747 ?
1623 1717 1675 1746 Hic
1686 1719 1764 1745 enim
1778 1724 1919 1745 arcanum
1936 1712 2024 1753 fisum
2044 1703 2134 1736 s0s0‘
2147 1728 2153 1734 ·

1136 1767 1174 1805 est
1186 1790 1192 1797 .
1221 1764 1394 1807 Desperatis
1407 1764 1540 1798 omnibus
1553 1766 1621 1796 aliis
1633 1766 1759 1797 auxiliis
1772 1787 1782 1802 ,
1797 1765 1842 1796 ad
1852 1765 2022 1798 mortalium
2044 1751 2176 1797 Gorgo·

1135 1821 1263 1848 omnium
1287 1817 1434 1848 Medicum
1452 1814 1608 1858 confugit,
1635 1823 1726 1855 atque
1747 1813 1918 1855 intempesta
1943 1813 2024 1848 noc‘le
2042 1802 2103 1836 ¹¹5ae
2117 1827 2124 1836 ·

184 1627 379 1664 praeparavit
392 1626 474 1655 Deus
487 1623 679 1666 diligentibus
691 1635 758 1657 eum
772 1637 782 1656 .·
807 1627 890 1666 Ergo
901 1634 936 1655 ne
947 1628 1015 1663 quis
1026 1621 1078 1653 boc

187 1674 272 1705 dicat
284 1696 295 1711 ,
314 1671 528 1715 summostudio
539 1675 676 1705 volumus
688 1672 876 1712 comprobare
888 1673 970 1711 quod
980 1673 1013 1704 (tt
1026 1682 1066 1703 cm

185 1721 316 1762 siquidm
321 1721 381 1761 fiat
388 1724 412 1753 5
413 1727 587 1753 aeramenta
601 1719 733 1761 Ecclefiae
749 1722 840 1762 qutbn
855 1724 872 1752 5
868 1732 1007 1764 ynagogae
1022 1745 1031 1759 ‚
1043 1722 1076 1753 <a

181 1770 392 1812 praestantiora
401 1772 492 1809 quam
504 1771 540 1807 est
553 1773 670 1800 Manna
683 1793 690 1799 .
720 1770 795 1801 Hac
807 1770 848 1801 de
874 1771 967 1801 causa
988 1769 1075 1810 Epis-

185 1830 289 1862 copus
299 1818 438 1860 expolita
448 1818 480 1850 ἀ
492 1817 712 1851 demonstrata
722 1817 881 1860 Mysteria
896 1816 1074 1859 Neophitis

1 3256 79 3302 Cap-
96 3268 151 3296 12-
173 3265 319 3309 Magnus
333 3264 419 3297 Leo:
448 3265 600 3305 Supplicat
612 3265 716 3308 ubique
730 3264 854 3307 Ecclefia
867 3270 929 3299 Deo
942 3278 999 3298 non
1009 3264 1053 3308 so-

185 1866 368 1912 plenissime
379 1867 563 1911 explicabat
573 1892 580 1899 .
601 1867 773 1910 Expositio
787 1867 923 1902 durabat
935 1879 990 1911 per
1003 1879 1072 1901 om·

184 1928 262 1953 nem
273 1919 441 1954 OCtavam.
462 1917 539 1950 Erat
550 1917 660 1950 similis
672 1917 886 1960 expolitionis
901 1915 1073 1955 hodiernae,

184 1968 245 2002 nili
259 1967 349 2011 quod
363 1969 450 2002 fieret
463 1967 575 2001 clausis
585 1967 730 2001 Bafllicae
741 1967 867 2010 januis.
896 1968 977 2013 Qo
1004 1968 1073 2000 nul-

184 2018 235 2052 lus
248 2015 429 2061 prophanus
442 2019 542 2060 postet
554 2016 707 2061 obrepere
715 2028 752 2051 ac
775 2018 881 2052 adesse
897 2042 903 2049 .
930 2019 959 2051 S.
991 2019 1070 2051 Am-

183 2068 305 2102 brosius
320 2067 429 2102 scribit
442 2067 555 2101 Altare
568 2068 659 2102 fnisse
668 2068 894 2111 compofitum,
906 2070 957 2103 seu
972 2067 1069 2111 splen·

181 2117 258 2152 dide
267 2127 440 2152 ornatum.
471 2117 604 2160 Utique
617 2129 693 2151 cum
706 2117 886 2152 luminibus
898 2142 908 2158 ‚
935 2118 968 2152 ἀ
981 2117 1068 2151 haud

181 2167 281 2202 dubie*
291 2169 391 2202 etiam
403 2179 479 2202 cum
494 2169 544 2202 SS.
555 2167 723 2211 Reliquiis
735 2179 773 2202 ac
795 2167 1001 2213 Imaginibus
1013 2193 1020 2200 .

235 2218 384 2262 Antiqua
401 2218 543 2251 Ecclefia
556 2219 808 2251 Sacro-sanctam
826 2217 1067 2252 Eucharistiam

180 2269 333 2311 exposuit
345 2268 444 2303 etiam
457 2267 534 2300 feria
547 2268 662 2311 quinta
675 2268 708 2301 ὃς
731 2269 817 2301 sexta
843 2267 975 2310 majoris
995 2266 1068 2301 heb>

179 2318 327 2351 domadae
337 2342 344 2349 .
372 2318 409 2350 ln
442 2318 627 2351 Dominico
646 2317 837 2360 sepulchro.
865 2320 993 2352 Omnes
1018 2318 1068 2351 isti

178 2367 362 2401 sanciiffimi
380 2367 478 2400 Ritus
489 2368 562 2400 sunt
584 2367 800 2410 antiquiffimi
815 2393 822 2400 .
851 2368 955 2415 Qod
978 2368 1067 2402 enim

179 2416 326 2450 feriaista
345 2417 432 2449 sexta
448 2427 514 2449 non
526 2416 679 2451 offeratur
702 2418 905 2451 Sacrificium
918 2442 928 2458 ,
949 2418 1003 2451 sed
1028 2429 1067 2451 ex

178 2464 456 2499 Praesanstificatis
467 2466 646 2500 celebretur
658 2491 668 2507 ‚
696 2468 836 2501 affirmat
850 2467 883 2501 in
898 2467 1013 2502 litteris
1026 2467 1066 2501 ad

179 2516 380 2551 Decentium
394 2515 608 2559 Eugubinum
625 2516 821 2560 Episcopum
834 2518 968 2550 Sanctus
980 2517 1064 2550 Pon—

181 2566 264 2599 tifex
289 2565 501 2599 Innocentius
520 2565 542 2597 1.
566 2565 747 2609 adjungens
768 2566 832 2599 effe
853 2565 1064 2599 traditionem

181 2615 352 2655 Ecclefiae,
370 2615 402 2649 id
415 2614 460 2648 est
472 2639 482 2655 ‚
497 2614 655 2648 vetustam
681 2615 968 2650 consuetudinem.
998 2617 1065 2649 Eti-

180 2678 235 2700 am
249 2665 402 2708 publicae,
429 2676 508 2709 quas
519 2675 598 2698 tunc
609 2675 667 2708 pro
678 2667 770 2699 omni
785 2667 1060 2709 hominurngene

179 2729 214 2749 re
228 2715 416 2749 solemniter
426 2716 563 2748 facimus
575 2739 584 2755 ‚
612 2726 719 2758 preces
734 2715 806 2749 sunt
818 2716 1060 2759 antiquiffimae.

177 2767 251 2800 Has
262 2767 387 2799 sanctus
401 2765 605 2809 Augustinus
628 2765 732 2808 palam
759 2765 868 2799 laudat
889 2767 923 2799 in
949 2766 1063 2799 litteris

177 2816 218 2850 ad
232 2815 377 2849 vitalem
390 2814 681 2859 Carthaginensem
697 2839 705 2847 .
733 2817 895 2858 Numquid
902 2815 952 2848 ubi
964 2817 1062 2848 audie-

176 2871 219 2900 ris
233 2867 418 2898 saceraotem
430 2868 483 2899 Dei
496 2867 539 2898 ad
550 2867 615 2907 ejus
630 2866 729 2898 Altare
739 2867 880 2907 populum
894 2865 1060 2898 hortantem

177 2917 221 2948 ad
233 2918 325 2949 Deum
337 2917 480 2948 orandum
492 2940 502 2956 ,
530 2917 582 2949 vel
590 2913 685 2957 ipsum
699 2917 780 2948 clara
791 2927 859 2949 voce
870 2926 1017 2955 orantem,
1027 2925 1060 2948 ut

178 2966 346 2999 incredulas
354 2975 461 3009 gentes
474 2967 518 2998 ad
520 2966 613 3008 fidem
622 2964 707 3007 suam
718 2971 823 2998 venire
833 2967 1059 3007 compellat‚non

175 3013 362 3058 respondebis
374 3041 384 3055 ,
412 3014 520 3050 Amen
533 3018 545 3048 ?
559 3015 686 3049 Laudat
698 3015 829 3049 istarum
847 3027 978 3058 precum
993 3027 1056 3048 ver-

176 3065 217 3099 ba
232 3079 243 3099 .·
268 3069 389 3097 oremus
400 3071 490 3098 etlam
502 3074 553 3104 pro
566 3068 702 3109 Pagams
715 3089 725 3105 ‚
752 3069 874 3098 Oremus
886 3071 977 3099 etiam
999 3073 1056 3106 pro

172 3115 452 3159 perfidisJudaets.
482 3117 524 3150 Et
536 3116 575 3150 ad
589 3115 662 3149 istas
672 3115 836 3149 orationes
845 3115 954 3149 omnis
977 3126 1056 3149 tunc

174 3166 316 3210 populus
328 3165 540 3207 respondebat
552 3190 564 3206 ‚
592 3169 683 3198 Amen
695 3188 703 3196 .
731 3165 870 3199 Easdem
889 3166 1056 3199 orationes

174 3213 278 3259 palam
291 3212 399 3248 laudat
412 3215 444 3247 in
459 3217 564 3257 primo
578 3214 660 3249 libro
672 3216 710 3248 de
723 3215 896 3250 vocatione
904 3214 1052 3260 gentium

170 3316 231 3349 lum
238 3323 296 3356 pro
306 3316 325 3346 5
327 3314 422 3345 anc‘lis
436 3319 512 3346 acin
524 3313 635 3354 christo
654 3322 836 3358 regeneratis
851 3340 862 3356 ‚
884 3315 938 3358 scd
961 3321 1051 3348 etiam

165 3374 223 3407 pro
234 3363 366 3397 omnibus
378 3362 549 3404 infidelibus
559 3388 571 3404 ‚
594 3367 628 3398 δ’
642 3370 770 3399 inimicis
785 3370 890 3399 Crucis
915 3364 1025 3403 Christi
1037 3388 1047 3403 ,

166 3424 221 3457 pro
245 3414 377 3447 omnibus
397 3414 535 3446 idolorum
556 3414 711 3447 cultoribus
732 3441 742 3455 ‚
764 3424 819 3457 pro
841 3414 975 3448 omnibus
999 3420 1049 3456 qui

169 3462 318 3504 christum
328 3470 360 3497 in
368 3462 434 3506 ficis
446 3463 585 3497 membris
595 3463 812 3506 persequuntur
822 3490 832 3507 ‚
842 3474 899 3509 pro
905 3467 934 3510 J
935 3466 1046 3506 udaeis,

237 3512 345 3555 christ.
361 3517 441 3557 Lupi
451 3518 548 3556 Opera
562 3517 698 3547 Tomxl.

1134 1873 1258 1907 captata
1276 1876 1339 1898 cum
1358 1865 1476 1898 morbus
1489 1876 1546 1896 non
1570 1864 1649 1897 nibil
1668 1862 1827 1905 remisisset,
1854 1865 1898 1896 ad
1919 1866 2022 1899 Altare

1134 1927 1198 1949 cum
1205 1916 1269 1958 fide
1277 1916 1443 1957 procumbit
1454 1940 1464 1955 ‚
1490 1925 1611 1957 cumque
1624 1939 1633 1954 ‚
1666 1922 1719 1955 qui
1726 1913 1817 1956 super
1828 1914 1906 1946 illud
1932 1914 2022 1947 bono·-

1134 1977 1218 1999 ratur
1232 1990 1242 2005 ,
1268 1977 1330 1998 cum
1355 1971 1469 2008 ingenti
1490 1966 1614 1998 clamore
1636 1969 1784 1997 invocans
1795 1988 1805 2003 ,
1832 1963 2022 2007 omnibusque

1136 2016 1298 2048 nominibus
1310 2017 1468 2056 appellans
1479 2039 1489 2054 ‚
1516 2025 1607 2057 atque
1618 2019 1717 2047 omma
1731 2026 1766 2047 ea
1777 2039 1787 2054 ‚
1800 2025 1864 2055 qnae
1878 2026 2021 2057 umquam

1134 2065 1253 2106 mirlfit?
1259 2067 1385 2109 gesserat
1396 2091 1405 2105 ,
1421 2067 1503 2098 velut
1517 2070 1552 2098 in
1563 2069 1734 2098 memoriam
1746 2076 1911 2097 convocans
1924 2089 1933 2104 ,
1952 2075 2022 2097 tan-

1133 2117 1200 2149 dem
1208 2122 1262 2156 pia
1272 2117 1305 2148 (θ’
1310 2117 1460 2157 praeclara
1470 2117 1600 2155 quadam
1613 2115 1796 2156 impudentia
1809 2113 1936 2154 effertur.
1941 2118 2021 2147 Eam

1133 2178 1198 2207 quae
1212 2165 1323 2207 Christi
1346 2165 1464 2205 fimbria
1473 2164 1630 2209 sanguinis
1649 2165 1832 2205 profluvium
1856 2165 2021 2205 compresse-

1133 2226 1183 2248 rat
1195 2239 1204 2253 ,
1232 2221 1373 2250 imitatur
1385 2240 1392 2247 .
1418 2217 1562 2259 ,Quidque
1567 2215 1677 2256 fecerit
1691 2240 1699 2254 ‚
1727 2215 1844 2247 audite.
1876 2215 1953 2246 cum
1972 2225 2021 2246 ca·

1130 2263 1285 2307 putsuum
1294 2271 1368 2308 pari
1380 2277 1444 2299 cum
1456 2266 1577 2297 clamore
1586 2264 1783 2306 lacrymisque,
1802 2263 1907 2304 quibus
1923 2262 2017 2295 abun-

1132 2315 1226 2348 dabat
1237 2340 1248 2355 ,
1274 2317 1455 2351 mulierculae
1466 2317 1547 2348 illius
1558 2315 1650 2356 instar
1660 2326 1725 2356 quae
1739 2316 1806 2346 olim
1829 2311 1937 2349 christi
1957 2320 2017 2352 pe.

1132 2367 1185 2398 des
1194 2370 1313 2408 rigavit
1324 2390 1333 2405 ‚
1363 2366 1461 2398 altari
1470 2366 1645 2407 admoviffit
1659 2387 1668 2401 ‚
1681 2362 1769 2404 necse
1780 2361 1867 2403 prius
1880 2362 1957 2394 illud
1967 2363 2012 2393 di-

1130 2416 1280 2457 missuram
1292 2417 1344 2457 effe
1354 2416 1548 2455 denuntIasJct
1560 2439 1570 2454 ,
1596 2417 1687 2456 quarn
1694 2412 1859 2454 sanitatem
1873 2410 2010 2453 obtinuis-

1126 2464 1175 2507 set
1187 2490 1196 2504 ,
1209 2475 1243 2496 ac
1255 2466 1362 2497 deinde
1376 2463 1426 2495 hoc
1434 2462 1487 2504 fiio
1498 2463 1661 2497 Pharmaco
1675 2467 1790 2504 Corpus
1804 2469 1899 2492 totum
1907 2461 2010 2502 perfu-

1129 2514 1210 2556 disset
1220 2539 1230 2554 ,
1257 2516 1290 2547 (π
1296 2514 1325 2555 fi
1330 2515 1406 2555 quid
1414 2512 1528 2554 uspiam
1542 2518 1752 2555 Anti-typorum
1759 2510 1880 2553 pretIoli
1902 2515 2012 2552 Corpo-

1128 2569 1170 2596 ris
1186 2574 1240 2596 aut
1253 2567 1412 2607 Sanguinis
1427 2574 1533 2595 manus
1554 2564 1759 2596 recondiderat
1772 2587 1781 2601 ,
1803 2561 1838 2593 id
1855 2560 2008 2599 lachrymis

1127 2613 1318 2656 admiscuisset
1332 2639 1341 2653 ,
1369 2618 1392 2645 O
1407 2625 1469 2645 rem
1482 2615 1699 2646 admirandam
1716 2614 1727 2644 .’
1749 2612 1849 2651 statim
1857 2609 1891 2653 se
1901 2611 2010 2644 libera-

1096 2648 1189 2695 ¹'tam
1216 2664 1310 2696 morbo
1323 2662 1438 2704 sentit.
1467 2663 1692 2697 Domesticam
1715 2661 1949 2694 Eucharistiam
1971 2661 2004 2694 in

1111 2712 1319 2747 lDomestico
1333 2716 1390 2747 suo
1404 2713 1510 2746 Altari
1526 2714 1676 2756 exposuit
1689 2737 1699 2752 ,
1711 2712 1742 2744 ἅ
1756 2709 1920 2743 Christum
1934 2709 2007 2743 Do-

1111 2764 1334 2797 ¹minumistic
1348 2764 1512 2797 adoravit.
1541 2763 1580 2796 Ei
1600 2762 1633 2797 in
1660 2760 1850 2795 memoriam
1873 2758 2002 2794 reduxit

1123 2814 1238 2847 omnia
1252 2814 1345 2848 variis
1358 2825 1413 2857 per
1427 2813 1530 2857 ipsum
1543 2812 1673 2856 praestita
1696 2810 1871 2845 sanitatum
1899 2808 1999 2843 Mira-

1123 2864 1209 2902 cula,
1220 2874 1358 2907 eamque
1371 2865 1507 2908 gratiam
1523 2859 1739 2904 expostulavit
1752 2871 1788 2893 ac
1803 2859 1995 2902 impetravit.

1124 2914 1165 2946 Et
1178 2914 1346 2948 mulierem
1362 2938 1371 2954 ,
1398 2925 1468 2958 quae
1482 2912 1645 2955 sanguinis
1666 2911 1790 2945 fluxum
1814 2908 1997 2951 patiebatur

1122 2963 1246 2998 imitata
1261 2988 1272 3004 ,
1299 2976 1365 2998 non
1380 2965 1478 2997 solam
1494 2962 1664 2995 Dominici
1680 2959 1861 2995 vestimenti
1877 2958 2000 2992 fimbri-

1120 3024 1194 3052 am,
1219 3025 1278 3048 nec
1292 3014 1396 3048 solum
1411 3012 1549 3046 Domini
1564 3011 1699 3053 Altare·,
1731 3009 1782 3044 sed
1800 3009 1905 3052 ipsum
1925 3009 1994 3051 ejus

1119 3063 1373 3098 Sacro-sanctum
1399 3063 1548 3104 Corpus,
1570 3061 1602 3094 &
1624 3060 1826 3106 Sanguinem
1850 3058 1961 3102 tetigit
1980 3082 1992 3098 ,

1119 3114 1176 3147 suo
1191 3113 1349 3159 languido
1362 3112 1501 3154 Corpori
1514 3110 1659 3144 admovit
1672 3136 1683 3151 ,
1695 3112 1725 3144 δε
1743 3110 1805 3143 suis
1816 3107 1992 3151 lachrymis

1117 3163 1351 3206 miscuit‚atque
1363 3163 1405 3196 ita
1419 3162 1588 3195 consecuta
1597 3161 1641 3194 est
1656 3161 1782 3205 plenam
1797 3159 1964 3192 sanitatem
1977 3182 1984 3189 .

1166 3214 1330 3247 Discimus
1343 3212 1420 3246 hinc
1431 3212 1515 3245 varia
1529 3234 1537 3242 .
1547 3210 1659 3245 Primo
1670 3236 1680 3252 ,
1693 3208 1781 3254 quod
1794 3210 1895 3241 sancta
1906 3207 1988 3240 Gor-

1114 3264 1213 3307 gonia
1225 3263 1313 3297 domi
1328 3263 1388 3296 suae
1401 3259 1548 3295 habuerit
1561 3262 1797 3296 Sacrosancram
1811 3256 1987 3291 Eucharis-

1114 3316 1190 3347 tiam
1204 3313 1260 3347 sub
1273 3323 1407 3356 utraque
1417 3312 1524 3354 specie
1540 3325 1550 3344 :
1564 3313 1640 3346 Erat
1652 3309 1813 3355 singulare
1824 3331 1831 3338 .
1858 3306 1984 3350 Ignoto

1113 3363 1288 3397 secundum
1302 3363 1496 3405 exemplum.
1510 3361 1685 3396 Praesertim
1699 3361 1730 3393 in
1744 3356 1871 3391 faemina
1885 3381 1891 3388 .
1903 3357 1986 3391 Orn-

1112 3424 1169 3447 nes
1178 3414 1267 3447 enim
1282 3413 1373 3446 Laici
1389 3424 1446 3454 pro
1458 3410 1634 3446 domestica
1649 3406 1848 3443 Eucharistia
1871 3405 1983 3448 paffim

1108 3460 1272 3499 habebant
1285 3462 1386 3498 solam
1398 3461 1496 3497 Panis
1507 3462 1644 3505 speciem
1656 3483 1664 3492 .
1678 3457 1840 3495 Existimo
1851 3455 1983 3538 ‘lispem

1464 3511 1502 3544 H
1528 3509 1550 3544 h
1872 3514 1940 3548 ate:
