2366 3736
586 128 770 159 emen
807 109 1331 159 Panmcmmneu
1366 110 1664 156 RnGuLAR.

216 195 383 239 politanus
395 194 574 241 Episcopus
597 196 706 231 laudat
719 196 921 241 AEgyptiaca
932 195 965 228 in
979 194 1092 229 Nitriae

214 246 336 281 Monte
348 245 509 281 Coenobia
521 272 531 288 ,
558 247 694 282 affirmat
714 246 778 282 illis
788 247 849 280 effe
857 248 945 280 suam
958 268 969 284 ,
982 245 1015 278 ἀ
1026 246 1092 287 qui-

214 295 288 329 dem
312 297 489 332 maximam
506 297 679 333 Ecclefiam
701 305 775 328 cum
792 296 856 329 suis
868 294 999 328 Divinis
1012 295 1093 328 Offi-

36 344 118 390 Cap.
160 346 192 381 6.
213 344 275 378 ciis
286 368 298 385 ,
324 356 419 388 atque
433 347 600 390 adjungit:
626 348 703 378 Sunt
718 355 818 378 autem
828 347 886 380 ocf'lo
899 343 1067 383 Presbyter)
1080 369 1091 384 ‚

2 846 3 850 ,
33 808 95 853 Ep.
131 822 187 861 27.

35 870 104 904 cap.
118 871 151 907 7.

33 982 97 1026 ΕΡ.
133 984 189 1022 61.

34 1043 105 1078 cap.
131 1043 164 1070 2..

214 400 266 437 qui
285 394 425 438 praesunt
446 396 511 429 huic
533 394 683 436 Ecclefiae.
710 399 745 430 ln
768 407 829 437 qua
847 394 990 437 quamdiu
1010 399 1092 427 vivit

208 449 329 489 primus
345 447 499 484 Presbyter
510 469 521 484 ‚
548 445 649 477 nullus
661 446 738 479 alius
752 444 836 485 offert
849 469 859 485 ,
885 455 934 476 nec
948 444 1068 483 judicat
1081 468 1091 483 ,

214 505 266 527 mc
279 494 371 528 habet
382 488 544 528 sertrionem
557 517 567 533 ,
588 493 646 537 sed
656 497 744 527 tacite
750 494 845 536 solum
854 505 918 526 cum
928 505 959 525 eo
963 491 1069 535 sedent
1081 519 1088 526 .

215 548 272 576 Hic
296 556 420 588 magnus
434 543 546 585 Arsifius
559 569 569 585 ,
595 546 629 582 (ρ’
639 546 694 577 alie·
705 547 788 576 multi
798 555 860 576 cum
868 555 898 576 eo
904 541 989 586 senes
1000 568 1010 583 ‚
1022 554 1092 585 quor

213 604 268 626 nos
292 597 426 626 vidimus
440 617 451 633 ‚
470 594 599 635 fuerunt
615 603 741 636 tempore
763 595 894 635 aequaler
907 595 1016 636 Magno
1038 598 1095 625 An·

213 649 292 675 tonia
315 667 322 674 .
348 642 435 676 Inter
458 644 533 677 istos
550 643 739 678 Monachos
759 643 792 678 &
821 644 853 676 in
869 642 928 676 isia
951 643 1092 676 Ecclesia

212 691 305 725 fuiffe
321 692 441 726 multos
455 694 641 727 Sacerdotes
650 705 688 727 ac
699 693 831 727 Levitas
842 692 973 727 testatur
988 694 1019 725 in
1033 692 1093 725 Li-

211 741 288 776 teris
298 742 337 775 ad
353 743 568 787 Eustochium
582 746 613 778 S.
626 746 705 777 item
721 742 950 785 Hieronymus
961 765 969 773 .
983 741 1091 775 Etiam

210 791 242 824 S.
267 790 488 835 Epiphaniam
512 803 587 827 ante
611 794 844 837 Episcopatum
866 793 959 825 fuisse
984 792 1032 824 sui
1057 792 1089 824 in

211 840 381 876 Palaestina
395 842 549 878 Coenobii
562 843 786 886 Presbyterum
803 840 914 875 scribit
929 842 963 874 in
976 840 1093 875 litteris

211 892 251 924 ad
271 889 519 928 pammachium
533 917 541 925 .
568 892 817 936 Antiquiffimas
828 892 1008 934 primorum
1028 892 1091 925 Cae-

211 939 398 976 nobitarum
432 943 589 976 Ecclesias
618 953 654 974 ac
679 941 888 983 presbyteros
907 942 1093 984 frequenter

209 990 322 1024 laudat
343 990 441 1024 etiam
464 992 607 1034 Joannes
629 992 797 1024 Cassianus
821 1015 828 1022 .
870 990 1001 1034 Nempe
1029 990 1093 1025 istae

209 1038 360 1075 Ecclefiae
381 1051 457 1075 cum
482 1040 553 1083 ipfis
575 1039 748 1074 Coenobiis
778 1051 832 1083 per
853 1038 883 1073 S.
903 1039 1091 1074 Antonium

209 1099 379 1133 coeperunt
393 1114 400 1121 .
430 1089 577 1138 Qiodin
597 1086 696 1125 sandi
717 1092 814 1124 etiam
829 1089 1008 1125 Pachomii
1022 1091 1092 1125 Coe-

209 1140 320 1173 nobiis
345 1140 468 1183 semper
493 1141 633 1181 fuerint,
661 1141 794 1174 lucetin
814 1140 956 1183 ejusdem
981 1141 1092 1174 Patris

209 1187 340 1233 Regula
351 1214 359 1221 .
374 1190 416 1223 Et
436 1190 649 1233 antiquiffimi
661 1191 815 1225 Canones
830 1189 896 1223 haec
909 1190 1023 1224 omnia
1035 1190 1091 1223 ssa-

209 1239 272 1271 tim
296 1238 492 1281 probarunt.
522 1240 680 1281 Arabici,
706 1251 788 1283 quos
801 1240 927 1274 constat
949 1240 1092 1273 effoinfi-

210 1289 320 1332 gniter
341 1300 458 1331 canos,
487 1288 767 1325 Monasteriorum
785 1289 1019 1334 presbyteros,
1040 1301 1090 1333 ap·

211 1338 335 1381 pellant
348 1338 550 1374 Monarchas
559 1365 567 1372 .

260 1387 351 1436 Qin
377 1388 446 1424 imo
458 1400 582 1433 magnai
591 1389 732 1432 plurium
747 1388 987 1425 Coenobiorum
1008 1388 1090 1422 soli·-

209 1438 344 1473 tudines
357 1438 463 1473 statim
476 1438 494 1472 a
506 1440 554 1473 sui
564 1439 702 1473 exordio
714 1438 895 1474 habuerunt
910 1449 978 1471 non
1001 1439 1088 1472 dum·

209 1494 301 1522 taxat
314 1488 530 1531 Presbyteros
540 1500 577 1523 ac
588 1489 718 1522 Levitas
729 1512 740 1528 ,
766 1489 819 1523 sed
832 1490 867 1523 δε
881 1488 1089 1531 Episcopum.

209 1537 347 1571 Etenim
360 1538 400 1573 de
412 1539 558 1579 Lazaro,
585 1538 750 1581 Ephrem,
776 1550 814 1573 ac
836 1538 1003 1582 Eulogic„
1026 1539 1089 1581 Sy-

208 1586 262 1621 riae
272 1598 310 1621 ac
323 1587 572 1632 Mesopotamiae
583 1588 762 1623 Monachis
775 1612 786 1627 ,
812 1588 920 1622 scribit
937 1589 1090 1621 Hermias

66 1630 189 1669 Lib-6.
208 1637 436 1672 Zozomenus:
463 1637 651 1672 creabantur
672 1636 811 1679 Episcopi
831 1649 889 1670 non
910 1637 992 1669 urbis
1002 1638 1090 1670 alicu·

37 1691 111 1726 cap·
130 1690 188 1732 34·
201 1688 259 1730 jus
270 1709 282 1726 ,
303 1685 363 1730 sed
381 1687 500 1721 honoris
513 1686 598 1729 causa
608 1691 661 1729 qui
670 1687 762 1720 veluti
776 1691 852 1720 vdtae
862 1686 1009 1719 anteac‘lae
1018 1697 1088 1719 com-

32 2333 115 2379 Cap.
152 2348 174 2385 7

38 2537 119 2582 Cap.
135 2547 148 2573 1
155 2549 175 2584 ς

32 2588 174 2625 fol-262

32 2637 116 2684 ,Cap-
130 2639 183 2683 56.

203 1734 343 1780 pensatio
374 1739 436 1770 illis
469 1736 660 1778 deferebatur
679 1742 712 1769 in
726 1741 854 1778 propriis
878 1736 1060 1776 monasteriis
1082 1761 1088 1767 .

209 1785 414 1820 Creabautur
436 1786 590 1829 Episcopi
625 1787 758 1819 suorum
784 1785 1052 1818 monasteriorum
1081 1808 1088 1816 .

209 1836 278 1870 Eos
289 1835 430 1869 floruisse
447 1835 538 1869 'addit
551 1834 609 1869 sub
619 1834 806 1870 Constantii
819 1833 958 1877 imperio
967 1857 974 1866 .
987 1835 1088 1868 Erant

210 1884 313 1929 igitur
342 1896 384 1920 ex
407 1885 519 1929 primis
552 1887 583 1919 S.
605 1882 747 1919 Antonii
771 1884 937 1927 discipulis
958 1907 970 1924 ,
995 1893 1090 1927 atque

209 1935 295 1970 adeo
324 1934 383 1969 iste
404 1946 475 1969 mos
495 1934 541 1969 est
554 1945 650 1969 natus
660 1945 734 1970 cum
748 1934 817 1977 ipfis
829 1933 990 1968 coenobiis
1003 1958 1018 1966 t.
1046 1935 1088 1968 Et

212 1984 317 2026 ipsum
339 1984 512 2029 postmodo
533 1995 639 2019 ratum
652 1984 764 2018 habuit
778 2008 788 2023 ‚
814 1985 847 2018 ἀ
860 1984 997 2017 firmavit
1021 1984 1087 2018 sex-

209 2044 262 2068 tus
272 2034 390 2068 Canon
408 2033 702 2069 Chalcedonensis:
731 2033 882 2075 Ejusdem
894 2032 993 2067 moris
1006 2036 1088 2068 anti·

209 2084 328 2129 quitari
350 2085 517 2118 attestatur
528 2086 559 2119 S.
572 2085 799 2127 Hieronymus
816 2108 823 2115 .
852 2084 983 2118 Etenim
995 2084 1024 2116 S.
1037 2085 1087 2119 lsi-

209 2136 327 2168 dorum
350 2134 443 2169 fuisse
464 2134 702 2169 Coenobiorurn
715 2134 748 2167 in
762 2133 878 2168 Nitriae
893 2142 1006 2167 monte
1016 2135 1087 2176 Epi-

208 2184 343 2227 scopum
357 2183 455 2218 habes
466 2185 498 2218 in
512 2185 637 2228 praefata
651 2183 716 2225 ejus
727 2183 765 2216 ad
783 2180 998 2217 Eustochium
1011 2185 1086 2228 Epi—

207 2232 290 2267 stola
304 2259 311 2266 .
341 2234 419 2277 Ejus
438 2233 655 2268 Succefforem
667 2233 867 2271 Dioscorum
881 2232 1030 2275 praedicat
1054 2235 1086 2267 in

207 2283 358 2327 Dialogo
376 2293 452 2317 cum
464 2283 652 2318 Theodoro
673 2284 835 2318 Romanae
848 2282 994 2317 Ecclesiae
1012 2284 1089 2318 Dia-

206 2343 294 2367 couo
315 2334 460 2377 praefatus
475 2333 640 2367 Palladius
661 2357 673 2374 ,
698 2333 881 2367 Maenium
906 2333 1090 2368 Monacho-

206 2394 279 2416 rum
299 2384 333 2416 in
355 2392 467 2419 monte
477 2383 553 2417 Sina
568 2383 764 2426 Episcopum
785 2382 895 2416 laudat
913 2383 1090 2426 Imperator

206 2431 393 2467 Martianus
420 2434 452 2467 in
475 2432 591 2467 litteris
609 2433 648 2467 ad
661 2431 832 2474 Synodum
851 2431 1053 2467 Palaestinam
1082 2458 1090 2467 .

207 2481 347 2515 Exstant
367 2482 432 2516 iilae
453 2482 486 2516 in
501 2484 595 2517 tertia
609 2493 695 2526 parte
704 2481 829 2525 Synodi
843 2481 1089 2517 Chalcedonen-

207 2532 247 2565 fis
270 2556 278 2564 .
315 2531 467 2566 Eundem
494 2532 726 2575 Episcopatum
749 2543 932 2565 memorant
953 2533 1087 2567 Martini

208 2581 313 2617 Crufii
340 2581 572 2626 Turcograecia
597 2605 608 2620 ‚
632 2581 666 2614 δε
687 2581 721 2614 in
741 2581 920 2615 orientalis
940 2582 1088 2616 Ecclesiae

207 2631 342 2666 historia
361 2631 499 2674 Iacobus
511 2630 694 2665 Cardinalis
705 2628 746 2664 de
757 2630 909 2665 Vitriaco
922 2655 929 2663 .
957 2632 1000 2665 Et
1013 2631 1089 2667 Mo·

207 2680 443 2716 nothelitarum
466 2680 620 2724 Princeps
641 2679 840 2714 Theodorus
852 2679 1088 2717 pharanitanus

205 2742 272 2765 erat
294 2732 473 2775 Episcopus
493 2728 738 2765 Monachorum
759 2730 794 2764 in
805 2740 917 2763 monte
927 2729 1066 2767 Pharam
1081 2758 1088 2764 .

204 2781 307 2828 Qod
317 2782 462 2825 quaedam
474 2780 609 2815 illustria
619 2780 979 2824 Constantinopolitani
989 2782 1087 2817 etiam

203 2830 442 2865 Patriarcharus
465 2829 626 2865 Coenobia
651 2831 724 2864 suos
748 2828 931 2865 habuerunt
956 2830 1087 2875 Episco-

203 2891 265 2925 pos
278 2905 289 2921 ,
314 2882 446 2915 testatur
456 2880 490 2914 in
503 2881 621 2914 litteris
631 2880 673 2914 ad
684 2879 1084 2924 Constantinopolitanam

204 2931 384 2965 Ecclesiam
405 2930 608 2965 Venerabilis
628 2931 794 2973 Stylianus
816 2954 827 2971 ,
853 2931 887 2964 in
912 2931 1083 2966 Eufratefia

204 2978 379 3015 Provincia
393 2980 572 3024 Episcopus
583 2980 867 3015 Neocaesarienfis.
896 2981 1008 3016 Exstat
1020 2982 1085 3026 epi-

205 3028 287 3063 stola
308 3032 376 3074 post
395 3034 547 3066 octavum
561 3030 751 3064 Concilium
764 3053 771 3061 .
797 3029 978 3064 Parifienfis
989 3031 1082 3072 olim,

204 3079 240 3113 ἀ
260 3079 316 3114 alii
339 3105 351 3122 ,
383 3081 418 3114 in
440 3093 580 3126 quorum
604 3079 772 3115 Parochiis
794 3081 900 3114 Sanffi
924 3080 1080 3124 Dionysii

205 3128 405 3167 Coenobium
424 3130 522 3168 habet
532 3131 644 3167 altaria
655 3154 667 3171 ,
693 3130 859 3165 Gallicani
873 3129 1025 3176 Episcopi
1038 3143 1081 3166 re·

299 3478 404 3520 Christ.
418 3481 497 3521 Lupi
506 3480 602 3520 Opera
613 3481 690 3513 rom.
702 3480 734 3511 X
737 3484 760 3515 1.

1134 200 1140 281 Ι

1152 193 1364 235 calcitrabant
1376 193 1576 238 Apostolicis
1585 195 1652 238 ejus
1663 191 1860 239 privilegiis.-
1886 193 1964 231 hinc
1988 194 2039 230 illi

1155 245 1318 289 proprium
1334 245 1528 288 Episcopum
1541 270 1551 285 ‚
1578 246 1610 280 δε
1623 245 1658 278 in
1674 244 1744 287 ipso
1767 244 1995 286 Coenobio,&
2008 249 2041 281 in

1154 295 1277 330 cuneiis
1299 294 1367 338 ejus
1396 294 1549 329 altaribus
1573 296 1773 336 perasturum
1795 294 2006 329 pontificalia
2031 319 2043 335 ,

1153 344 1241 380 dedit
1264 343 1428 377 Adrianus
1440 345 1462 377 1.
1476 343 1654 385 Pontifex,
1680 344 1896 388 &appellavit
1911 345 2044 388 Episco-

1155 406 1231 438 pum
1244 394 1274 427 S.
1290 393 1460 437 Dionysii.
1487 393 1535 428 lta
1547 394 1645 437 fregit
1657 393 1792 428 istorum
1804 394 2042 438 Episcoporum

1154 444 1282 478 animos
1292 469 1299 476 .
1314 443 1356 477 Et
1367 443 1439 487 quis
1454 444 1573 477 nesciat
1583 441 1773 479 Lobbienfis
1793 444 1879 489 apud
1893 455 1952 479 nos
1966 444 2043 479 (ἰω-

1155 494 1248 527 nobii
1274 494 1396 537 primos
1420 491 1564 527 Abbates
1586 493 1678 526 fuisse
1700 493 1878 537 Episcopos
1898 496 1911 528 ἒ
1947 495 2042 529 Simi-

1155 545 1218 576 lem
1242 544 1439 586 Episcopum
1459 541 1575 576 habuit
1591 543 1690 576 etiam
1701 542 1900 579 Turonense
1922 545 2042 578 Coeno·

1155 593 1244 626 bium
1265 594 1294 626 S.
1315 592 1456 626 Martini
1474 615 1482 623 .
1506 592 1613 638 Qae,
1639 592 1673 625 δι’
1697 593 1760 626 alla
1786 594 1876 636 plura
1893 595 2042 637 exempla

1155 643 1380 677 demonstrant
1407 641 1497 675 hune
1523 642 1722 684 Scriptorem
1734 643 1795 675 esse
1807 654 1911 677 rerum
1922 644 2043 678 Mona-

1155 693 1305 727 sticarum
1319 690 1447 735 penitus
1463 690 1649 734 imperitum
1664 712 1672 721 -

1205 743 1295 778 ldem
1307 744 1449 785 Scriptor
1462 742 1623 782 advertit,
1651 740 1740 783 quod
1754 741 1920 784 primitiva
1936 742 2044 776 Eccle-

1155 793 1197 826 sia
1212 793 1317 835 lapsos
1338 795 1373 825 in
1395 793 1520 826 crimen
1536 789 1664 826 Fideles
1677 791 1887 834 proscriberet
1901 790 1918 824 a
1931 793 2043 826 Consi-

1155 842 1271 876 stentia
1296 843 1329 875 &
1349 841 1367 874 a
1393 840 1597 884 publicarum
1611 841 1811 875 Orationum
1827 841 2043 875 Communio-

1157 903 1197 925 ne
1212 916 1223 932 ,
1252 893 1304 925 seu
1317 891 1335 924 a
1347 892 1451 926 Miffae
1468 891 1637 926 Sacrificio
1648 915 1659 931 ,
1684 901 1782 934 atque
1794 891 1963 934 adjungit:
1979 893 2042 933 ,Qui

1150 941 1187 984 fit
1205 953 1293 986 ergo,
1319 950 1352 973 ut
1374 942 1452 983 quod
1474 942 1542 973 olim
1556 939 1696 983 scelerofis
1718 942 1959 982 &peccatoribus
1984 942 2041 973 loca

1152 992 1319 1033 poenaefuit
1330 1015 1341 1031 ‚
1368 1001 1444 1023 nunc
1464 996 1588 1032 propria
1594 988 1700 1032 sponte
1713 989 1875 1030 christiam
1885 988 2039 1032 usurpent,

1155 1044 1225 1074 dum
1242 1039 1352 1085 sespſss
1373 1040 1413 1072 ab
1435 1048 1563 1074 oratione
1573 1045 1716 1073 communi
1725 1042 1888 1074 excludunt
1902 1041 1918 1072 ἓ
1947 1040 2046 1083 ‚Quod

1153 1094 1221 1126 olim
1237 1091 1416 1135 supplicium
1430 1090 1604 1132 fuit‚quod
1618 1092 1793 1130 damnatio,
1820 1101 1898 1123 nunc
1921 1099 1954 1122 ut
1971 1095 2043 1131 pri·-

1153 1144 1294 1186 vilegium
1305 1167 1315 1182 ,
1326 1149 1359 1173 ut
1366 1147 1470 1187 gratia
1482 1142 1623 1182 quadam
1637 1139 1770 1180 &favor
1781 1140 1939 1173 habeatur?
1951 1139 2047 1184 ‚Quod

1151 1203 1216 1225 erat
1238 1197 1426 1234 ignomimae‚
1453 1192 1532 1231 quod
1547 1190 1676 1230 probro,
1701 1192 1779 1231 quod
1800 1191 1931 1223 dedecori
1955 1214 1966 1229 ‚
1992 1201 2045 1223 ex·

1153 1250 1200 1274 tra
1225 1250 1328 1283 nempe
1346 1239 1519 1282 consortium
1533 1238 1739 1282 &societatem
1766 1238 2045 1282 Fraerumsuorum

1151 1303 1256 1331 orare,
1277 1300 1355 1326 nune
1374 1291 1522 1334 gloria&
1547 1290 1646 1323 honori
1668 1292 1827 1323 vertatur?
1854 1293 1989 1331 Denique
2011 1297 2046 1322 ut

1151 1343 1230 1384 quod
1241 1342 1308 1373 olim
1315 1345 1427 1382 peccati
1437 1350 1472 1371 ac
1491 1339 1606 1382 sceleris
1616 1341 1744 1379 alicujus
1753 1337 2047 1381 perpetratifignum

1147 1390 1211 1434 fuit
1232 1392 1380 1429 evidens,
1409 1400 1485 1422 nunc
1513 1393 1639 1423 virtutis
1662 1387 1817 1431 cujusdam
1835 1387 1974 1431 specialis
2001 1385 2047 1430 (fi

1152 1444 1272 1482 Superis
1292 1441 1417 1482 placet)
1450 1447 1518 1470 nota
1533 1439 1570 1479 fit
1586 1439 1604 1470 3¹
1629 1437 1672 1471 Et
1687 1438 1769 1473 infra
1784 1451 1796 1471 .-
1823 1442 1964 1471 oratoria
1977 1438 2045 1477 illa,

1151 1493 1195 1522 ad
1212 1502 1281 1531 quae
1305 1502 1357 1522 nos
1380 1494 1557 1530 recipimus,
1581 1486 1764 1531 sufferentes
1793 1498 1844 1520 nos
1858 1487 1977 1523 coetibus
1989 1489 2049 1521 Ec-

1153 1537 1306 1580 ‹lcfialltcis
1317 1541 1351 1572 (τ
1361 1538 1559 1570 communibus
1573 1561 1584 1576 ‚
1611 1546 1699 1579 atque
1720 1538 1805 1570 oculis
1819 1540 1930 1573 Matris
1942 1537 2047 1578 nostre

1153 1602 1206 1623 nos
1219 1587 1435 1632 subducentes,
1461 1588 1520 1619 (nc.
1544 1585 1697 1620 Affirmat
1720 1584 1870 1627 Fideles,
1897 1587 1958 1630 qui.
1978 1586 2045 1621 Re-

1152 1639 1278 1684 gulares
1291 1639 1496 1681 frequentant
1509 1636 1666 1670 Ecclefias
1678 1660 1689 1676 ‚
1706 1636 1769 1670 effe
1781 1635 1815 1670 in
1826 1647 1868 1671 eo
1886 1637 1970 1672 statu
1981 1661 1993 1678 ,
2011 1637 2049 1674 in

1154 1700 1222 1732 quo
1243 1687 1326 1721 olim
1345 1696 1438 1720 erant
1462 1685 1661 1728 proscriptia
1675 1685 1912 1720 Consistentia.
1941 1685 2047 1723 Effea

1155 1738 1329 1780 semetipsis
1349 1746 1439 1771 extra
1451 1736 1648 1769 Sanstorum
1661 1734 1945 1770 Communionem
1967 1735 2046 1770 rele-

1153 1797 1268 1832 gatos.
1297 1783 1399 1832 Qod
1422 1783 1608 1827 semetipsos
1629 1784 1824 1819 suffurentur
1849 1784 2046 1820 Ecclesiasti-

1154 1838 1436 1880 caeApparitutae‚
1461 1844 1559 1879 atque
1579 1835 1624 1867 ita
1636 1833 1841 1877 frequentent
1866 1835 2046 1878 Parasyna-

1153 1896 1274 1935 gogas.
1304 1884 1405 1931 Qod
1426 1885 1493 1918 ista}
1517 1883 1666 1919 Ecclefiae
1687 1884 1747 1917 sint
1757 1883 2017 1930 Parasynagogae
2033 1912 2041 1918 .

1152 1936 1255 1987 Qod
1266 1936 1327 1969 fint
1338 1945 1426 1968 extra
1439 1934 1724 1969 Communionem
1736 1933 1910 1978 Episcopi.
1938 1935 2041 1970 Nem-

1152 1999 1192 2030 pe
1212 1986 1298 2030 apud
1321 1985 1417 2019 istum
1443 1983 1676 2028 Dogmatisten
1690 1983 1865 2021 Romanus
1877 1983 2038 2023 Pontifex

1153 2035 1457 2079 nequitRegulares
1471 2033 1803 2074 Ecclefiaseximere,
1831 2045 1891 2069 nec
1916 2032 2040 2070 Christi

1151 2086 1293 2121 Domini
1312 2095 1389 2119 oves
1408 2084 1482 2128 ipsis
1507 2084 1675 2129 delegare,
1702 2094 1801 2129 atque
1820 2083 1866 2119 ita
1892 2085 2041 2127 quicum-

1150 2147 1211 2180 que
1229 2136 1303 2170 istas
1326 2133 1553 2178 exemptiones
1565 2143 1662 2178 atque
1669 2134 1894 2179 delegationes
1906 2146 2038 2178 praeten·

1149 2188 1232 2219 dunt
1244 2209 1254 2226 ,
1269 2187 1435 2219 secernunt
1447 2185 1479 2218 se
1489 2184 1506 2217 a
1519 2184 1769 2218 Communioue
1782 2185 1829 2220 sui
1843 2182 2038 2222 orthodoxi

1153 2235 1303 2279 Episcopi
1329 2259 1339 2275 ‚
1365 2236 1398 2268 ὅ(
1422 2235 1493 2267 sunt
1515 2233 1774 2280 Parasynagogae
1798 2258 1806 2268 .
1833 2234 1889 2269 Est
1902 2237 2035 2276 auertit»,

1150 2284 1319 2320 manifeste
1343 2283 1547 2318 schismatica
1565 2309 1571 2317 .

1202 2336 1245 2370 Et
1266 2333 1399 2378 quidem
1432 2333 1562 2368 modica
1584 2333 1676 2369 istius
1688 2333 1911 2377 scriptitatoris
1922 2333 2036 2371 charta

1150 2386 1246 2420 scatet
1271 2382 1450 2418 istiusmodi
1462 2384 1593 2428 ineptiis
1607 2410 1614 2418 .
1645 2385 1687 2418 Et
1699 2383 1777 2426 quid
1788 2385 1879 2428 juvet
1891 2385 2036 2429 singulas

1149 2434 1329 2469 adducere?
1355 2433 1465 2467 Bonas
1486 2433 1581 2468 horas
1605 2435 1760 2468 debemus
1783 2432 1880 2468 rebus
1892 2435 2035 2469 meliori·

1150 2484 1225 2519 bus.
1255 2485 1335 2518 Haec
1355 2482 1483 2517 abunde
1494 2483 1678 2525 sufficiunt,
1710 2494 1745 2518 ut
1758 2483 1878 2517 Fidelis
1891 2485 2031 2528 populus

1150 2534 1275 2570 noverit
1296 2532 1469 2567 hominem
1489 2558 1498 2574 ,
1525 2543 1622 2577 atque
1645 2533 1690 2567 ita
1713 2533 1782 2576 ejus
1807 2530 2031 2569 schismaticos

1149 2585 1281 2628 laqueos
1310 2585 1413 2626 fugiat
1441 2594 1479 2616 ac
1502 2583 1677 2617 detestetur
1698 2608 1707 2616 .
1736 2583 1943 2626 Scriptitator
1969 2584 2030 2619 iste

1148 2634 1237 2668 aliud
1259 2645 1327 2667 non
1350 2631 1446 2666 habet
1467 2654 1478 2670 ,
1514 2644 1611 2676 quarn
1633 2632 1879 2668 lenocinantem
1913 2634 2027 2669 Latini

1149 2684 1304 2717 sermonis
1330 2682 1440 2715 fucum
1463 2706 1473 2722 ‚
1499 2681 1539 2716 de
1571 2693 1638 2726 quo
1660 2682 1694 2716 in
1717 2683 1860 2717 secundo
1884 2683 2029 2718 stroma-

1147 2743 1218 2767 tum
1236 2732 1320 2767 libro
1334 2732 1457 2766 sanstus
1469 2732 1623 2767 Clemens
1636 2732 1880 2767 Alexandrinus
1897 2746 1909 2765 .·
1935 2737 2026 2775 Opor-

1145 2791 1188 2817 tet
1212 2794 1297 2823 eum,
1324 2788 1374 2824 qui
1397 2793 1498 2815 curam
1512 2788 1591 2827 gerit
1615 2788 1758 2817 veritatis
1771 2807 1781 2822 ‚
1808 2794 1865 2815 non
1876 2781 2024 2825 infidiose,

1145 2840 1283 2876 captoque
1297 2830 1405 2873 confilto
1423 2856 1433 2872 ,
1459 2835 1493 2867 (ν
1513 2844 1585 2866 cura
1609 2832 1747 2865 adbibita
1771 2832 1930 2864 difflonem
1949 2844 2022 2866 com-

1143 2893 1248 2925 ponere
1258 2907 1269 2923 ‚
1295 2881 1352 2925 sed
1367 2889 1468 2915 conari
1479 2884 1597 2916 tantum
1607 2883 1642 2914 id
1653 2906 1663 2922 ,
1688 2882 1766 2923 quod
1777 2883 1846 2915 vult
1856 2907 1866 2923 ‚
1878 2884 2019 2924 quomodo
2034 2913 2037 2916 ,

1145 2933 1252 2975 potest,
1277 2941 1440 2974 exponere.
1467 2935 1529 2964 Eos
1548 2937 1649 2971 enim,
1675 2938 1725 2973 qut
1746 2931 1863 2966 baerent
1886 2931 2020 2966 duviani-

1147 2984 1223 3024 bm,
1249 2984 1283 3016 <5
1304 2988 1337 3020 m
1355 2986 1397 3015 eis
1410 2979 1478 3025 sunt
1499 2986 1646 3023 occupati,
1671 2993 1719 3014 res
1741 2981 1815 3025 ipsae
1837 2982 1979 3025 effugiunt
2007 2995 2017 3016 ;·

1147 3033 1215 3080 Qi
1238 3032 1283 3066 eis
1301 3043 1396 3075 prava
1413 3032 1570 3076 dogmata
1592 3029 1767 3071 obvelatae,
1794 3033 1868 3066 sunt
1892 3033 1959 3075 lupi
1984 3032 2019 3066 in

1148 3081 1344 3117 vestimentis
1354 3081 1467 3116 ovium
1481 3106 1493 3122 ,
1514 3079 1678 3124 sepulchra
1689 3080 1857 3123 dealbata,
1884 3092 2019 3127 pompo-

1147 3133 1183 3168 sae
1205 3132 1386 3168 meretrices
1405 3156 1412 3164 .

1314 3279 1401 3316 Vidit
1423 3279 1684 3317 Nicon'Aus
1710 3292 1763 3316 Du
1788 3282 1898 3316 Bois
1917 3306 1928 3322 ‚

1338 3332 1370 3361 S.
1383 3330 1420 3361 T.
1432 3328 1577 3374 ‘Profeffiir
1588 3334 1698 3374 Regius
1709 3355 1720 3372 ‚
1741 3328 1895 3365 Librorum
1908 3335 1929 3366 C
1931 3330 2022 3376 ensbr.

1532 3481 1679 3528 Ce3
