2366 3736
364 167 382 196 Ι
400 159 459 195 16

315 233 484 273 prudentes
498 230 574 275 ficut
593 228 760 274 serpentes.
793 227 837 261 Et
861 228 936 263 fiad
949 229 1113 271 injustitiae
1123 231 1194 264 fun-

877 142 1548 206 ζῢῐςςεκτΑῚ-,Ῑσ

1254 230 1383 271 &quies
1402 228 1599 271 Respublica,
1618 225 1794 271 pacatisque
1817 230 1985 266 Provinciis
2005 231 2120 274 compa-³

320 282 399 315 dum
412 283 650 328 penetraverint
663 304 674 319 ,
700 278 888 322 obligantur
904 280 1057 321 projicere
1069 292 1157 318 arma
1183 304 1195 320 ‚
1253 287 1339 312 ratur
1353 305 1361 313 .
1386 282 1516 314 Nam&
1527 280 1558 312 hi
1574 284 1768 322 quipugnant
1781 304 1790 318 ‚
1817 279 1838 316 fi
1858 282 1923 313 bom·
1940 281 2007 323 sunt
2018 307 2028 321 ‚
2051 292 2118 324 pro·
2137 315 2139 317 ,

318 329 700 377 &occidipotiusquam
713 328 847 373 praeliari
868 353 876 361 .
905 329 995 363 Dum
1018 331 1112 363 causa
1137 330 1195 364 du-

319 384 372 420 bia
384 384 429 419 est
449 394 487 416 ac
510 379 684 428 probabilis
708 402 721 419 ‚
746 379 865 422 poffint
886 378 1048 423 deponere
1072 379 1195 422 dubia,

318 447 356 470 ac
381 433 531 469 obedire.
782 435 790 441 '

367 486 458 530 Qin
475 482 544 514 imo
555 490 591 514 ut
604 480 724 513 milites
736 478 896 523 Principis
908 481 954 514 sui
979 482 1105 515 causam
1120 491 1195 514 cen-

317 536 406 568 seant
425 532 539 574 justam
552 555 562 571 ,
589 541 643 562 aut
656 528 742 563 certe
765 530 965 573 probabilem
981 555 991 570 ‚
1016 534 1197 574 deponant-

318 596 382 628 que
408 592 543 615 omnem
564 581 815 622 cespitationem
838 605 851 621 ‚
878 592 946 615 non
986 582 1103 614 sufficit
1125 581 1194 614 sola

319 633 395 667 belli
411 632 548 665 indictio
573 655 584 670 ‚
611 642 672 664 nec
694 631 760 664 sola
786 629 946 674 Principis
985 632 1155 665 auctoritas
1182 654 1193 670 ,

317 683 447 727 sedipse
460 682 557 715 debet
577 692 742 716 armorum
765 682 897 715 suorum
919 680 1074 722 justitiam
1093 681 1195 715 edice-

315 745 369 775 re,
397 733 567 776 praedicare
594 755 606 771 ‚
633 743 692 775 pro
721 730 841 764 viribus
868 730 1089 764 demonstrare
1110 751 1120 764 .
1145 732 1194 764 lta

316 783 548 818 Mediolanum
571 791 814 826 expugnaturus
840 781 1020 824 Imperator
1052 781 1193 815 Frederi-

315 845 373 868 cus
386 834 410 867 1.
436 832 481 866 est
504 832 545 866 ad
571 833 664 865 suum
700 830 888 864 Exercitum
911 831 977 865 haec
1000 831 1187 865 solemniter

318 883 538 918 concionatus
552 895 562 915 .·
590 885 686 914 Nemo
698 892 750 912 nos
759 889 814 922 pro
825 881 910 913 libitu
924 880 1014 918 nestro
1022 881 1099 915 bella
1111 892 1194 925 gere-

306 946 347 969 ,η
355 939 515 976 putaverit
531 957 541 972 ,
567 942 685 973 quorum
699 932 732 963 (tt
743 940 869 964 eventus
882 937 985 964 varius
997 931 1033 971 est
1045 956 1055 972 ,
1082 933 1116 965 (θ’
1126 943 1194 974 quae

313 989 454 1020 comitum
461 982 584 1025 suorum
599 983 736 1014 videlicet
750 980 837 1022 fame
850 1005 860 1021 ‚
880 981 955 1023 firi,
981 983 1093 1024 vigiliis
1108 1006 1117 1020 ‚
1144 983 1191 1013 de-

313 1041 401 1077 nique
414 1032 537 1074 diversis
552 1031 691 1065 mortibus
704 1029 851 1064 horrenda
874 1033 908 1064 (9⁹
923 1030 1115 1074 formidolosa
1138 1043 1194 1063 non

315 1089 505 1127 ignoramus.
536 1087 607 1116 Non
618 1082 808 1123 adpraelium
832 1092 885 1114 nos
895 1084 1029 1114 accendit
1043 1082 1132 1113 libido
1144 1082 1195 1112 do-

313 1135 472 1172 minandi,
496 1131 687 1174 sedfaeritas
714 1132 893 1164 rebellandi.
922 1132 1123 1163 Mediolanum
1134 1130 1195 1169 est,

311 1185 391 1225 quod
397 1187 511 1223 patriis
523 1193 575 1214 vos
590 1182 705 1217 laribus
716 1185 829 1213 excivit
839 1204 849 1219 ,
875 1181 958 1221 quod
968 1179 1066 1211 charis
1096 1179 1194 1211 libero—

315 1233 424 1266 rum&
446 1233 600 1273 conjugum
621 1241 675 1262 vos
702 1228 890 1270 amplexibus
916 1228 1088 1268 abstraxit,
1115 1229 1194 1270 quod

309 1293 407 1316 omnes
429 1280 481 1313 hos
495 1281 608 1312 labores
616 1278 673 1322 sua
691 1283 889 1311 irreverentia
901 1289 936 1311 ac
954 1284 1122 1311 temeritate
1144 1289 1193 1310 ca·

308 1333 424 1376 pitibus
436 1330 539 1370 vestris
558 1331 685 1362 induxit
697 1353 704 1360 .
725 1327 851 1373 Justam
865 1328 951 1361 vobis
978 1328 1046 1361 belli
1070 1326 1189 1371 causam

306 1384 466 1427 fecerunt,
495 1385 546 1423 qui
557 1381 686 1423 legitimo
707 1384 828 1420 imperio
842 1377 959 1412 rebelles
971 1383 1166 1411 inveniuntur
1186 1403 1194 1411 .

315 1432 481 1475 Suscipietis
496 1436 600 1472 itaque
611 1429 688 1462 bella
699 1427 764 1471 ipsa
781 1439 839 1462 non
850 1430 1014 1470 cupiditate
1027 1429 1078 1461 vel
1097 1429 1192 1461 crude-

316 1486 423 1520 litate,
446 1480 504 1524 sed
510 1484 595 1521 pacis
601 1479 700 1519 studio
714 1503 723 1518 ,
749 1490 782 1512 ut
806 1480 951 1512 malorum
973 1479 1102 1511 audacia
1122 1489 1195 1511 coer-

313 1543 433 1572 ceatur,
459 1532 492 1564 &
512 1530 578 1562 boni
592 1527 757 1572 disciplina·
765 1528 828 1571 suae
842 1528 976 1561 debitum
993 1527 1128 1569 frullum
1150 1534 1194 1561 in·

316 1589 466 1618 veniant.
494 1578 622 1619 Minislri
643 1582 709 1622 ergo
726 1576 1040 1622 justitiaesuffragium
1061 1577 1191 1618 vestrum

308 1634 384 1676 juste
390 1631 566 1675 postulamus
579 1652 588 1668 ,
615 1639 647 1662 ut
662 1635 814 1662 temeritas
825 1627 1072 1671 adversariorum
1086 1637 1187 1662 careat

314 1684 416 1725 effet‘lu
431 1706 441 1721 ,
470 1683 502 1715 (ν
514 1684 636 1722 Imperii
642 1679 740 1719 status
754 1680 798 1711 ad
817 1678 911 1717 nostra
931 1678 1071 1712 deduc‘lus
1085 1686 1191 1720 tempo-

315 1748 351 1767 ra
364 1734 455 1773 nostro
472 1731 626 1767 ministerio
650 1730 780 1762 debitum
801 1727 944 1772 sortiatur
967 1728 1115 1762 bonorem.
1145 1729 1193 1762 lta

316 1785 413 1820 habes
435 1782 520 1825 apud
535 1780 739 1818 Radevicum
755 1779 985 1821 Presbyterum
1010 1779 1190 1823 Frisrngen-

315 1837 354 1871 sis
371 1833 534 1867 Ecclefiae.
561 1830 702 1864 Causam
716 1831 804 1863 suam
821 1831 865 1863 ita
878 1828 1057 1863 declaranti
1081 1840 1118 1862 ac
1139 1829 1192 1862 ad-

317 1885 474 1921 severanti
498 1881 641 1923 Principi
663 1889 792 1922 oportet
817 1879 903 1912 credi
927 1879 944 1911 ὲ
963 1877 1099 1912 subditis
1122 1903 1133 1918 ,
1159 1879 1191 1912 &

317 1934 445 1971 obediri
463 1957 469 1964 .
498 1931 605 1964 Aliter
620 1931 739 1964 indicta
754 1928 834 1962 bella
849 1931 921 1962 sunt
933 1929 1082 1963 obnoxia
1105 1928 1193 1971 justis

318 1981 578 2029 suspicionibus,
604 1992 641 2014 ac
655 1980 753 2013 sansti
768 1978 943 2023 Augustini
970 1978 1100 2013 assertio
1124 1979 1192 2012 for-

317 2038 373 2070 san
389 2036 422 2068 in
447 2033 520 2076 ipfis
540 2042 607 2066 non
632 2028 729 2064 habet
751 2029 862 2061 locum
898 2051 906 2059 .
942 2028 1083 2062 Videtur
1109 2026 1191 2061 mihi

319 2097 387 2120 non
401 2084 517 2117 habere
531 2107 538 2114 .

370 2136 423 2169 De
434 2130 613 2167 Christiani
627 2130 741 2164 militis
754 2128 940 2163 intentione
952 2128 1014 2171 jam
1030 2127 1126 2162 nobis
1149 2126 1193 2160 di·

156 1750 230 1785 Lib.
244 1761 271 1786 1.

148 1813 226 1845 ‚cap-
243 1810 297 1845 27.

321 2186 371 2220 xit
396 2185 483 2217 idem
506 2181 709 2225 Augustinus
733 2192 740 2211 2
768 2185 882 2221 Utpaci
899 2179 1034 2221 &saluti
1048 2182 1192 2210 communi

157 2231 217 2275 Ep.
241 2238 295 2278 70·
320 2235 458 2280 serviat,
480 2231 636 2275 servetque
650 2232 891 2271 ordinem—ervitte
899 2236 1006 2271 pacis.
1037 2227 1080 2260 Et
1095 2228 1126 2260 in
1142 2227 1193 2259 lit-

324 2285 400 2320 teris
410 2285 449 2317 ad
464 2283 632 2316 Comitem
654 2281 865 2314 Bonisaciurn
890 2278 1018 2312 scribit.-
1050 2276 1193 2315 Christia-

325 2348 381 2369 nus
395 2335 477 2366 miles
489 2331 594 2375 casola
606 2337 767 2363 intentione
780 2330 867 2362 debet
879 2340 962 2372 agere
973 2338 985 2368 ,'
1009 2337 1042 2361 ut
1064 2324 1196 2370 defensa

326 2387 365 2420 ab
378 2383 439 2425 infe
464 2389 507 2415 atr·
546 2383 610 2414 ibus
626 2380 827 2412 Barbarorum
852 2378 986 2419 Ecclefiae
1008 2382 1138 2420 quietam
1163 2379 1197 2410 (a

328 2395 646 2477 tranquillamogvitam
669 2439 783 2474 agant.
813 2433 857 2461 Et
882 2435 914 2461 in
926 2429 1096 2462 boemundo
1122 2426 1202 2459 nibil

1253 330 1301 362 cul
1308 330 1395 363 dubio
1404 338 1507 372 pacem
1518 355 1528 371 ‚
1551 329 1605 372 sed
1613 339 1716 362 samen
1728 340 1781 370 per
1790 330 1964 372 sanguinem
1973 343 2120 374 quaerunt.

1228 384 1230 386 “
1257 379 1298 413 Et
1309 380 1343 413 in
1355 380 1501 423 populari
1526 380 1568 412 de
1589 379 1731 413 Diversis
1751 381 1913 412 sermone:
1939 384 2074 415 Volumus
2093 385 2126 417 (9¹
2140 385 2243 422 Serm-⁴

1254 430 1361 463 milites
1381 432 1486 463 audire
1513 430 1715 472 Evangelium
1733 455 1740 462 .
1783 434 1942 463 Venientes
1965 442 2064 464 autem
2084 435 2127 466 ad
2145 450 2182 475 11
2195 447 2221 471 1,
2234 436 2304 480 cap,'

1211 499 1213 514 .
1256 480 1591 524 BaptismumJoanm's
1614 481 1757 512 dixerunt
1772 494 1782 512 .·
1809 482 1842 513 (θ’
1865 492 1917 512 nos
1941 483 2016 522 quid
2030 482 2124 522 facie·
2146 489 2198 524 16·

1255 540 1320 562 mus
1337 530 1353 562 ἒ
1380 535 1430 563 Ait
1451 531 1511 563 illis
1529 533 1692 574 Joannes:
1718 537 1864 563 neminem
1902 530 2089 573 concusseritis
2115 555 2128 572 ,

1255 581 1332 612 nulli
1343 581 1521 613 calumniam
1536 579 1675 621 feceritis
1687 602 1698 619 ,
1720 578 1846 622 sufficiat
1857 582 1943 614 vobis
1950 581 2128 622 stipendium

1255 629 1382 668 vestrum
1398 655 1405 662 .
1436 630 1579 664 Proinde
1602 629 1716 669 miles,
1754 633 1831 663 dum
1857 631 1999 664 militare
2021 627 2144 671 Sacra-¹

1255 690 1402 714 mentum
1413 681 1555 723 accipit,
1582 679 1697 712 habere
1710 679 1806 712 debet
1831 680 1956 714 firmam
1979 681 2143 719 volunta-1

1255 741 1322 763 tem
1333 753 1343 769 ,
1368 741 1431 772 qua
1445 728 1530 763 nihil
1541 739 1657 773 quaerat
1671 730 1770 773 quam
1783 733 1948 772 cooperati
1970 731 2010 764 ad
2030 733 2130 775 impe-

1256 780 1402 814 trandam
1426 792 1463 814 ac
1487 778 1721 823 procurandam
1744 779 1948 822 Rei-publicae
1970 792 2081 823 pacem
2107 805 2120 821 ‚

1255 831 1421 864 neminem
1443 841 1617 864 concutere
1628 841 1683 863 aut
1694 830 1886 863 calumniari
1901 853 1912 869 ,
1939 830 2024 863 nihil
2038 842 2120 874 quae·

1255 890 1320 914 rere
1332 881 1388 914 nisi
1402 882 1572 914 neceffaria
1587 881 1743 914 alimenta
1754 905 1764 920 ‚
1792 881 1853 914 effe
1866 890 2044 914 contentus
2067 881 2131 914 suis

1256 930 1444 974 stipendiis.
1473 930 1613 964 Credere
1637 931 1732 964 debet
1744 931 1843 964 etiam
1867 930 2016 964 bellicam
2041 930 2134 964 forti-

1254 981 1404 1013 tudinem
1416 982 1478 1014 effe
1500 981 1563 1014 Dei
1587 980 1735 1020 donum,
1762 981 1905 1022 ideoque
1927 980 1959 1014 se
1983 980 2016 1013 in
2043 979 2133 1022 justo

1258 1030 1364 1072 precio
1379 1030 1647 1074 protegendum&
1670 1032 1822 1064 Domino
1850 1031 1926 1063 Deo
1941 1054 1951 1069 ‚
1978 1031 2011 1063 ὃ(
2038 1029 2134 1062 robo-

1257 1079 1392 1112 randum
1412 1104 1419 1112 .
1447 1082 1570 1114 Omnia
1598 1080 1705 1113 nostra
1730 1092 1852 1122 opera,
1879 1089 1914 1113 ut
1943 1079 2037 1123 plene
2051 1082 2133 1113 resta

1256 1130 1339 1167 fint,
1362 1139 1403 1162 ex
1418 1129 1520 1169 Fide,
1546 1132 1627 1172 spe,
1653 1129 1864 1165 &enaritate
1876 1130 1996 1163 debent
2017 1140 2131 1172 proce·

1257 1177 1356 1212 dere.-
1381 1190 1443 1213 nec
1453 1180 1541 1213 enirn
1554 1181 1673 1214 fructus
1695 1180 1740 1214 est
1763 1179 1894 1220 bonus,
1923 1179 1980 1222 qui
2007 1180 2049 1213 de
2073 1179 2134 1213 ista

1257 1224 1446 1262 radice'non
1470 1231 1588 1274 surgit.
1616 1229 1761 1264 Proinde
1783 1230 1844 1263 ista
1868 1229 1998 1274 Regula
2021 1229 2136 1263 locum

1258 1278 1424 1321 praesertim
1436 1276 1534 1312 habet
1547 1279 1582 1312 in
1605 1280 1721 1313 summi
1744 1279 1906 1313 momenti
1929 1278 2089 1322 negotio,
2113 1279 2136 1311 a.

1257 1339 1323 1371 quo
1345 1328 1465 1372 pendet
1480 1328 1564 1362 salus
1586 1328 1702 1362 animae
1714 1340 1774 1362 tuae
1789 1352 1800 1367 ,
1825 1329 1940 1371 tuique
1953 1327 2097 1371 corporis
2122 1352 2136 1368 ,

1259 1381 1336 1412 item
1350 1378 1431 1411 salus
1453 1378 1485 1411 &
1509 1379 1599 1422 quies
1624 1387 1674 1411 tot
1701 1387 1834 1411 tuorum
1873 1377 2099 1420 proximorum
2126 1402 2136 1409 .

1257 1427 1460 1475 Qaeomnia
1476 1426 1574 1471 longe
1585 1427 1730 1461 maxime
1743 1426 1899 1461 obtinent
1923 1429 1958 1461 in
1985 1427 2058 1470 ipsis
2073 1426 2154 1463 Re».

1257 1479 1351 1523 gibus
1368 1502 1375 1509 .
1405 1477 1498 1511 Hinc
1509 1477 1643 1510 rebelles
1672 1476 1937 1510 Mediolanenses
1959 1488 2132 1522 expugna·-

1256 1538 1347 1562 turus
1358 1529 1533 1576 Imperator
1556 1526 1767 1565 FredericuS,
1793 1526 1838 1560 est
1855 1527 2071 1561 concionatus
2093 1526 2136 1560 ad

1255 1578 1455 1612 exercitum:
1483 1578 1654 1618 suscipietis
1667 1581 1769 1618 itaque
1792 1578 1868 1610 bella
1892 1574 1959 1619 ipsa
1977 1588 2035 1610 non
2057 1581 2138 1618 cupi-

1256 1630 1354 1661 ditate
1366 1635 1417 1659 aut
1438 1628 1616 1660 crudelitate
1630 1651 1641 1667 ,
1664 1625 1722 1668 sed
1737 1630 1826 1666 pacis
1837 1625 1934 1666 studio
1955 1650 1966 1666 ,
1987 1633 2027 1660 ‘ut
2049 1628 2137 1669 malof

1256 1678 1321 1711 rum
1336 1678 1461 1710 audacia
1479 1685 1639 1709 coerceatur
1653 1700 1665 1716 ,
1692 1677 1726 1709 (st
1739 1675 1806 1708 boni
1818 1674 1985 1718 disciplina.-
2002 1675 2067 1719 suae
2087 1677 2138 1709 de-

1257 1729 1349 1761 bitum
1355 1726 1491 1769 frut‘lum
1533 1732 1693 1759 inveniant
1706 1750 1714 1757 .
1739 1727 1787 1759 lta
1811 1725 1909 1760 habes
1922 1726 2008 1769 apud
2029 1726 2143 1760 lauda*
2159 1740 2236 1775 Lib⁸
2256 1753 2268 1776 ῐ

1257 1789 1326 1812 tum
1340 1776 1542 1811 Radevicum
1559 1800 1566 1807 .
2157 1803 2224 1835 cap·
2256 1769 2325 1828 2³6·

1311 1827 1411 1870 Apud
1428 1827 1572 1860 sanetum
1587 1826 1813 1872 Augustinum
1827 1826 1862 1861 iu
1884 1825 2004 1862 decimi
2027 1825 2136 1861 Tomi

1261 1876 1449 1921 Appendice
1461 1886 1550 1911 extat
1563 1877 1676 1911 Sermo
1689 1901 1702 1918 ,
1727 1877 1794 1912 haec
1807 1877 1972 1912 scribens:
2001 1878 2138 1910 Nonnul·

1256 1931 1278 1961 li
1289 1935 1338 1970 qui
1349 1928 1465 1960 militiae
1475 1928 1590 1971 cingulo
1611 1928 1786 1961 detinentur
1801 1952 1812 1968 ,
1837 1928 1903 1960 cum
1922 1934 2047 1969 peceant
2065 1938 2141 1971 gra·
2158 1919 2264 1953 sefm·
2284 1926 2314 1964 3·

1258 1984 1340 2011 viter
1353 2002 1364 2018 ‚
1390 1977 1446 2010 hac
1453 1975 1548 2019 solent
1559 1979 1578 2008 ἃ
1587 1983 1718 2018 peccatis
1726 1976 1791 2020 suis
1812 1983 1919 2019 prima
1928 1975 1962 2019 se
1976 1988 2044 2011 voce
2055 1986 2140 2010 exeu-

1254 2026 1277 2069 s
1275 2038 1326 2060 are
1337 2050 1348 2065 ,
1373 2028 1452 2068 quod
1462 2027 1590 2058 militent
1599 2050 1606 2057 .
1638 2030 1684 2057 Et
1693 2037 1729 2058 ne
1741 2027 1816 2058 bene
1829 2027 1995 2066 aliquando
2001 2025 2143 2068 facite-nt,

1260 2084 1410 2117 occupatos
1439 2074 1468 2119 se
1489 2076 1576 2108 malis
1596 2074 1710 2107 aclibus
1734 2085 1954 2117 conqueruntur
1980 2101 1987 2109 .
2006 2076 2143 2108 Perinde*

1261 2125 1481 2169 quasimilina,
1509 2137 1567 2157 non
1578 2124 1729 2157 hominnm
1743 2127 1883 2158 voluntas
1894 2131 1939 2167 in·
1952 2127 2039 2168 culpa
2062 2123 2103 2166 fit
2128 2149 2140 2165 ‚
2175 2146 2179 2150 ·

1263 2186 1309 2209 tta
1321 2177 1397 2217 quod
1407 2173 1462 2216 ipfi
1461 2183 1589 2217 gerunt,
1626 2176 1723 2216 officiis
1734 2173 1800 2216 suis
1823 2173 1998 2217 adftribunt
2024 2200 2032 2208 .
2066 2179 2141 2208 Non

1263 2230 1340 2258 enim
1353 2227 1488 2257 militare
1500 2224 1635 2257 delicium
1647 2223 1684 2262 est
1697 2247 1707 2263 ‚
1730 2223 1789 2265 sed
1794 2233 1916 2264 propter
1929 2225 2068 2266 praedam
2083 2229 2144 2256 mi·-

1259 2278 1346 2308 litare
1368 2299 1378 2315 ‚
1402 2272 1623 2316 peccatumest.
1651 2275 1812 2314 Propterea
1839 2279 1918 2305 enim
1941 2275 2140 2314 providentur

1263 2325 1397 2368 quadam
1406 2323 1479 2367 sunt
1501 2323 1701 2356 militantibus
1719 2322 1876 2362 constituta
1898 2322 2051 2364 stipendia
2063 2346 2074 2362 ,
2101 2334 2142 2355 ne

1264 2378 1335 2409 dum
1353 2374 1488 2417 sumptus
1502 2379 1645 2416 quaeritur
1657 2398 1667 2414 ‚
1691 2374 1802 2414 praeda
1807 2373 1952 2415 grassetur
1969 2397 1976 2404 .
2006 2371 2138 2406 Lucide

1264 2427 1359 2459 docet
1383 2425 1575 2467 assumptam
1594 2434 1635 2456 ex
1658 2423 1831 2466 praedarum
1852 2432 1961 2456 amore
1984 2423 2142 2456 militiam

329 2496 476 2529 quaerere,
507 2482 693 2524 nifiearquae
715 2479 868 2522 necessaria
875 2478 949 2522 sunt
976 2478 1042 2511 buic
1063 2482 1137 2510 vitae
1153 2475 1219 2519 [ιι-1
1265 2474 1326 2509 effe
1363 2485 1458 2518 grave
1484 2483 1671 2517 peccatum.
1708 2471 1746 2505 ln
1772 2472 1890 2505 litteris
1910 2470 1951 2506 ad
1977 2471 2143 2516 Alpinium

326 2536 492 2577 stentandae
508 2558 515 2565 .
543 2534 585 2565 Et
606 2532 709 2564 infra:
738 2533 836 2562 Deum
860 2530 992 2572 diligas,
1020 2539 1077 2560 non
1088 2528 1201 2570 dilig-as

331 2585 474 2618 mundum
486 2606 497 2621 ‚
522 2588 553 2614 in
564 2580 628 2623 tpfis
641 2581 722 2614 bellis
731 2580 822 2621 fidem
845 2587 947 2612 teneas
962 2602 973 2618 ,
994 2586 1100 2619 pacem
1123 2588 1201 2618 quae·

331 2646 399 2671 ras,
429 2645 467 2664 ex
479 2633 582 2663 mundi
595 2632 674 2662 bonis
692 2630 795 2670 facias
807 2630 884 2662 bona
895 2637 983 2670 opera
994 2652 1007 2668 ,
1033 2629 1067 2661 6·
1079 2635 1200 2669 propter

333 2684 439 2717 munda·
458 2682 532 2714 bona
543 2691 600 2712 non
612 2679 713 2720 facias
726 2687 812 2718 opera
831 2681 932 2711 mala.
962 2678 1004 2712 Et
1028 2677 1063 2710 in
1087 2677 1150 2710 alia
1162 2676 1202 2710 ad

170 2731 483 2779 Ep.205·eumdem
505 2731 674 2765 Comitem
687 2728 840 2770 epistola:
868 2735 928 2763 Hoc
936 2728 1068 2769 primum
1090 2731 1203 2770 cogita,

338 2785 459 2827 quando
469 2786 601 2814 armaris
614 2779 799 2820 adpugnam
810 2801 821 2816 ‚
846 2782 918 2818 quia
931 2783 1031 2810 virtus
1048 2787 1099 2810 tua
1114 2782 1205 2810 etiam

335 2834 494 2876 corporalis
506 2832 616 2863 donum
644 2832 700 2861 Det
711 2826 748 2866 est
759 2850 766 2858 .
795 2828 841 2858 Sic
861 2832 938 2858 enim
954 2827 1093 2868 cogitabis
1111 2829 1149 2859 de
1157 2828 1205 2858 do-

339 2897 376 2919 no
398 2888 452 2916 Dei
464 2880 629 2922 nonfacere
640 2886 739 2910 contra
761 2880 856 2908 Deum
870 2901 877 2907 .
905 2879 1012 2908 Pacem
1035 2876 1142 2909 habere
1153 2879 1206 2909 de-

338 2935 385 2967 bet
397 2935 555 2972 voluntas,
582 2929 689 2962 bellum
714 2927 876 2965 neccffitas:
904 2935 936 2958 ut
956 2924 1062 2958 liberet
1086 2928 1163 2958 Deus
1186 2930 1206 2959 ἃ

338 2983 517 3022 neceffitate,
545 2986 578 3013 et
602 2976 749 3020 conservet
771 2983 803 3009 in
822 2985 916 3018 pace.
944 2979 1017 3007 Non
1042 2980 1119 3007 enim
1141 2984 1206 3016 pax

340 3038 483 3076 quaeritur
497 3054 508 3069 ,
533 3039 566 3063 ut
578 3029 684 3062 bellum
705 3032 849 3060 excitetur
860 3050 871 3065 ‚
893 3023 950 3067 sed
957 3024 1064 3057 bellum
1071 3030 1185 3067 geritur
1198 3051 1207 3064 ‚

339 3091 374 3116 ut
382 3091 448 3123 pax
466 3086 637 3121 acquiratur
651 3103 658 3111 .
686 3077 754 3115 Esto
764 3079 831 3118 ergo
843 3081 934 3108 etiam
943 3075 1080 3109 bellando
1098 3082 1169 3115 paci
1171 3076 1209 3116 fi.

339 3144 411 3172 cus,
439 3139 472 3163 ut
484 3141 531 3162 eos
559 3140 627 3170 quos
652 3136 810 3170 expugnas
826 3150 835 3164 ,
862 3128 906 3158 ad
926 3124 1014 3166 pacis
1050 3125 1207 3157 utilitatem

340 3181 485 3216 vincendo
491 3179 640 3220 perducas
655 3202 661 3208 .
689 3181 795 3218 Itaque
807 3175 910 3214 hostem
918 3183 1103 3218 pugnantem
1118 3174 1207 3216 neces-

170 3236 229 3281 Ep.
244 3234 322 3281 263.
334 3231 410 3276 fitas
419 3235 547 3272 perimat
558 3252 569 3268 ,
593 3239 651 3260 non
663 3227 800 3258 voluntas
814 3250 821 3257 .
853 3226 894 3259 Et
910 3227 941 3259 in
958 3225 1071 3259 litteris
1082 3224 1121 3258 ad
1146 3224 1207 3258 Co.

340 3283 457 3318 mitem
468 3278 628 3313 Darium:
657 3280 762 3318 Magni
784 3277 903 3317 quidem
920 3273 1011 3317 suat,
1045 3276 1078 3307 (τ
1099 3273 1207 3307 habent

339 3335 466 3378 gloriam
483 3329 591 3372 suam,
618 3338 674 3358 non
691 3324 784 3367 solum
799 3325 972 3365 fortiffimi‚
1001 3323 1058 3368 sed
1078 3329 1169 3356 etiam
1196 3350 1206 3364 ‚

343 3384 422 3424 quod
432 3383 557 3414 verioris
572 3378 673 3409 laudis
681 3385 774 3418 genus
785 3374 823 3414 est
834 3400 843 3414 ,
867 3375 1017 3415 fideliffimt
1036 3374 1206 3413 bellatores,

344 3443 466 3473 quorum
477 3426 623 3462 laboribus
636 3434 725 3467 atque
742 3427 879 3464 periculis
890 3448 900 3463 ,
938 3428 996 3457 Det
1015 3429 1205 3466 protegentIs

346 3489 434 3522 atque
444 3480 618 3522 opitulantis
628 3475 742 3511 auxum
749 3498 761 3516 ‚
785 3474 871 3515 hostis
882 3475 1043 3508 indomitus
1053 3479 1202 3515 vincitur,

1268 2524 1471 2558 Monachum
1497 2521 1605 2557 scribit
1626 2523 1725 2556 etiam
1741 2523 1863 2555 sanctus
1883 2520 2019 2556 lfidorus
2049 2521 2147 2556 Pelu-

1268 2576 1361 2608 fiotes
1378 2587 1385 2607 z
1413 2574 1499 2606 Bella
1511 2572 1582 2613 fere*
1593 2572 1626 2604 ob
1638 2573 1752 2605 alienas
1766 2571 1929 2610 conflantur
1946 2572 2119 2614 possefflones
2134 2595 2141 2603 .
2162 2571 2226 2606 Lib
2243 2582 2275 2619 ς.

1268 2628 1313 2657 Et
1322 2635 1421 2658 omnes
1435 2623 1513 2656 bella
1523 2631 1660 2666 gerentes
1672 2633 1728 2654 non
1737 2621 1808 2663 sunt
1831 2619 1993 2663 accusandi
2004 2645 2011 2653 .
2040 2625 2079 2654 At
2094 2626 2145 2664 qui
2163 2623 2222 2667 Ep.
2237 2620 2318 2668 386.

1268 2675 1318 2707 vel
1340 2676 1458 2715 injuriae
1482 2674 1531 2705 vel
1554 2674 1694 2713 rapiendi
1719 2670 1808 2714 causa
1825 2670 2050 2713 suscipiuntur,
2072 2671 2145 2714 sunt

1265 2723 1414 2766 perniciosi
1422 2723 1505 2757 velut
1516 2724 1660 2755 daemones
1680 2721 1832 2755 habendi.
1859 2721 1903 2753 Et
1918 2720 2080 2754 inlitteris
2103 2721 2145 2755 ad

1269 2774 1385 2808 Isaiarn
1398 2773 1555 2807 militem:
1586 2776 1667 2805 Eum
1680 2777 1731 2814 qui
1751 2775 1859 2814 pugnis
1877 2771 2013 2813 gaudet,
2041 2771 2075 2803 ό·
2098 2777 2146 2802 tu-

1269 2823 1411 2857 multibus
1425 2823 1584 2855 delec‘latur
1598 2847 1609 2862 ,
1635 2829 1723 2864 atque
1736 2820 1874 2860 idstudet
1894 2828 1928 2852 ut
1951 2818 2085 2852 omnibus
2104 2818 2144 2860 Jt‘t

1269 2876 1334 2906 odio
1345 2897 1355 2912 ,
1382 2884 1510 2915 quonam
1523 2872 1576 2914 ips
1571 2885 1620 2905 um
1633 2878 1747 2904 nomine
1759 2872 1864 2912 aptius
1876 2893 1887 2910 ‚
1913 2871 1947 2903 &
1965 2869 2145 2904 commodius

1270 2922 1430 2968 quisquam⁴
1446 2924 1595 2965 appellet,
1621 2925 1710 2963 quam
1731 2920 1755 2960 fi
1775 2921 1861 2953 illum
1886 2931 2015 2962 nequam
2038 2930 2072 2952 ac
2094 2925 2150 2952 im.-

1267 2973 1387 3016 probum
1407 2975 1568 3005 damonem
1580 2981 1661 3005 vocet
1677 2995 1688 3010 ,
1715 2980 1748 3002 ut
1759 2976 1809 3012 qui
1822 2971 1975 3002 voluntate
1990 2980 2025 3002 ac
2050 2974 2146 3002 animi

1271 3023 1399 3064 instituto
1422 3031 1563 3055 naturam
1573 3022 1760 3054 mutaverit?
1786 3022 1936 3062 ,quonlam
1951 3024 2042 3062 Igitur
2052 3019 2149 3051 Chri·

1266 3075 1325 3114 slus
1340 3097 1350 3113 ‚
1376 3075 1409 3106 Θ
1420 3071 1467 3105 hic
1479 3082 1549 3104 ante
1559 3078 1671 3112 tempus
1683 3072 1829 3103 damones
1846 3078 1960 3110 torquet
1972 3092 1983 3108 ,
2011 3070 2045 3102 (θ’
2059 3074 2091 3101 in
2105 3069 2148 3101 al—

1271 3135 1331 3159 tero
1341 3134 1406 3155 aevo
1411 3121 1626 3165 sempiternum
1650 3118 1714 3161 ipsis
1726 3126 1823 3163 ignem
1846 3130 1906 3152 una
1929 3130 1992 3151 cum
2015 3117 2148 3160 ipfhrum

1274 3182 1363 3215 patre
1371 3170 1503 3214 promiſse
1517 3197 1527 3211 ‚
1553 3181 1606 3205 aut
1619 3171 1846 3203 tumultuariam
1867 3174 1966 3201 vitam
1987 3167 2147 3210 confeciari

1271 3221 1382 3263 define,
1409 3230 1462 3255 aut
1483 3221 1562 3261 istud
1582 3219 1677 3263 scito,
1701 3228 1731 3252 te
1751 3221 1784 3252 (θ’
1797 3217 1844 3251 bic
1861 3217 1966 3262 flagris
1989 3219 2147 3251 obnoxium

1271 3273 1343 3315 esst,
1370 3273 1403 3305 (θ’
1430 3272 1488 3303 illic
1514 3270 1681 3304 vindiciam
1708 3270 1831 3302 minime*
1854 3270 1876 3301 ἃ
1899 3278 1927 3301 te
1949 3269 2111 3302 vitandam
2135 3289 2145 3298 .

1271 3321 1478 3356 Lucidiffime
1489 3320 1586 3354 docet
1600 3328 1712 3353 omnes
1725 3318 1802 3352 istos
1814 3342 1825 3358 ‚
1852 3318 1909 3361 qui
1922 3329 1989 3352 non
2001 3330 2042 3352 ex
2069 3327 2146 3359 pro-

1272 3370 1418 3406 curandae
1428 3370 1564 3414 publicae
1578 3369 1664 3413 pacis
1680 3379 1716 3402 ac
1730 3369 1909 3412 reparandae
1921 3368 2050 3411 justitia
2060 3365 2147 3399 casta

1272 3420 1427 3456 charitate
1438 3443 1450 3459 ,
1477 3420 1531 3453 sed
1552 3431 1594 3451 ex
1606 3418 1773 3462 rapiendi,
1801 3420 1832 3452 se
1845 3419 1886 3452 de
1898 3419 2012 3465 quovis
2039 3413 2144 3447 vindi-

1270 3469 1391 3513 candi,
1416 3480 1473 3505 aut
1496 3469 1732 3505 tumultuosam
1757 3470 1812 3504 seu
1832 3468 2017 3550 libertinang
2039 3464 2143 3500 vitam

2017 3524 2111 3549 [16811-
