2366 3736
146 652 249 685 peffe-

144 705 191 738 ἃᾶ
203 701 274 741 cha-

145 755 222 786 ritas

142 801 282 845 expelle—

140 864 172 886 re
199 851 295 885 debet

135 913 271 935 omnem

139 954 242 986 timo-

137 1013 202 1036 rem

136 1052 230 1089 servi·

136 1104 209 1135 lem.

136 1164 203 1195 cap.
216 1162 272 1199 33.

132 1302 244 1341 Trast.
259 1313 287 1350 9.

133 1982 237 2016 Vola-

133 2037 220 2067 ticos

136 2094 261 2117 creatu-

139 2145 178 2167 rae

82 2195 85 2196 ⁷
136 2191 260 2218 amores

139 2247 206 2267 non
242 2243 298 2265 ex·

140 2283 244 2319 cludit
256 2306 263 2315 .

365 119 463 159 216

811 106 1231 151 DtssuntArio·
1278 97 1650 149 Do‘eMAflcA‘

323 205 451 227 amores
476 203 591 227 omnes
604 189 746 235 perfet‘iae
756 185 904 222 charitati
931 199 1109 232 repugnare
1130 211 1141 227 ‚
1156 168 1215 229 δεῖ
1255 187 1325 222 rum
1340 185 1406 223 haec
1418 185 1587 222 necessaria
1601 194 1670 220 non
1681 177 1756 221 sulii
1766 187 1929 232 proposito
1942 185 2103 233 praesent„
2134 203 2140 216 ,η

322 244 363 277 ab
384 245 448 287 ipsa
462 268 472 283 ,
493 255 528 277 ut
552 243 685 285 perfesta
707 239 756 277 fit,
778 239 894 273 debere
914 240 1052 278 absumi,
1066 251 1132 272 non
1146 239 1191 271 so-

321 294 371 328 lus
389 291 766 337 Augustinus·d0cet,aut
787 290 967 332 Apostolus
986 289 1117 329 Paulus,
1139 287 1191 322 sed

321 356 369 378 res
382 346 444 387 ipsa
453 346 569 376 clamat
584 353 591 372 ;
611 341 658 375 Ea
668 349 808 380 namque
831 339 970 373 charitas
981 338 1076 373 debet
1089 339 1190 372 delec-

321 395 463 428 tabiliter
480 392 586 429 mori,
608 389 745 432 ideoque
759 401 825 422 non
851 390 954 426 solum
976 400 1090 423 aurum
1112 413 1123 429 ‚
1149 400 1193 423 ar-

319 453 452 488 gentum
466 466 475 480 ,
500 451 659 480 uxorem,
680 439 790 480 filios,
813 439 1017 483 posseffiones
1031 463 1042 478 ,
1078 439 1132 472 sed
1158 439 1192 472 δε

318 493 479 535 propriam
494 492 593 523 vitam
615 500 691 523 cum
708 489 830 534 gaudio
844 491 876 523 &
887 490 1043 523 desiderio
1055 490 1192 532 depone·

317 554 372 582 re,
393 542 482 583 quod
504 540 574 574 fieri
593 551 662 573 non
685 539 802 583 poffit,
823 541 879 574 nili
894 541 1055 575 extinstus
1076 540 1114 576 fit
1126 551 1191 575 om·

316 592 366 624 nis
387 602 480 624 amor
498 590 677 624 adfixivus.

365 640 407 674 Et
422 640 543 674 hincin
557 641 659 684 prima
686 641 740 673 sua
768 640 912 683 Epistola
943 640 1050 674 scribit
1093 639 1191 673 etiam

315 691 440 724 sanetus
463 692 605 734 Joannes
617 690 794 734 Apostolus
805 704 816 723 .·
851 689 991 730 Perfee‘la
1002 699 1003 702 ’
1013 690 1141 723 charitas
1150 690 1192 730 fo-

313 754 364 773 ras
377 748 471 774 mittit
487 748 629 776 timorem.
657 741 828 774 Bonorum
841 753 879 774 ac
892 741 1052 774 malorum
1069 752 1190 783 tempo·

314 791 428 825 talium
442 793 594 826 timorem
607 816 617 831 ,
637 792 678 824 de
699 802 766 833 quo
788 790 993 834 Augustinus
1005 791 1039 823 in
1053 790 1138 824 libro
1152 789 1191 823 de

313 840 434 886 Agone
458 842 655 876 Christiano:
670 839 808 881 PerfeeVa
830 840 962 873 charitas
987 852 1039 874 nec
1048 842 1188 882 cupidita·

309 902 370 924 tem
383 891 472 925 habet
487 891 590 934 saecult
602 916 612 931 ,
632 902 682 924 nec
706 897 840 923 timorem
859 914 869 930 ‚
889 891 923 923 id
939 890 997 931 est,
1021 902 1071 924 nec
1081 893 1190 932 cupidi·-

310 950 404 974 tatem
435 952 467 975 ut
490 949 625 985 acquirat
662 952 710 974 res
739 943 912 982 temporales
935 964 945 979 ‚
976 952 1029 975 nec
1060 947 1190 974 timorem

309 1003 346 1024 ne
378 997 502 1024 amittat
524 1016 531 1024 .
583 994 642 1024 Per
662 1003 738 1034 quas
764 994 841 1023 duas
871 993 986 1032 januas
1020 997 1116 1024 intrat
1156 991 1189 1025 ὡ·

307 1053 411 1085 regnat
436 1046 594 1082 mimicus,
616 1041 758 1084 quiprnis
782 1043 839 1074 Det
859 1047 983 1083 timore;
1005 1043 1110 1074 deinde
1121 1039 1184 1073 oba-

307 1099 398 1126 rttate
414 1092 569 1133 pellendus
591 1091 646 1130 est.
670 1091 828 1132 Notanda
850 1091 924 1124 sunt
946 1092 1040 1125 verba
1061 1117 1072 1132 ,
1099 1092 1187 1124 Pru'ts

309 1144 366 1174 Det
384 1148 486 1175 ttrnore
498 1166 509 1182 ,
531 1143 638 1175 deinde
658 1140 806 1173 charitate
814 1141 969 1181 pellendus
979 1140 1025 1181 est.
1041 1140 1101 1175 Per
1121 1141 1186 1175 Dei

307 1191 427 1234 quippe
440 1194 591 1225 timorem
604 1190 793 1234 intelligunt
807 1190 950 1223 servilem
962 1191 1185 1234 gehennarum

307 1252 431 1274 metum
444 1264 455 1281 ,
468 1241 708 1283 adfirmantque
716 1235 814 1272 etiam
829 1239 922 1273 illum
935 1242 1011 1283 pelli
1023 1240 1040 1273 a
1052 1241 1186 1284 perfec‘ia

306 1290 470 1325 charitate.
499 1291 602 1338 Qod
614 1290 717 1334 ipsum
728 1290 868 1323 lucidius
880 1291 966 1324 idem
983 1291 1187 1335 Augustinus

305 1340 468 1378 adseverat
480 1342 513 1374 in
527 1340 714 1376 trafiatibus
726 1341 816 1383 supra
830 1340 995 1374 laudatam
1010 1341 1030 1374 S
1053 1341 1187 1384 Joannis

305 1391 490 1435 Epistolam
503 1415 512 1431 ,
524 1391 557 1423 ὅ(
568 1391 718 1434 adjungit
730 1391 871 1423 causam.-
896 1390 1034 1432 Per-fella
1055 1390 1187 1424 chamas

301 1441 385 1485 facit
393 1441 560 1483 perfee'lam
566 1441 728 1482 justitiam,
745 1442 779 1474 Q&
790 1452 847 1472 non
868 1439 956 1473 babet
969 1452 1063 1483 quare
1074 1446 1187 1480 timeat,

307 1494 395 1524 immi
407 1492 496 1525 babet
506 1502 598 1533 quare
610 1489 794 1531 defideret,ut
806 1488 942 1532 transeat
962 1496 1112 1533 iniquitas
1125 1515 1136 1530 ‚
1155 1493 1188 1524 (a

305 1546 441 1586 Regnum
461 1545 535 1575 Del.
565 1541 633 1575 Dat
646 1550 795 1573 omnium
807 1550 1013 1583 peccatorum
1036 1541 1189 1575 remissio-

304 1604 395 1632 nem,
407 1591 547 1635 ideoque
558 1592 591 1625 &
601 1591 721 1625 bonam
734 1600 771 1623 ac
784 1590 924 1623 securam
937 1590 1187 1630 conscientiam,

303 1642 356 1677 cui
372 1642 464 1676 firma
477 1641 512 1676 sn
526 1642 559 1675 in
575 1641 684 1674 Deum
696 1640 816 1674 fiducia
826 1665 837 1680 ,
862 1640 1065 1684 proindeque
1078 1641 1187 1674 nullus

303 1702 411 1727 metus
427 1693 547 1726 servilis
558 1691 793 1736 gehennarum.
819 1689 877 1723 Est
891 1691 987 1733 porro
998 1691 1080 1724 alius
1089 1691 1188 1724 timor

303 1743 426 1783 castus,
448 1753 545 1786 quem
572 1743 604 1774 in
632 1741 777 1774 saeculum
789 1741 1085 1782 saeculipermanete
1096 1741 1187 1774 adfir‘

303 1804 372 1827 mat
386 1793 511 1836 Regius
525 1789 707 1834 Propheta:
737 1790 792 1824 Est
808 1788 977 1823 charitatis
999 1801 1069 1824 non
1090 1790 1188 1823 mini·

302 1844 366 1877 ster
378 1868 388 1886 ‚
412 1843 461 1876 sed
476 1842 599 1887 proptia
612 1850 766 1885 germana
781 1839 887 1883 proles
898 1862 909 1878 ‚
928 1837 1069 1885 ideoque
1081 1839 1122 1874 ab
1132 1838 1189 1873 illa

305 1904 510 1937 nequaquam
525 1892 655 1935 pellitur
682 1901 738 1924 aut
759 1899 933 1924 evacuatur
946 1914 954 1921 .

355 1943 439 1977 Dixi
455 1943 540 1977 iolos
554 1952 657 1976 rerum
670 1939 899 1985 temporalium
920 1940 1079 1976 adfixivos
1102 1949 1189 1974 amo-

308 2007 355 2031 res
367 1995 442 2040 pelli
456 1996 473 2028 a
500 1995 634 2038 perfecta
651 1992 746 2036 hujus
769 1992 840 2026 vitae
861 1991 1036 2026 charitate.
1063 1990 1190 2025 Volati-

309 2057 366 2080 cos
377 2048 478 2084 enim,
499 2054 640 2088 quorum
651 2042 776 2087 objesta
788 2042 853 2076 line
862 2041 987 2076 doloris
996 2042 1087 2076 sensu
1099 2039 1191 2075 amit·

309 2098 431 2137 timus,
455 2096 511 2129 illa
541 2107 608 2129 non
637 2093 745 2138 pellit.
776 2093 860 2139 Qis
886 2093 975 2126 enim
1005 2090 1101 2135 hujus
1123 2090 1194 2125 vitae

311 2147 411 2190 ‘justus
425 2146 629 2180 necessariam
642 2145 875 2178 alimentorum
889 2144 1068 2176 mensuram
1087 2152 1193 2185 quan-

313 2197 423 2238 doque
447 2206 512 2229 non
535 2195 690 2228 excedit?
719 2194 806 2239 Quis
816 2204 939 2226 amaena
949 2191 1193 2234 aura,elegan-

313 2249 337 2280 ti
352 2246 483 2284 fabrica,
494 2246 578 2288 pisto
594 2253 701 2287 prato,
725 2243 862 2286 aliisque
873 2241 1118 2286 elegantiffimis
1130 2241 1193 2274 Dei

313 2295 485 2339 operibus,
515 2295 710 2337 quandoque
739 2304 806 2326 non
832 2291 1007 2325 delestatur
1030 2292 1046 2323 ἒ
1084 2292 1196 2324 Nemo

314 2346 398 2381 adeo
411 2346 532 2378 sancius
545 2345 589 2377 est
603 2367 613 2383 ‚
628 2345 682 2387 qui
696 2344 785 2377 vario
798 2342 975 2375 venialium
988 2350 1194 2384 peccatorum

315 2397 446 2441 pulvere
460 2396 491 2427 in
505 2396 573 2428 dies
587 2405 652 2427 non
666 2392 890 2431 maculetur,&
902 2393 1037 2436 singulis
1050 2401 1195 2424 momen-

314 2450 356 2482 tis
368 2446 406 2478 ad
425 2445 590 2479 coelestem
606 2444 732 2478 Patrem
744 2453 874 2487 gemere
886 2453 953 2476 non
981 2440 1113 2474 debeat:
1144 2443 1195 2472 Db

315 2505 397 2530 mitte
410 2496 491 2527 nobis
507 2495 607 2526 debita
618 2494 721 2534 nostra.
738 2492 845 2526 Etiam
858 2492 892 2525 in
906 2492 996 2525 bono
1009 2502 1068 2525 nos
1082 2491 1195 2524 immo·

315 2547 424 2581 biliter
435 2546 467 2578 &
481 2538 762 2578 indeclinabiliter
774 2553 842 2575 non
855 2541 927 2585 figit
940 2540 995 2575 hic
1009 2540 1198 2583 perfeaadi·

316 2599 414 2632 lestio
426 2618 436 2634 ,
458 2594 662 2637 ideoquequi
675 2592 840 2636 periptam
854 2592 914 2625 stat
925 2615 936 2631 ,
960 2589 1107 2625 adsiduus
1119 2590 1197 2634 vigi·

315 2650 382 2682 lare
393 2646 489 2680 debet
501 2657 540 2678 ne
553 2645 667 2687 cadar,
692 2641 767 2676 cum
779 2643 900 2675 timore
911 2642 944 2675 &
967 2651 1105 2675 tremore
1127 2651 1200 2683 ope-

317 2700 379 2732 rari
392 2697 525 2731 salutem
538 2697 651 2734 suam,
677 2704 720 2727 ne
747 2691 880 2735 quando
905 2692 1058 2725 irascatur
1084 2690 1199 2725 Domi-

316 2760 390 2788 nus,
412 2748 443 2781 &
456 2756 622 2789 pereamus
633 2744 735 2778 devia
747 2742 838 2785 justa.
867 2742 908 2775 Et
921 2740 999 2775 hinc
1010 2741 1049 2774 ad
1074 2742 1198 2784 praesen-

318 2810 385 2833 tem
398 2799 496 2831 vitam
509 2797 651 2830 redituro
663 2794 772 2828 saneto
793 2791 905 2827 Salvio
918 2793 1085 2825 Dominus
1106 2789 1197 2824 meri-

320 2860 356 2883 to
381 2847 525 2891 promifit
547 2848 580 2880 &
601 2846 676 2879 fecit
688 2844 767 2877 mali
788 2843 879 2875 istius
892 2843 1112 2875 securitatem:
1137 2844 1202 2884 Ego

318 2899 384 2943 sum
409 2897 496 2937 custos
524 2905 603 2934 tuus,
632 2897 720 2928 donec
738 2894 878 2926 reducam
905 2901 934 2924 te
959 2897 991 2924 in
1018 2891 1200 2923 bunclocum.

324 2948 411 2981 Inter
433 2948 573 2980 nostram
594 2969 603 2984 ‚
637 2945 712 2978 licet
737 2944 923 2986 perfectam,
942 2943 975 2975 &
997 2942 1069 2974 vitae
1088 2941 1204 2974 futurae

324 2997 517 3031 charitatem
537 2997 580 3030 est
604 2994 812 3040 grandissima
833 2992 1005 3025 distantia:
1033 2991 1114 3024 Haec
1143 3001 1203 3024 nos

326 3059 394 3081 non
424 3046 527 3079 solum
553 3048 570 3079 a
607 3044 755 3078 volaticis
792 3044 890 3077 etiam
917 3040 1082 3083 amoribus
1104 3064 1115 3080 ‚
1150 3041 1204 3073 seu

272 3111 275 3115 ’
326 3099 520 3141 ingeneratae
544 3095 639 3128 nobis
664 3092 940 3136 concupiscentia
961 3091 1142 3125 adsenlibus
1161 3090 1205 3123 le-

325 3145 481 3185 viffimis,
506 3144 698 3187 sedinsuper
709 3144 749 3177 ab
761 3144 828 3186 ejus
850 3142 994 3177 motibus
1020 3139 1145 3184 integre
1168 3141 1203 3172 li-

326 3196 472 3237 berabit,
495 3194 634 3236 ideoque
655 3196 715 3226 erit
737 3193 917 3238 pleniffima
927 3204 969 3226 ex
981 3200 1054 3225 toto
1076 3189 1205 3233 penitus

326 3248 444 3283 corde.
476 3242 572 3279 Adeo
596 3243 684 3275 firme
699 3255 757 3275 nos
780 3245 855 3277 Deo
875 3255 912 3277 ac
922 3243 990 3285 ejus
1016 3240 1141 3285 legibus
1152 3241 1204 3273 ad-

327 3301 407 3343 figet
426 3319 437 3335 ‚
462 3306 500 3329 ut
529 3293 608 3336 ipsas
636 3293 812 3336 infringere
839 3305 898 3327 nec
926 3292 1059 3326 volituri
1087 3291 1204 3330 fimus,

328 3361 389 3383 nec
417 3344 544 3380 valituri
572 3367 580 3374 .
619 3342 660 3375 Et
690 3341 745 3375 has
772 3345 806 3376 &
833 3343 911 3376 alias
937 3342 1105 3385 utriusque
1131 3339 1204 3375 cha·

327 3397 429 3432 ritaris
455 3393 652 3429 differentias
673 3392 843 3435 insigniter
863 3394 895 3426 &
916 3390 1024 3436 ample
1045 3389 1206 3424 illustrant

1238 812 1241 825 l

1414 334 1789 376 CAPUT
1887 337 1973 373 VI.

1354 442 1481 486 ,Quanta
1507 440 1542 472 ὁ·
1567 439 1665 480 qualis
1689 439 1824 472 charitas
1844 442 2013 483 requiratur

1453 491 1496 523 ad
1514 493 1730 525 contritionem
1745 496 1916 533 generatim

1600 537 1624 583 s
1618 547 1752 581 amptum
1760 563 1769 572 .

1367 640 1496 676 Uidam
1523 640 1687 685 requirunt
1713 638 1909 676 charitatem
1944 643 2130 679 robustam.

1374 692 1524 726 Fundate
1536 692 1566 725 se
1578 691 1696 734 poffint
1710 690 1743 724 in
1757 691 1863 725 Saneti
1875 693 2012 736 Joa-nnis
2027 694 2133 738 Chry·
2151 694 2191 727 ad
2217 695 2308 729 Con-

1239 741 1383 774 vsostomi
1396 742 1435 775 ad
1451 742 1607 786 populum
1620 737 1869 775 Antiochenutn
1891 741 2038 777 homiliis
2050 769 2060 785 ,
2087 745 2133 779 di·
2151 743 2255 777 tritio-

1253 791 1355 825 centis
1365 790 1405 825 de
1418 791 1630 835 praerequifita
1644 791 1684 825 ad
1700 789 1898 834 Baptismum
1911 791 2129 829 Poeniteutia:

1254 844 1471 876 Paenitentiam
1483 853 1574 886 agens
1588 852 1645 874 non
1657 842 1760 875 eadem
1771 842 1901 883 amplias
1915 849 2043 890 atttngtt
2050 855 2132 887 nego·
2147 844 2288 886 quirunt
2311 871 2314 875 .

2151 641 2268 689 Aliqui

2149 805 2225 827 nem
2238 805 2283 828 re·

1252 898 1296 924 tia
1308 916 1318 932 ,
1344 903 1467 933 quorum
1487 898 1642 934 poenituit,
1663 891 1929 933 ideaque-jubemur
1936 893 2044 934 dicere,
2056 895 2130 927 AB·
2145 893 2284 928 charita-

1254 941 1350 975 REN
1359 941 1518 977 UNCIO
1529 942 1628 976 TlBl
1641 941 1894 981 SATHANA,
1901 953 1938 976 ne
1948 945 2077 985 amplius
2090 945 2134 976 ad

2151 953 2219 978 tem
2229 954 2284 978 ΙὉ·

1250 1002 1315 1023 eum
1327 1002 1514 1026 revertamur
1527 1017 1534 1024 .
1562 992 1625 1026 Per
1638 991 1842 1036 Baptismum
1852 991 1952 1026 deleri
1962 991 2043 1027 dicit
2064 994 2132 1028 sola
2145 992 2289 1028 bustam-⁴

1252 1052 1380 1084 peccata
1390 1043 1621 1085 seufculparum
1632 1053 1750 1082 reatus,
1761 1053 1968 1087 nequaquam
1982 1044 2063 1078 vitia
2076 1055 2132 1078 aut
2144 1042 2279 1077 Homil-

1252 1090 1382 1125 vitiosas
1395 1092 1648 1126 consuetudines
1661 1115 1671 1131 ,
1683 1092 1823 1136 ideoque
1836 1092 1910 1126 illas
1923 1092 2024 1139 longa
2038 1094 2134 1128 virtu·
2146 1102 2203 1130 21.

1252 1151 1322 1175 tum
1334 1151 1409 1176 ante
1423 1142 1623 1186 Baptismum
1634 1143 1872 1177 exercitatione
1882 1143 2036 1178 delendas
2049 1169 2059 1184 ‚
2082 1155 2137 1187 pa-

1252 1190 1430 1234 randasque
1443 1192 1523 1226 vires
1535 1217 1545 1232 ,
1567 1192 1688 1234 quibus
1697 1193 1936 1236 percipiendam
1949 1193 1985 1228 in
2012 1194 2059 1228 Ba
2066 1194 2140 1238 ptis-

1253 1252 1307 1274 mo
1318 1243 1459 1286 gratiam
1471 1242 1505 1275 ὅ(
1518 1242 1635 1276 vestem
1649 1243 1828 1284 nuptialem
1851 1242 2017 1276 custodire
2038 1243 2141 1278 valea-

1253 1302 1329 1324 mus.
1353 1290 1487 1324 Easdem
1501 1293 1582 1325 vires
1594 1293 1626 1325 in
1641 1291 1780 1324 homilia
1792 1291 1832 1325 de
1844 1303 1912 1324 non
1925 1302 2143 1327 contemnen-

1250 1340 1289 1374 da
1303 1343 1365 1374 Dei
1382 1341 1521 1375 Ecclesia
1531 1353 1569 1374 ac
1581 1341 1714 1375 Divinis
1725 1341 1884 1374 Misteriis
1896 1341 2031 1385 requirit
2044 1343 2085 1377 ad
2098 1343 2141 1377 le·

1251 1390 1365 1436 gitime
1379 1392 1621 1434 percipiendam
1637 1389 1886 1432 Eucharistiarn‚
1900 1390 2014 1434 utpote
2026 1393 2140 1438 ignem

1251 1440 1412 1475 coelestem
1426 1441 1458 1475 &
1475 1452 1627 1475 arcanam
1642 1440 1810 1475 flammam
1825 1463 1835 1481 ‚
1854 1440 1895 1475 de
1911 1452 1974 1485 qua
1984 1443 2091 1488 pergit
2103 1443 2141 1479 in

1253 1491 1389 1525 homilia
1402 1491 1442 1524 de
1454 1492 1563 1525 fausto
1576 1489 1780 1534 philogonio
1806 1490 1994 1536 patriarcha
2021 1494 2144 1528 Antio·

1252 1539 1375 1575 cheno.
1403 1546 1455 1573 Ne
1476 1547 1568 1585 igitur
1578 1541 1868 1584 accefferlsfiipulaem
1889 1542 2033 1582 adferens
2047 1565 2059 1583 ‚
2082 1554 2145 1577 note

1251 1594 1333 1634 ligna
1344 1615 1353 1630 ,
1368 1602 1423 1623 non
1431 1590 1552 1632 foenum
1565 1615 1575 1630 ‚
1587 1602 1625 1624 ne
1637 1600 1745 1635 augeat
1754 1593 1926 1625 incendium
1938 1616 1949 1632 ‚
1971 1591 2143 1637 exutasque

1252 1646 1396 1679 animam,
1405 1640 1463 1683 sed
1481 1642 1619 1674 accedens
1638 1640 1728 1683 feras
1752 1642 1871 1682 lapides
1890 1641 2033 1684 pretusbs
2045 1667 2057 1683 ,
2081 1654 2141 1675 au·-

1252 1702 1318 1724 rum
1339 1712 1349 1728 ,
1370 1697 1525 1734 argentum
1547 1713 1558 1731 ,
1577 1701 1635 1732 quo
1652 1698 1800 1731 puriorem
1822 1693 1934 1724 reddas
1960 1696 2143 1736 materiam3

1253 1742 1399 1782 multoque
1410 1750 1472 1773 cum
1482 1741 1561 1773 lucro
1569 1738 1706 1782 discedas
1720 1766 1727 1773 .
1759 1739 1802 1773 Et
1824 1739 1858 1774 in
1874 1739 2024 1775 homiliis
2049 1743 2146 1786 supra

1255 1790 1388 1834 primam
1406 1790 1449 1824 ad
1469 1788 1665 1824 Corinthios
1689 1789 1869 1833 Epistulam
1893 1791 2027 1825 mandat
2051 1803 2146 1826 com-

1255 1838 1520 1874 municationem
1533 1837 1619 1873 effea
1631 1840 1869 1883 cupiditatibus
1880 1840 2061 1875 immunem
2071 1865 2078 1872 .
2095 1841 2144 1876 At

1255 1889 1331 1922 vero
1341 1888 1359 1924 ὲ
1370 1886 1465 1932 ligno
1483 1913 1493 1929 ‚
1506 1890 1595 1922 foeno
1608 1913 1619 1929 ,
1632 1888 1758 1932 stipulis
1769 1914 1779 1931 ‚
1791 1891 1845 1923 seu
1858 1889 2010 1925 adfixivis
2022 1901 2148 1925 creatu-

1254 1951 1293 1973 rae
1303 1939 1467 1972 amoribus
1480 1938 1635 1973 immunis
1647 1962 1657 1979 ,
1667 1939 1806 1983 soloque
1818 1939 1982 1974 bonorum
2005 1951 2145 1984 operum

1255 1999 1356 2028 auro,
1377 1998 1516 2034 argento
1528 2013 1541 2030 ,
1559 1988 1592 2022 &
1606 1988 1923 2032 preriofislapidibus
1935 2000 2051 2024 ornata
2061 1989 2146 2024 eha-

1255 2040 1331 2074 ritas
1351 2037 1395 2074 est
1410 2048 1556 2082 patenter
1568 2037 1608 2073 ad
1635 2039 1747 2079 minus
1762 2038 1903 2074 robusta.
1931 2039 1975 2074 Et
1988 2040 2055 2084 ipsa
2069 2050 2144 2084 pro-

1256 2090 1338 2125 fecto
1372 2089 1527 2125 naturalis
1551 2089 1637 2125 ratio
1662 2090 1860 2134 portandum
1883 2091 1920 2127 in
1942 2090 2017 2124 vase
2047 2089 2141 2124 fictili

1257 2140 1442 2176 thesaurum
1468 2141 1593 2174 nemini
1620 2141 1761 2181 credat,
1800 2140 1858 2175 nifi
1896 2139 1955 2185 qui
1989 2138 2141 2174 habuerit

1258 2189 1461 2235 prudentiam
1479 2189 1513 2223 δε
1536 2190 1716 2224 viresillius
1740 2190 1781 2225 ab
1799 2188 1893 2225 omni
1906 2191 2051 2234 periculo
2062 2202 2143 2224 con-

1258 2239 1424 2274 servandi.
1452 2240 1496 2273 Et
1510 2238 1588 2273 hinc
1602 2239 1710 2284 Regi,
1733 2241 1791 2283 qui
1817 2242 1930 2274 volens
1947 2241 2141 2275 committe·-

1259 2302 1290 2324 re
1317 2290 1440 2324 bellum
1463 2288 1614 2324 adversus
1635 2290 1735 2324 alium
1760 2289 1909 2333 Regem,
1932 2289 2046 2324 sedens
2072 2288 2144 2332 pri-

1259 2343 1295 2374 us
1317 2349 1487 2383 computat
1509 2340 1655 2383 sumptus
1679 2340 1888 2379 necessarios,
1909 2338 1931 2372 fi
1946 2338 2042 2382 poffit
2061 2349 2141 2372 cum

1259 2392 1372 2424 decem
1385 2389 1530 2423 millibus
1540 2399 1707 2423 occurrere
1719 2388 1861 2423 millibus
1875 2387 2020 2433 viginti,
2033 2399 2073 2422 ne
2084 2388 2142 2421 foe·

1259 2439 1335 2475 dam
1359 2440 1467 2483 postea
1492 2449 1603 2482 pacem
1626 2450 1763 2484 cogatur
1789 2440 1968 2481 supplicare
1989 2460 1997 2469 .
2024 2439 2141 2481 Bapti-

1260 2489 1403 2525 zandum
1425 2489 1639 2532 comparatin
1653 2489 1836 2533 Evangelio
1859 2488 2040 2527 Dominus,
2051 2498 2146 2521 man-

1260 2540 1382 2584 datque
1403 2539 1452 2573 illi
1479 2541 1517 2573 ad
1532 2539 1746 2584 pugnandum
1769 2549 1844 2572 curn
1867 2536 2050 2572 diabolo&
2073 2538 2144 2581 ejus

1264 2589 1412 2635 Angelos
1421 2588 1657 2632 expugnandos
1667 2588 1773 2622 ‘adeste
1786 2599 1852 2622 non
1868 2588 2078 2623 solummodo
2087 2599 2145 2621 vo-

1264 2642 1424 2674 luntatem
1439 2638 1667 2681 &adfestum3
1695 2639 1748 2673 sed
1770 2640 1869 2672 etiam
1888 2637 2030 2672 robur&
2045 2637 2137 2672 vires.

1264 2689 1456 2724 parabolam
1496 2688 1590 2722 istam
1627 2690 1732 2723 Sancti
1769 2687 1918 2722 Ecclesiae
1955 2688 2066 2722 Patres
2097 2688 2144 2721 ita

1263 2740 1375 2783 paffim
1400 2749 1596 2783 exponunt,
1623 2739 1657 2772 δε
1685 2738 1884 2772 nominatim
1911 2739 1946 2772 in
1973 2737 2078 2771 literis
2103 2735 2145 2771 ad

1264 2789 1430 2824 Hilarium
1461 2788 1699 2830 Syracusanum
1735 2788 1870 2823 Sanetus
1915 2787 2142 2832 Augustinus.

1264 2841 1357 2875 Hinc
1379 2840 1459 2873 item
1481 2838 1745 2873 Cathecumenos
1761 2839 1795 2874 δε
1816 2838 2017 2872 Poenitentes
2030 2837 2146 2871 multis

2149 1369 2302 1422 Tomq.

2166 2796 2271 2849 Epist<

2165 2852 2219 2901 89.

1263 2902 1318 2935 per
1342 2900 1447 2923 annos
1473 2887 1876 2932 probationibusexereuit
1897 2888 1978 2921 olim
2005 2887 2039 2920 &
2065 2888 2145 2921 scru—
2162 2902 2268 2950 εἶπα,
2286 2910 2327 2953 4³

1264 2952 1331 2976 tata
1357 2939 1403 2973 est
1433 2939 1588 2978 Ecclefia,
1615 2947 1651 2972 ut
1663 2937 1780 2981 nempe
1806 2938 1870 2971 illis
1898 2937 2058 2978 validam,
2079 2948 2144 2981 qua

1264 2988 1510 3035 percipiendum
1531 2987 1660 3023 donum
1683 2987 1884 3023 custodirent
1904 3011 1915 3028 ‚
1948 2986 2142 3022 charitatem

1263 3040 1464 3075 conciliaret.
1488 3037 1584 3073 Hinc
1596 3039 1675 3072 item
1688 3038 1836 3082 proxime
1846 3047 1921 3070 ante
1932 3037 2012 3071 doni
2028 3038 2145 3081 impar-

1264 3091 1420 3125 titionem
1430 3088 1506 3123 illos
1516 3087 1703 3123 Sathanae&
1719 3087 1787 3130 ejus
1808 3086 1960 3130 operibus
1979 3088 2143 3122 renuntia-

1265 3141 1343 3181 re,&
1356 3149 1432 3174 cum
1442 3139 1518 3173 Deo
1530 3139 1627 3173 Parte
1636 3149 1672 3172 ac
1682 3137 1769 3170 Filio
1779 3137 1849 3180 ejus
1863 3136 2144 3179 nisu-CHRIS-

1264 3192 1336 3226 To
1348 3189 1526 3224 solenniter
1535 3200 1645 3222 coram
1658 3186 1768 3221 multis
1779 3187 1912 3220 testibus
1926 3186 2072 3231 stipulari
2083 3187 2144 3231 jus-

1265 3242 1323 3281 fit,
1347 3250 1415 3274 non
1437 3239 1544 3273 solum
1555 3240 1595 3273 de
1607 3246 1756 3281 prompta
1779 3236 1820 3271 ad
1844 3237 2051 3281 Evangelicae
2071 3236 2146 3271 virm

1265 3291 1447 3325 custodiam
1469 3289 1641 3323 voluntate
1655 3310 1666 3326 ,
1687 3287 1741 3320 sed
1763 3286 1797 3320 &
1820 3287 1860 3320 de
1871 3287 1977 3321 futura
1994 3287 2064 3330 ejus
2087 3284 2146 3318 sub

1266 3339 1438 3374 horrendis
1473 3338 1615 3374 reatibus
1639 3336 1788 3371 custodia
1816 3359 1824 3366 -
1859 3337 1945 3383 Qae
1979 3334 2147 3379 stipulatio

1250 3390 1374 3435 rpalam
1411 3388 1538 3423 videtur
1578 3388 1758 3430 supponere
1804 3388 2001 3422 sufficientes
2037 3383 2118 3418 vires
2139 3410 2147 3417 .

333 3442 903 3490 SanstusAugustinus,sandiusque
922 3440 1120 3477 Bernartius.
1142 3439 1207 3475 Ve·
1250 3422 1356 3491 {Qis
1392 3439 1483 3476 enim
1514 3437 1684 3482 stipuletur
1718 3447 1787 3472 rem
1810 3461 1825 3480 ,
1858 3436 1952 3483 cujus
1985 3433 2042 3469 tibi
2083 3444 2153 3468 non

2050 3483 2116 3531 spe-

2326 3059 2345 3069 2.-
