2366 3736
764 143 826 177 tu
859 128 1257 176 ΡείΑῦιΑΝΑΜ
1291 124 1591 172 Hamcsm.

243 218 324 254 item
343 214 479 259 synodo
500 214 675 261 plurimum
685 215 871 251 deferebant
883 211 1027 247 Romani
1040 211 1122 247 mul-

243 268 289 310 ti,
314 266 482 301 credentes
503 267 672 312 Pelagium
682 265 767 299 falsu
781 264 937 298 diffamari
951 287 959 294 .

289 317 376 364 Qum
392 318 508 352 omnia
528 318 561 352 ὃς
585 315 780 350 Aurelius&
795 314 998 359 Augustinus
1009 313 1116 347 viden·

243 367 298 401 'tur
316 367 384 401 uon
409 368 467 402 nifi
491 369 561 412 post
583 363 873 409 Carthaginensem
895 376 932 398 ac
957 362 1119 397 Milevita-

243 427 322 451 nam
340 418 511 460 Synodutn
533 415 746 450 intellexiste.
776 415 868 448 Hinc
886 411 1029 457 Synodis
1052 413 1118 446 istis

242 477 314 501 non
335 468 483 503 contenti
505 476 577 500 cum
600 464 715 507 Alipio
735 464 947 510 Tagastensi,
976 462 1120 500 Possidio

243 515 425 552 Calamenfi
436 541 448 557 ,
473 517 505 550 δε
516 514 646 549 Evodio
659 515 813 550 Uzalensi
830 539 840 555 ,
850 512 1035 548 dofflffimis
1047 514 1120 556 Epi-

241 567 368 610 scopis,
394 567 496 601 fecere
517 576 639 599 novum
663 564 954 607 extra-synodalem
967 564 1119 598 Conven-

241 626 313 650 tum
326 640 337 656 ,
363 617 396 649 ἀ
418 614 460 649 ab
472 615 669 651 innocentio
681 614 843 650 pontifice
854 614 1059 658 postularunt
1072 616 1120 648 se·-

265 675 390 700 uentia.
793 690 796 694 .

238 675 262 711 q
290 715 530 749 Sanaiffimum
554 713 761 750 Monachum
779 714 966 753 simulabat,
991 714 1031 749 ad
1053 726 1120 747 mo-

237 764 371 799 nasticae
393 767 464 800 vitae
484 766 645 800 silentium
668 766 800 799 cunfios
811 762 1065 803 adhortabatur,
1087 765 1120 797 ἀ

240 814 303 849 sub
325 815 389 850 hoc
410 816 504 850 melle
523 817 608 849 virus
628 818 719 849 suum
744 814 846 848 astute
857 813 1119 858 Pelagiusinstil-

239 864 329 899 labat
341 891 348 897 .
377 866 424 900 lta
445 867 528 909 apud
544 866 640 899 Afros
651 865 796 897 Timafio
810 875 844 896 ac
859 863 981 907 Iacobo
997 889 1006 904 ,
1027 865 1121 908 inge-

242 916 320 950 nnis
332 915 586 950 adolescentibus
598 940 607 955 ,
633 916 665 954 &t
678 913 814 947 haerefim
838 915 988 957 persualit
1009 915 1042 948 δε
1057 926 1120 947 rno-

241 965 416 999 nasterium
439 989 451 1005 ,
486 967 533 999 eis
563 976 620 1008 pro
646 964 856 997 instructione
878 965 1064 1007 relinquens
1087 964 1122 996 li-

241 1014 338 1049 brum
362 1016 452 1047 suum
473 1017 509 1047 de
519 1018 667 1054 Natura,
695 1014 852 1047 erroribus
864 1016 1016 1057 plenum.
1043 1013 1122 1046 Gra-

239 1065 295 1098 tiae
317 1065 532 1099 necessitatem
557 1065 626 1097 illic
650 1063 780 1107 penitus
805 1064 973 1104 exsufflat,
999 1064 1030 1097 ὃ(
1056 1074 1121 1096 om-

239 1123 319 1149 nem
347 1114 502 1156 justitiam
527 1115 670 1148 nostram
691 1114 875 1148 transcribit
891 1117 922 1147 in
938 1113 1123 1157 possibilita-

242 1174 313 1197 tem
328 1164 380 1198 seu
406 1166 486 1198 vires
507 1175 624 1197 naturae
637 1189 644 1197 .
675 1164 776 1197 Hisce
797 1175 877 1209 ergo
889 1165 929 1198 ab
941 1165 1124 1198 adolescen-

240 1213 354 1254 ribus,
380 1226 480 1248 omne
501 1214 621 1259 Pelagii
644 1214 833 1256 mysterium
846 1215 1093 1248 enuntiantibus
1112 1237 1123 1254 ,

241 1274 414 1307 acceptum
435 1264 570 1299 Librum
584 1263 703 1298 laudati
716 1265 869 1308 Episcopi
886 1265 1043 1299 miserunt
1057 1264 1120 1298 Ro·

239 1320 333 1347 mam
346 1338 353 1346 .

292 1364 424 1398 Deinde
435 1388 445 1404 ‚
473 1364 738 1408 Diospolitanam
751 1364 922 1408 Synodum
948 1375 1015 1398 non
1027 1375 1123 1398 excu-

242 1414 315 1447 sant
337 1414 462 1454 so’um,
491 1415 543 1447 sed
565 1416 596 1447 ek
618 1414 775 1449 laudant.-
805 1414 936 1455 Utpote
961 1425 1031 1455 quae
1047 1412 1120 1445 licet

243 1463 284 1497 de
307 1462 430 1508 Pelagii
455 1465 610 1505 persona,
640 1474 706 1496 non
721 1471 832 1495 tamen
843 1463 884 1495 de
900 1462 1049 1497 Ecclesia:
1059 1462 1122 1496 do·-

240 1523 356 1557 gmate
370 1514 518 1554 erraffet,
542 1512 605 1545 Dei
629 1512 717 1545 enim
736 1513 873 1556 gratiam
887 1512 1122 1554 profeflusistic

241 1564 348 1597 fuerat
372 1563 505 1596 dolosus
525 1561 659 1602 histrio,
686 1572 783 1604 atque
805 1564 850 1595 ita
868 1562 1015 1595 Catholici
1040 1568 1123 1599 Anti·

237 1611 323 1653 stlter
345 1613 457 1645 nullam
478 1613 571 1645 altam
589 1614 916 1655 Intelligereporuerant
930 1634 941 1651 ‚
961 1610 1016 1653 nifi
1033 1614 1123 1653 quam

238 1656 278 1693 'fn
301 1661 389 1695 libres
404 1663 459 1698 Dei
479 1664 592 1706 legere,
621 1663 654 1696 ἐν
668 1664 725 1694 Dei
734 1663 853 1703 populis
862 1664 1029 1703 praedtcare
1050 1674 1120 1695 con-

237 1709 408 1755 sueveram
418 1735 430 1747 .
454 1712 646 1756 Quapropter
657 1713 804 1753 culpandi
814 1723 870 1744 non
881 1723 968 1744 erant
974 1716 1006 1757 J
1009 1714 1121 1753 udices,

238 1759 318 1803 [quta
342 1762 535 1803 Ecclefiaesttca
559 1760 885 1804 consuetudine²nomen
901 1769 1014 1807 gratiae
1024 1763 1112 1795 audie

236 1820 317 1851 ram
330 1836 340 1852 ,
367 1811 527 1855 nescientes
538 1814 615 1855 quid
626 1810 796 1854 buJ'usmodi
807 1811 938 1845 homines
958 1816 1010 1845 vel
1021 1811 1123 1855 insuae

238 1861 387 1895 doaerinae
410 1862 515 1903 libris,
542 1858 758 1904 velmsmrum
766 1859 894 1904 solerent
905 1861 1122 1905 auribusspar-

234 1920 325 1996 ἔπι.
354 1911 518 1945 Mentales
539 1911 667 1956 Pelagii
689 1911 1016 1954 restriffionesajunt
1034 1912 1076 1946 ab
1090 1912 1125 1946 il·

256 1961 283 1994 is
300 1961 437 1995 innoxie
453 1973 521 1995 non
533 1962 627 1995 fuisse
639 1962 835 1995 intelle&as.'

290 2009 435 2050 Tertio,
462 2010 633 2055 Pelagium
655 2020 772 2054 rogant
796 2011 940 2045 Romam
961 2012 1088 2046 evocari
1112 2036 1123 2053 ,

241 2060 402 2103 dlllgenter
411 2063 652 2104 interrogandum
661 2084 672 2099 ‚
700 2072 794 2103 quum
805 2062 886 2093 dicae
889 2068 1027 2104 gratiam
1042 2085 1052 2101 ,
1063 2074 1124 2105 qua

234 2105 378 2150 fateatur
387 2111 434 2142 ad
453 2121 510 2144 non
522 2112 703 2152 peccandum
717 2133 728 2150 ‚
744 2110 882 2153 justeque
893 2113 1064 2145 vivendum
1075 2113 1122 2144 ho-

242 2164 335 2192 mines
361 2161 525 2201 adjuvari.
555 2166 611 2193 Aut
621 2160 673 2193 boc
690 2159 785 2201 ipsum
797 2170 862 2192 cum
870 2171 902 2192 eo
910 2163 1058 2204 agendum
1065 2169 1122 2202 per

241 2211 370 2247 fixeras,
394 2211 430 2242 ό·
447 2212 513 2242 cuim
535 2208 785 2251 inventusfumt
796 2208 874 2242 banc
883 2211 976 2244 dlcere
995 2228 1006 2248 ,
1032 2221 1123 2253 quam

232 2259 322 2293 ‘docet
342 2257 537 2299 Ecclefiaestica
559 2260 595 2292 6·
624 2258 782 2300 apostolica
803 2265 944 2298 vemat,
971 2269 1041 2293 tunc
1061 2259 1123 2301 fine

236 2303 295 2345 [allo
315 2306 449 2348 Ecclefiae
467 2306 606 2351 ftrupulo
614 2307 864 2351 absolvendus-est
877 2332 890 2349 ‚
915 2310 1069 2345 &revera
1085 2311 1122 2344 de

234 2357 302 2398 §jus
315 2364 491 2402 purgatione
499 2359 694 2402 gaudendum
703 2383 712 2392 .
887 2371 890 2375 ·

287 2408 441 2454 Qarto,
469 2407 588 2442 dicium
611 2408 732 2447 librum
750 2408 931 2443 examinari
944 2419 1061 2454 rogant
1082 2421 1121 2445 ac

233 2456 407 2498 damnari,
431 2458 575 2503 cogique
592 2457 764 2503 Pelagium
783 2459 816 2493 δε
840 2460 1039 2503 utipseeum
1049 2472 1121 2496 ana·

230 2505 425 2541 'thematizet
437 2532 448 2548 ,
473 2519 529 2541 aut
542 2508 658 2542 doceat
672 2520 739 2542 non
752 2509 815 2542 effe
827 2510 919 2544 suum
931 2535 940 2544 .

287 2555 442 2602 Qinto,
466 2556 485 2589 a
513 2556 616 2590 Paulo
637 2558 755 2591 Orofio
773 2558 807 2592 δε
827 2559 954 2601 Joanne
966 2560 1122 2596 Hieroso-

233 2605 333 2648 !ymae
357 2606 519 2649 Episcopo
538 2615 664 2640 motam
687 2607 898 2648 quaestionem
925 2620 1120 2654 exponunt:

234 2655 373 2704 joannis
393 2654 611 2690 adsertionem
639 2657 783 2691 fatentur
804 2658 838 2691 δε
857 2658 899 2692 ab
911 2659 984 2693 aliis
994 2661 1120 2703 quibus-

233 2705 316 2738 dam
341 2704 528 2739 Catholicis
550 2705 717 2749 sustiner13
746 2707 852 2740 Orolii
874 2717 983 2743 tamen
996 2711 1121 2745 stnsum

230 2754 410 2790 adfirmant
432 2756 685 2790 verisimiliorem
697 2781 708 2798 ‚
734 2756 768 2791 ἀ
780 2756 1009 2801 Apostolicum
1020 2762 1061 2795 de
1072 2762 1123 2796 his

235 2805 406 2849 postulant
427 2805 587 2849 judicium
600 2829 608 2839 .

291 2854 343 2888 Ex
369 2855 488 2900 quibus
513 2856 667 2891 omnibus
695 2856 864 2902 insigniter
891 2858 977 2894 lucet
1003 2861 1122 2894 Roma·

231 2915 288 2938 τε
316 2905 466 2940 Ecclesiae
493 2905 676 2947 primatus,
704 2907 856 2952 Pelagius
881 2911 969 2944 enim
998 2912 1032 2944 in
1056 2912 1123 2944 An-

235 2955 400 2990 ·tiocheno
429 2955 549 2990 haerens
577 2956 800 2991 Patriarchatu
827 2971 841 3000 ;
879 2959 1030 2995 suadetur
1058 2961 1123 2995 Ro-

234 3013 328 3038 «mam
353 3007 541 3041 evocandus
562 3030 573 3047 ‚
609 3017 706 3050 atquc
733 3009 776 3041 ita
803 3007 1044 3045 patriarchatus
1071 3011 1124 3044 ille

239 3064 319 3138 aql}
347 3055 450 3099 potest
488 3067 567 3091 tunc
601 3058 675 3092 Sedi
704 3057 904 3102 Apostolicae
939 3072 1008 3095 non
1046 3062 1122 3097 sub·-

278 3115 286 3135 ι
314 3114 349 3142 e.

417 3207 554 3250 Exponit
580 3210 730 3253 Pontificls
758 3197 957 3254 R'esponficm.

258 3293 260 3296 ’
364 3303 445 3338 Asce
480 3316 535 3348 per
570 3307 737 3343 laudatum
770 3310 969 3354 Episcopum
1000 3311 1120 3355 Julium

377 3353 497 3388 delatas
525 3355 629 3391 literas
657 3358 830 3401 plurimum
860 3361 1003 3395 laudavit
1026 3364 1120 3397 Inno-

233 3404 367 3437 centius
394 3403 574 3445 Pontifex,
599 3418 637 3440 ac
663 3410 828 3451 respondit
849 3412 1038 3455 sequentia.

1951 139 2040 187 ¹73

1180 211 1319 255 ideoque
1346 211 1412 244 illic
1439 213 1533 247 facile
1561 214 1658 247 latere
1690 210 1832 247 Errones
1853 233 1863 251 ‚
1901 209 2061 255 ejusmodi

1181 273 1291 296 tamen
1320 262 1549 296 blaterationes
1569 261 1702 306 impune
1714 274 1781 296 non
1797 261 1958 305 permitti.
2061 305 2064 309 Δ

1229 312 1381 351 Deinde,
1410 311 1543 345 clerum
1571 314 1662 346 suum
1674 312 1832 347 discussit.
1857 309 1961 345 Tunc
1972 311 2062 347 enim

1181 362 1292 396 Xistus
1318 361 1490 404 Presbyter
1511 361 1694 405 pelagianis
1714 362 1875 396 erroribus
1894 360 1980 395 dixit
2006 371 2063 404 pu·

1180 413 1303 446 blicum
1327 411 1522 448 anathema,
1549 423 1602 453 per
1627 411 1814 456 fingulasad
1828 409 2066 455 Carthaginen-

1181 464 1245 496 sem
1272 474 1309 495 ac
1337 461 1565 494 Milevitanam
1591 462 1741 503 Synodos
1762 487 1772 502 ,
1811 463 1845 496 &
1873 462 1913 496 ad
1936 462 2067 505 praesen-

1180 522 1246 549 tem
1274 513 1487 546 Conventum
1513 511 1618 544 literas
1639 513 1830 555 expurgavit
1849 513 1903 552 se,
1929 512 2009 555 quin
2031 509 2067 546 δε

1181 561 1299 596 librum
1333 562 1451 603 scripsit
1488 560 1657 595 adversum
1689 563 1820 595 eosdem
1854 585 1865 602 ‚
1893 572 1991 606 atque
2019 562 2067 595 ita

1179 623 1312 646 omnem
1341 611 1515 645 Ecclesiam
1544 611 1623 644 mire
1661 610 1836 644 laetificavit
1857 633 1866 641 .
1905 612 1947 644 Et
1978 611 2069 644 exin-

1179 663 1218 695 de
1247 662 1424 706 pelagiana
1449 662 1548 695 fastio
1571 660 1636 696 fuit
1659 659 1777 695 Romae
1793 660 1968 703 plurimum
1980 670 2070 694 com·

1181 714 1277 755 pressa
1290 738 1298 744 .

1230 762 1369 802 Tertio,
1395 761 1437 795 de
1461 760 1692 804 Diospolitana
1709 759 1847 802 Synodo
1860 756 1946 796 haefit
1959 757 2072 794 Ponti·

1181 813 1256 849 fex:
1285 812 1366 846 Eam
1388 823 1444 846 aut
1461 813 1567 845 fistam
1590 810 1748 851 credidit,
1774 819 1829 843 aut
1847 810 1932 844 certe
1943 809 2070 854 Pelagii

1180 862 1497 906 aequivocationibus
1522 861 1636 895 misere
1665 860 1809 895 delusam
1833 884 1845 900 ,
1871 860 2012 901 ideoque
2034 859 2072 892 il-

1185 912 1252 945 lum
1269 936 1280 952 ,
1307 911 1384 947 licet
1409 912 1556 951 Gestorum
1568 914 1683 953 ‚iudicio
1706 920 1896 950 nontamen
1909 911 1991 944 corde
2000 920 2073 943 con-

1183 960 1264 1004 verso
1280 963 1342 997 effe
1365 973 1553 1007 purgatum.

1233 1012 1364 1059 Qartd
1377 1037 1388 1053 ‚
1416 1010 1483 1046 haec
1504 1013 1550 1047 ait
1573 1012 1615 1047 de
1635 1011 1810 1047 evocando
1821 1010 1978 1055 Pelagio:
2009 1011 2075 1054 ,Qui

1179 1061 1208 1102 fi
1222 1064 1344 1102 confidit
1358 1087 1369 1103 ,
1395 1069 1536 1105 novitque
1556 1074 1614 1096 non
1629 1062 1724 1102 nostra
1745 1063 1870 1106 dignum
1880 1061 1931 1104 effe
1943 1062 2071 1094 damna-

1183 1118 1261 1145 tione
1271 1135 1282 1151 ,
1308 1114 1389 1156 quod
1398 1115 1479 1147 dtcat
1481 1116 1554 1154 jam
1562 1112 1699 1156 scrotum
1709 1112 1760 1145 boc
1773 1113 1911 1154 refutare
1931 1114 2012 1154 quod
2029 1113 2078 1146 dl-

1184 1172 1272 1195 xerat
1291 1187 1301 1202 ,
1329 1174 1386 1199 non
1412 1165 1434 1196 ἃ
1459 1163 1540 1196 nobis
1562 1163 1713 1204 accerfirt,
1734 1162 1792 1206 sed
1810 1161 1872 1204 ipse
1895 1163 1992 1204 potrus
2019 1163 2078 1196 de-

1184 1212 1231 1246 bet
1242 1212 1388 1253 festinare
1412 1221 1446 1249 ut
1462 1214 1543 1255 poffit
1563 1213 1698 1257 absblvi.
1722 1217 1809 1247 Nam
1818 1212 1848 1253 fi
1863 1212 1961 1246 adbuc
1971 1214 2076 1247 taliter

1180 1261 1273 1304 sentit
1297 1286 1308 1302 ‚
1331 1264 1470 1304 quamdo
1486 1262 1519 1304 se
1543 1265 1634 1304 nostro
1649 1266 1781 1305 judicto,
1809 1261 1967 1305 quibusvis
1992 1273 2076 1297 acce-

1181 1318 1246 1352 ptis
1269 1312 1368 1346 literis
1381 1337 1391 1352 ‚
1417 1312 1566 1354 crimsciar
1574 1315 1782 1347 damnandum
1792 1314 1869 1354 effe,
1895 1313 2078 1345 committet?

1186 1361 1317 1394 Alludit
1339 1362 1379 1394 ad
1400 1362 1467 1403 ejus
1483 1362 1677 1405 Magistrum
1690 1362 1863 1395 Ruffinum
1876 1385 1888 1400 ‚
1913 1360 2008 1404 aquo
2023 1373 2079 1404 pet

1187 1410 1390 1447 Anastafium
1418 1411 1615 1447 Pontificem
1649 1422 1791 1447 evocato
1829 1411 1972 1444 Romam
2007 1410 2082 1454 plus

1185 1461 1281 1503 quarn
1304 1461 1503 1495 barbaricam
1517 1463 1737 1504 captivitatem
1750 1463 1843 1496 fuisse
1855 1461 2084 1502 formidatam,

1187 1510 1295 1544 scribit
1318 1509 1441 1545 sauctus
1452 1511 1682 1553 Hieronymus
1692 1537 1700 1545 .

1236 1560 1371 1606 Quinto
1382 1583 1393 1598 ‚
1421 1561 1638 1601 transmissum
1650 1561 1768 1596 librum
1783 1586 1793 1602 ,
1805 1561 1920 1605 utpote
1931 1560 2081 1605 blaspheae

1186 1610 1250 1645 mia
1286 1611 1418 1654 plenum
1443 1635 1454 1651 ,
1495 1612 1597 1647 saucit
1617 1611 1658 1646 ab
1677 1611 1832 1646 omnibus
1853 1612 2082 1648 damnandum

1186 1671 1283 1703 atque
1304 1662 1498 1695 calcandum
1515 1687 1524 1697 .

1235 1710 1334 1744 Sexto
1356 1735 1367 1750 ‚
1392 1712 1435 1747 de
1461 1712 1593 1746 defensa
1621 1711 1663 1747 ab
1682 1713 1799 1747 Orosio
1820 1711 1970 1745 adversus
1981 1712 2079 1754 Joan-

1187 1773 1262 1795 nem
1291 1760 1488 1804 Episcopum
1513 1761 1740 1804 Propositione
1766 1762 1888 1795 nullam
1911 1762 1991 1796 facit
2013 1771 2081 1795 me-

1187 1812 1324 1844 moriam
1345 1834 1357 1850 ,
1393 1810 1533 1854 ideoque
1571 1813 1627 1846 illa
1660 1812 1843 1845 etiamnum
1878 1811 2082 1854 probabilior

1186 1859 1369 1900 dumtaxat=
1387 1872 1496 1895 manet
1517 1886 1529 1901 ‚
1557 1861 1591 1895 in
1619 1861 1695 1895 fidei
1723 1863 1867 1905 regulam
1901 1873 1969 1895 non
1998 1871 2083 1894 rece-

1187 1922 1240 1955 pta
1263 1936 1273 1943 .
1299 1910 1378 1952 Ejus
1404 1910 1590 1955 oppofitutn
1623 1911 1767 1947 omnino
1800 1912 1917 1949 docuit
1943 1913 2083 1948 Sanetus

1175 1964 1178 1969 ’
1189 1961 1382 1997 Ambrosius
1390 1985 1400 2002 ,

1281 2038 1624 2100 Ro-‘MANA
1676 2061 1991 2100 ZOZYMI

1448 2114 1812 2150 PONTlFlcls

1437 2212 1844 2251 SYNODUS.

1337 2311 1593 2350 ACTIO
1644 2314 1921 2350 PRIMA.

1279 2412 1375 2446 Mara
1397 2411 1486 2455 haec,
1513 2414 1546 2450 ἀ
1560 2415 1692 2459 quidem
1708 2427 1764 2460 per
1777 2415 2003 2459 Apostolicam
2030 2415 2084 2452 Sd

1304 2463 1379 2498 dem
1392 2465 1609 2505 confirmata,
1634 2466 1755 2508 judicia
1774 2465 1946 2510 Pelagium
1968 2467 2002 2501 ἀ
2018 2467 2084 2502 Ce-

1185 2511 1315 2546 lestium
1333 2512 1448 2546 acriter
1467 2524 1676 2558 pupugerunt
1699 2541 1706 2548 .
1735 2516 1916 2550 Laudatam
1938 2517 2053 2551 Sedem
2067 2541 2080 2556 ,

1185 2564 1271 2606 quasi
1296 2563 1337 2596 ab
1349 2562 1440 2596 Afris
1460 2565 1738 2608 circumscriptam
1762 2565 1965 2609 appellarunt
1985 2589 1996 2605 ‚
2022 2567 2082 2610 ipsi

1186 2623 1350 2647 tentantes
1371 2613 1633 2648 circumscribere
1649 2639 1656 2647 .
1683 2615 1864 2659 Coeperunt
1880 2617 2000 2661 lingua:
2015 2618 2078 2651 suar

1186 2663 1255 2696 vela
1283 2673 1402 2695 vertere
1422 2685 1434 2702 ,
1470 2662 1502 2695 &
1538 2675 1605 2698 non
1629 2665 1904 2710 qualemcumque
1925 2692 1936 2707 ‚
1961 2668 2012 2700 sed
2042 2668 2077 2701 ὅ(

1187 2711 1393 2754 Jesu·Christi
1420 2713 1579 2756 gratiam,
1605 2714 1734 2758 ejusque
1758 2716 1799 2749 ad
1822 2716 1966 2761 singulos
1987 2718 2076 2751 astus

1187 2762 1402 2795 neceffitatem
1432 2762 1603 2798 buccinare
1638 2773 1729 2798 tauta
1758 2767 1940 2800 mentiendi
1974 2776 2041 2799 arte
2063 2788 2075 2805 ‚

1186 2822 1222 2845 ut
1255 2812 1295 2845 dc
1328 2813 1470 2855 ipsorum
1505 2815 1586 2847 ret‘ia
1619 2825 1729 2865 mente
1758 2815 1825 2858 ipse
1845 2840 1857 2856 ,
1883 2814 2077 2854 technarum

1187 2862 1281 2904 plene
1304 2863 1476 2903 conscius,
1502 2863 1635 2898 sanstus
1655 2866 1860 2909 Augustinus
1881 2866 1968 2910 quali
1982 2865 2073 2901 haefi-

1186 2922 1285 2945 taret.
1318 2912 1360 2946 Et
1396 2913 1527 2956 quidem
1558 2913 1784 2957 presbyteratu
1805 2915 1871 2958 jam
1894 2916 2037 2951 donatus
2063 2941 2075 2959 ‚

1186 2962 1325 3004 ideoque
1353 2961 1506 2997 audacior
1539 2963 1698 2997 celemus
1728 2965 1856 2999 acceffit
1890 2965 2034 3000 Romam
2062 2991 2075 3007 ,

1186 3013 1401 3046 accusatorem
1425 3012 1599 3047 Paulinum
1613 3014 1802 3049 Diaconum
1816 3039 1827 3056 ,
1853 3015 1944 3059 juxta
1961 3016 2075 3060 appel-

1186 3061 1319 3095 lationis
1353 3063 1439 3108 leges
1458 3087 1468 3103 ,
1497 3062 1661 3106 postulans
1683 3065 1780 3099 etiam
1802 3067 1938 3101 'evocari
1962 3093 1969 3100 .
2001 3068 2074 3101 Nec

1185 3111 1273 3146 hunc
1284 3113 1387 3146 solum
1398 3136 1408 3150 ‚
1433 3113 1484 3145 sed
1497 3114 1527 3145 ὃ(
1544 3114 1701 3148 Herotem
1716 3126 1752 3149 ac
1765 3115 1926 3151 Lazarum
1940 3141 1951 3158 ,
1976 3117 1992 3151 a
2007 3118 2076 3158 qui-

1185 3161 1439 3197 busvaccusatus
1469 3173 1521 3205 per
1539 3163 1646 3197 literas
1668 3189 1680 3206 ,
1707 3166 1785 3209 quin
1810 3168 1844 3202 &
1871 3168 1967 3210 ipsam
1991 3166 2076 3199 Car·-

1185 3211 1408 3257 tbaginenscm
1422 3213 1591 3255 Synodum
1604 3215 1775 3249 traducens
1787 3216 1827 3250 de
1839 3217 1949 3251 multis
1960 3240 1972 3256 ,
1993 3216 2070 3249 San-

1185 3262 1223 3294 sti
1251 3262 1438 3297 innocentii
1474 3262 1574 3296 literis
1601 3275 1709 3309 parere
1738 3268 1893 3310 professus
1916 3291 1927 3306 ,
1952 3265 2075 3300 obtulit

1186 3311 1260 3345 fidei
1285 3314 1345 3346 suae
1370 3312 1516 3346 libellum
1542 3337 1552 3353 ,
1581 3314 1671 3357 cujus
1699 3314 1764 3350 haec
1786 3317 1847 3350 fuit
1882 3315 2072 3350 conclusio:

1186 3363 1214 3393 51
1233 3362 1316 3403 forte*
1337 3370 1368 3394 ut
1382 3361 1551 3396 homenibus
1563 3363 1712 3407 quispiam
1724 3372 1898 3409 ignorantia
1906 3376 1986 3397 error
1998 3365 2077 3400 obra-

1182 3410 1296 3454 pserit,
1325 3412 1421 3451 vestra
1436 3412 1584 3455 sementia
1606 3422 1799 3459 corrigatur-2⁴
1820 3416 1928 3449 Etiam
1956 3421 2073 3456 amnia,

252 3476 254 3478 v
287 3453 405 3488 Primo
426 3478 436 3494 ,
471 3454 584 3489 urbem
620 3458 684 3491 effe
709 3458 831 3494 vastam
866 3461 901 3495 ὅ(
926 3463 1121 3507 populosam
1188 3472 1255 3507 qua
1278 3464 1367 3498 sedes
1378 3463 1431 3497 illa
1451 3464 1665 3499 damnaturum
1673 3464 1707 3508 se
1716 3463 1865 3508 promifit.
1890 3466 1963 3501 Et&
1990 3470 2081 3504 Pon·

321 3502 433 3547 Christ.
448 3508 531 3549 Lupi
544 3510 643 3548 Opera
656 3510 734 3540 Tam.
741 3511 775 3543 X
777 3512 801 3542 1.

1637 3514 1665 3548 P
1716 3526 1736 3565 3
1940 3518 2031 3556 tifice
