2366 3736
401 192 499 241 360

339 265 489 303 *societas
499 267 533 303 δε
545 267 766 317 congregatio
778 292 787 300 .
813 265 883 304 Hic
897 266 942 303 est
957 269 1121 312 supremus
1133 264 1261 304 Thro-'

352 325 439 360 nus,
463 318 500 352 in
520 329 587 361 qno
601 316 688 352 sedet
715 328 791 352 cum
805 319 865 353 suo
880 318 985 364 Agno
997 319 1167 354 Dominus
1179 321 1246 355 De-

352 376 409 400 us..
434 367 473 400 In
499 366 596 410 hujus
623 367 765 402 circuitu
792 368 836 403 fic
862 368 951 404 stant
977 370 1008 403 S.
1037 370 1187 414 Angeli,
1207 380 1245 404 ut

352 415 412 452 sint
434 417 523 450 illius
548 427 617 461 pars
640 418 675 454 <Sc
699 418 825 461 portio.
853 418 898 453 Et
922 420 957 453 in
983 420 1056 462 ipso
1080 420 1243 455 sedentem

351 467 398 502 ita
422 466 561 502 adorant
576 491 594 507 ,.
615 478 652 505 ut
678 468 712 502 δε
740 469 846 512 ipsum
873 467 1060 504 Thronum
1088 469 1244 504 colant&

351 527 573 551 venerentur:
608 519 675 552 sese
691 528 811 554 mutuo
833 529 968 563 propter
1000 518 1243 554 inhabitantem

322 566 539 601 -Dominum
569 567 681 603 Deum
702 592 711 600 .
750 569 898 604 Proinde
934 569 1013 604 licet
1051 570 1245 604 Sanctorum

349 618 521 653 invocatio
547 617 586 651 sit
613 630 690 653 cum
719 619 862 658 nostris,
889 618 936 654 ob
959 630 1039 664 quas
1067 621 1129 660 fit,
1155 621 1245 653 mise-

350 668 407 704 riis
434 667 607 712 finienda3
634 669 776 712 ipsorum
791 679 901 703 tamen
914 669 1101 709 veneratio,
1128 669 1247 713 &ipfis

351 728 500 764 congrua
527 716 680 754 adoratio
706 720 767 753 erit
794 719 940 752 omnino
953 720 1167 763 sempiterna.
1186 720 1246 754 Sa·

352 779 406 802 era
427 767 644 813 Apocalypsis
660 770 754 813 plura
782 768 881 803 habet
905 792 917 809 ,
937 779 1008 812 quae
1030 766 1172 803 omnino
1194 769 1246 802 de-

352 819 537 854 monstrant
551 818 653 854 sacras
673 819 886 863 Imaginesae
904 819 1058 863 reliquias
1083 819 1116 852 in
1129 818 1246 853 eodem

356 867 466 903 Altari
489 868 665 904 restiffime
679 868 805 911 exponi
825 879 903 904 cum
925 868 1132 907 Sanfiiffimo
1141 869 1248 904 Sacra-

354 926 470 957 mento
484 943 493 952 .

363 978 370 992 *
593 967 626 1003 C
652 967 684 1002 A
712 968 741 1003 P
767 968 809 1004 U
836 968 874 1004 T
933 968 1003 1003 IX.

470 1046 607 1090 ‚Quando
630 1051 775 1090 inceperit
795 1045 919 1088 publlca
945 1043 1139 1088 sacro-sandi

632 1099 819 1131 Sacramenti
845 1093 998 1138 equfitio.

463 1171 550 1208 Uod
574 1172 739 1215 expositio
766 1171 834 1207 haec
875 1170 988 1214 primis
1016 1168 1167 1203 Ecclesia
1200 1169 1250 1203 sae-

479 1223 563 1257 culis
590 1234 659 1257 non
671 1223 794 1262 fuerit,
820 1221 866 1255 est
880 1220 1105 1254 manifestum.
1137 1218 1248 1254 Ratio·

359 1279 439 1308 netn'
464 1273 585 1308 adduxi
613 1273 648 1306 in
675 1271 914 1314 superioribus,
936 1269 1027 1315 quod
1039 1268 1157 1313 nempe
1169 1279 1249 1303 tunc

357 1325 463 1359 essent
486 1324 592 1366 plures
613 1322 785 1363 Gentiles,
810 1321 912 1366 Judaei
935 1345 944 1361 ,
968 1319 1170 1354 Poenitentes
1184 1342 1195 1359 ,
1216 1319 1249 1352 ἀ

360 1373 627 1413 Catechumeni,
653 1374 688 1407 ἀ
715 1371 805 1417 quod
832 1373 900 1406 istis
921 1369 1078 1404 omnibus
1104 1378 1250 1414 paterent

360 1424 478 1459 nostrae
505 1424 647 1457 Basilicae
660 1436 674 1466 ,·
698 1424 838 1466 ideoque
852 1422 1070 1455 Sacrosanna
1091 1419 1250 1453 Euchari-

358 1473 443 1516 stia,
471 1485 543 1518 quae
556 1473 678 1508 abillis
691 1473 795 1507 videri
826 1483 893 1506 non
922 1481 1073 1515 peterat,
1099 1481 1168 1504 non
1183 1469 1251 1512 pos·

359 1526 409 1559 set
428 1524 561 1568 publice
583 1523 707 1568 exponi
730 1549 738 1557 .
776 1522 886 1556 Prima
904 1519 1084 1565 'Ephefiuae
1120 1519 1248 1563 Synodi

362 1586 381 1608 a
416 1575 449 1608 io
476 1573 516 1607 ad
542 1574 696 1608 Sanctum
709 1573 918 1608 Caelestinum
945 1571 1142 1603 Pontificem
1168 1580 1250 1602 retu-

362 1625 421 1658 lit:
450 1625 603 1658 San-{tum
631 1622 868 1666 Evangelium,
902 1619 991 1663 quod
1022 1620 1127 1662 ipsum
1155 1618 1249 1652 Chri·

361 1674 448 1708 stum
476 1673 572 1707 nobis
584 1673 770 1715 praesentem
792 1670 1016 1709 monstrabat,
1043 1671 1076 1702 in
1091 1669 1249 1709 Thmoo,

362 1724 422 1766 qui
451 1723 599 1755 medium
627 1722 739 1753 locum
763 1720 958 1758 obtinebat,
988 1718 1187 1762 propositum
1204 1720 1249 1753 fu-

362 1773 407 1809 it.
439 1770 700 1815 evangeliorum
728 1769 811 1803 liber
836 1778 907 1803 erat
935 1768 1100 1810 supremus
1128 1768 1252 1800 Conci·

362 1823 400 1857 lii
428 1821 534 1866 praeses
561 1820 677 1864 utpote
703 1820 798 1863 ipsius
825 1817 1037 1863 Iesu-Christi
1065 1816 1109 1850 D.
1138 1815 1251 1850 Nostri

362 1873 521 1909 vicarius
543 1883 581 1906 ac
607 1871 751 1916 Legatus
767 1895 774 1903 .
804 1871 846 1904 Et
873 1872 916 1903 ita
944 1867 1150 1903 observatum
1174 1868 1253 1901 sem-

363 1935 419 1969 per
443 1924 510 1957 fuit
535 1922 570 1955 in
595 1921 815 1956 Generalibus
832 1920 1016 1955 Conciliis.
1045 1918 1138 1951 Hinc
1149 1917 1253 1960 aliqui

362 1985 535 2017 quaetunt,
561 1983 620 2006 cur
646 1972 704 2005 ista
731 1972 875 2015 suprema
891 1967 1093 2003 Praefidentia
1121 1979 1189 2002 non
1204 1969 1253 2001 fu·

363 2026 426 2059 erit
451 2022 761 2058 data-Sanffiffimo
787 2020 1024 2055 sacramento?
1051 2017 1253 2062 Respondeo

364 2074 412 2110 ob
437 2075 541 2108 varias
567 2072 727 2108 rationes.
755 2072 888 2114 Primo,
917 2069 1007 2114 quod
1034 2068 1161 2112 Synodi
1174 2068 1254 2102 1²1ae„

366 2127 414 2160 ses
440 2124 554 2158 debeat
582 2124 901 2168 loqui&veritatem
927 2121 1045 2156 docere
1066 2133 1078 2154 .·
1107 2119 1187 2154 Hoc
1199 2129 1254 2153 au·

366 2186 435 2210 tem
464 2176 673 2210 Sanfflssimo
695 2175 905 2208 Sacramento
916 2183 983 2206 non
1010 2169 1171 2214 quadrat,
1198 2169 1253 2203 sed

367 2228 467 2260 Sacro
495 2226 757 2270 Evangeliorum
785 2223 906 2259 Codici
928 2246 936 2255 .
976 2218 1107 2254 Deinde
1134 2221 1169 2253 in
1195 2220 1251 2261 Sy·

367 2275 466 2310 nodis
493 2276 660 2318 agitantur
688 2275 787 2308 etiam
814 2272 998 2307 criminalia
1023 2269 1148 2314 judicia
1170 2281 1182 2302 .·
1208 2270 1252 2303 Et

368 2325 568 2370 quandoque
579 2325 663 2357 fiunt
689 2325 929 2366 disputationes
955 2319 1112 2357 turbidae:
1140 2319 1253 2353 Etiam

370 2387 447 2409 cum
474 2374 691 2408 clamoribus.
723 2373 784 2407 ista
810 2384 919 2406 autem
934 2383 1002 2404 non
1028 2369 1189 2411 quadrant
1202 2370 1254 2403 de·

370 2426 446 2461 bitae
474 2425 507 2458 in
536 2424 779 2460 Sanstissimum
791 2425 1037 2457 Sacramentum
1049 2419 1249 2452 reverentiae.

422 2474 654 2509 Nihilominus
680 2473 787 2517 ipsum
813 2473 896 2506 olim
925 2467 1177 2510 fuitaliquando
1199 2478 1252 2512 pn·

370 2525 454 2561 buce
464 2526 648 2568 expositum
665 2549 671 2555 .
703 2523 835 2557 Etenim
848 2524 880 2555 in
894 2518 1042 2555 Pasebali
1054 2518 1150 2553 Festo
1168 2518 1255 2553 dixit

205 2578 307 2616 Serm.
322 2576 351 2616 8.
371 2576 411 2610 ad
436 2575 635 2618 Neophytos
660 2575 687 2608 S.
718 2573 946 2618 Augustinus:
973 2573 1084 2604 Memor
1105 2567 1173 2613 fiam
1187 2576 1257 2610 pro·

374 2627 510 2667 miffiom‘s
534 2637 628 2658 meae.
662 2623 861 2667 Promiseram
888 2628 969 2656 enim
995 2619 1104 2659 vobis,
1129 2624 1182 2661 qui
1202 2617 1258 2650 ba·

368 2682 484 2720 ptizatl
509 2675 575 2715 estis
601 2673 763 2716 sermonem
777 2698 786 2713 ,
814 2685 869 2715 quo
894 2680 1068 2713 exponerem
1094 2671 1257 2702 Dominlcae

374 2724 486 2769 Mensae
511 2727 759 2763 Sacramentum,
786 2725 865 2766 quod
888 2724 972 2755 moda
998 2726 1091 2755 etlam
1117 2721 1257 2761 videtis,

374 2779 407 2811 (εἰ
426 2779 507 2813 cuius
520 2775 602 2808 noHe
627 2780 784 2815 praeterita
806 2779 972 2815 parncipes
987 2774 1060 2814 jam
1074 2770 1162 2810 fa&
1181 2769 1257 2808 estis.

379 2828 502 2860 Debem
513 2824 584 2864 scire
599 2848 609 2864 ,
634 2823 864 2866 quidaccepffstis
878 2848 888 2862 ,
917 2823 996 2866 quid
1018 2825 1167 2862 accepturi
1180 2818 1258 2859 estu,

375 2879 453 2920 quid
476 2877 610 2919 quotidie
622 2880 753 2915 accipere
779 2873 911 2906 debeam
928 2898 935 2904 .
963 2875 1059 2905 Panis
1083 2872 1151 2910 ille,
1175 2880 1260 2911 quem

377 2929 491 2962 videtis
517 2933 550 2959 in
574 2926 692 2962 altari,
713 2922 919 2967 sanHiftcatus
941 2931 1000 2964 per
1025 2921 1155 2955 Verbum
1183 2922 1260 2958 Dei,

379 2983 495 3019 Corpus
522 2976 560 3016 est
585 2973 717 3015 Christi.
745 2974 839 3006 calix
865 2974 937 3011 ille,
965 2974 1055 3004 imme
1067 2972 1145 3012 quod
1170 2968 1261 3002 babet

379 3028 496 3066 Calix,
521 3024 743 3070 sanfflficatum
760 3033 817 3066 per
829 3023 958 3057 Verbum
982 3024 1059 3061 Det,
1083 3023 1213 3068 sanguis
1225 3018 1261 3058 est

378 3076 507 3116 Christi.
535 3076 578 3109 Et
605 3075 712 3108 infra.-
743 3079 816 3108 Non
842 3073 898 3106 tib}
924 3073 1066 3106 videatur
1087 3072 1147 3103 vile
1162 3094 1172 3109 ‚
1192 3075 1262 3111 quia

379 3129 489 3160 vides.
520 3127 614 3168 ‚Quod
639 3126 751 3165 vides,
778 3122 883 3164 tranfit
908 3135 922 3164 ‚·
941 3121 1001 3165 sed
1023 3122 1103 3164 quod
1119 3119 1265 3164 fignifica-

383 3186 432 3210 τω·
453 3175 621 3217 invistbtle,
646 3187 703 3207 non
729 3174 833 3215 tranfit
852 3199 863 3214 ‚
898 3172 959 3216 sed
980 3180 1155 3214 permanet.
1188 3173 1264 3202 Ecce

381 3234 526 3270 accipitur
539 3251 550 3266 ,
573 3226 735 3258 comeditur
746 3249 756 3264 ‚
770 3224 946 3267 consumitur
956 3247 964 3254 .
993 3220 1191 3264 Episcopalis
1204 3221 1261 3253 ser·

381 3290 439 3312 mo
462 3275 548 3320 apud
565 3275 663 3309 Afros
675 3275 771 3307 fiebat
790 3275 874 3308 intra
889 3274 1024 3307 Missam
1038 3296 1049 3312 ‚
1062 3269 1170 3304 statim
1194 3268 1264 3312 post

382 3338 551 3361 cantatum
573 3324 811 3367 Evangelium:
839 3325 884 3358 Et
905 3323 1013 3358 adesse
1035 3330 1183 3366 poterant
1195 3332 1263 3354 non

383 3375 594 3411 solummodo
603 3373 804 3409 Poenitentes
822 3375 855 3408 ἀ
872 3370 1130 3411 catechumeni,
1148 3369 1201 3404 sed
1218 3371 1265 3403 in—

383 3427 476 3469 super
497 3427 646 3460 Gentiles
667 3425 700 3459 &
722 3422 838 3466 Judaei.
867 3424 992 3458 Verum
1013 3421 1068 3457 hio
1089 3422 1191 3454 sermo
1204 3419 1266 3454 fuit

384 3477 425 3510 ad
446 3474 534 3510 solos
556 3473 760 3519 Neophitos.
788 3473 840 3507 Ex
865 3473 1012 3508 hesterna
1036 3470 1264 3515 promiffione.

1027 184 1665 234 Dtssett'tnrto

1308 280 1353 304 cz
1375 271 1579 316 Appatitnrae
1588 273 1710 308 Officia
1721 270 1887 307 distraffls
1908 269 2113 318 Augustinus
2124 272 2191 310 En-

1307 317 1460 358 charistiae
1482 322 1641 365 Mysteria
1664 334 1830 366 exponere
1843 334 1885 358 ex
1908 322 2039 368 integro
2055 336 2122 360 non
2134 336 2191 370 po-

1308 381 1430 415 tuerat3
1455 372 1593 416 ideoque
1611 374 1644 407 se
1658 373 1834 408 obstrinxit
1845 373 1975 417 explere
1995 371 2142 411 debitum
2154 376 2193 409 in

1309 422 1380 465 ipso
1397 421 1450 456 die
1472 422 1654 457 Paschatis.
1680 422 1827 458 Proinde
1845 422 1902 458 hie
1914 422 1962 458 est
1984 422 2197 469 secundariis,

1307 472 1373 508 tius
1392 473 1477 507 Festi
1501 474 1606 507 sermo
1621 472 1663 507 ad
1687 473 1774 507 solos
1795 472 2016 518 Neophytos.
2038 475 2040 477 ’

1357 522 1529 558 Paschales
1550 524 1584 557 S.
1611 522 1976 567 AugustiniSermones
1994 524 2070 557 sunt
2081 521 2194 566 paffim

1309 572 1476 615 perbreves
1499 599 1506 606 .
1545 573 1648 620 Qod
1669 571 1787 616 nempe
1806 572 1995 618 plerumque
2015 572 2101 607 duos
2121 581 2195 607 tum

1310 621 1462 656 haberetz
1488 623 1638 657 Primum
1660 623 1701 656 ad
1723 633 1840 657 omnes
1860 622 2114 658 Domesticos&
2127 621 2195 655 Ex-

1309 682 1457 712 trancos,
1475 673 1546 715 post
1569 673 1632 707 hoc
1657 671 1805 706 dimissos
1839 673 2018 707 secundum
2039 672 2079 707 ad
2104 670 2194 706 solos

1310 722 1529 804 PLeophytos,
1551 723 1632 757 &ad
1645 723 1732 758 solos
1753 722 1882 757 Fideles
1902 723 1937 757 in
1949 723 2089 768 gratiam
2100 721 2195 756 Neo-

1310 784 1330 817 p
1356 783 1508 815 ytorum.
2024 812 2027 814 -

1361 822 1432 857 Hic
1453 823 1557 868 igitur
1581 823 1610 857 S.
1634 821 1813 867 Augustini
1834 823 1947 858 Sermo
1977 822 2024 856 est
2059 820 2193 857 habitus

1311 882 1378 905 non
1401 872 1611 907 solummodo
1633 884 1710 907 ante
1734 874 2047 913 Consecrationetn,
2070 871 2122 905 sed
2133 873 2194 906 eti-

1310 933 1362 955 am
1385 934 1461 957 ante
1470 923 1743 957 Ptaefationem&
1766 924 1999 958 Offertorium.
2027 922 2069 956 Et
2080 931 2194 955 tamen

1310 971 1396 1006 dicit
1420 985 1429 1006 t
1473 974 1568 1016 ,Quod
1592 975 1677 1006 modo
1702 979 1793 1007 etiam
1818 975 1930 1008 videtis
1949 997 1958 1005 .
1994 974 2094 1005 Panis
2120 971 2194 1013 ille,

1310 1033 1398 1065 quem
1423 1021 1535 1056 videtis
1561 1028 1593 1055 in
1620 1025 1736 1056 Alteri.
1766 1023 1913 1058 Proinde
1924 1033 1992 1058 non
2017 1031 2096 1056 tunc
2106 1031 2194 1055 con-

1312 1074 1431 1107 secrata
1452 1072 1549 1115 ipsius
1568 1072 1725 1107 Sacrifieii
1758 1072 1962 1107 Eucharistia
1998 1071 2193 1110 videbatur,

1312 1121 1366 1157 sed
1391 1121 1652 1167 praesanetificata
1678 1146 1690 1163 ,
1720 1124 1864 1166 exposita
1881 1124 1923 1159 ad
1958 1121 2137 1156 videndum
2157 1120 2194 1154 δε

1311 1172 1533 1208 adorandum.
1563 1172 1716 1216 Exposita
1738 1173 1772 1207 in
1794 1172 1903 1207 Altari
1926 1196 1934 1204 .
1974 1172 2019 1205 Et
2040 1169 2193 1204 notanda

1311 1226 1387 1257 sunt
1409 1222 1520 1258 verba:
1547 1224 1640 1256 Caltx
1665 1221 1716 1263 iste
1732 1246 1744 1262 ‚
1770 1224 1858 1254 imm&
1870 1223 1950 1264 quod
1973 1220 2061 1253 babet
2086 1221 2193 1253 Culta·-

1312 1273 1426 1307 Palam
1445 1272 1581 1311 edicunt
1594 1272 1845 1306 Sacro-sandam
1856 1272 1950 1315 panis
1970 1270 2110 1314 speciem
2122 1280 2194 1312 nou

1311 1324 1345 1357 in
1369 1323 1510 1357 Ciborio
1531 1323 1627 1359 fuisse
1649 1323 1724 1357 vase
1740 1321 1882 1356 clausam
1902 1344 1913 1361 ‚
1934 1319 1988 1355 sed
2010 1318 2133 1354 nudam
2155 1314 2195 1353 in

1312 1374 1384 1407 vase
1404 1373 1648 1407 Monstratorio
1673 1398 1681 1406 .
1708 1372 1801 1407 Hinc
1823 1370 2033 1416 Augustinus
2053 1368 2195 1413 adjecit.-

1313 1428 1386 1458 Non
1411 1424 1468 1456 ribi
1492 1425 1632 1457 videatur
1659 1423 1741 1463 vile,
1767 1427 1840 1465 qula
1866 1422 1956 1455 vides
1969 1444 1977 1452 .
2004 1420 2114 1468 Qale
2132 1429 2195 1453 au·-

1312 1485 1378 1508 tem
1402 1473 1675 1508 Monstratoriutn
1698 1472 1732 1506 in
1756 1471 1825 1506 istis
1844 1468 2047 1516 temporibus
2065 1468 2165 1505 fuerit
2180 1491 2196 1511 ,
2247 1465 2249 1467 ’

1314 1526 1417 1558 fateor
1439 1535 1491 1558 me
1512 1525 1663 1568 ignorare
1679 1546 1687 1555 .
1727 1522 1880 1567 Diligens
1898 1519 2067 1565 inquisitio
2097 1518 2197 1564 poffit

1312 1574 1351 1609 ad
1376 1573 1543 1609 scientiam
1568 1575 1756 1617 perducere.
1781 1570 1887 1607 Porro
1903 1570 2057 1606 solemnis
2069 1568 2199 1613 Baptir·

1314 1636 1385 1658 mus
1409 1625 1514 1667 palam
1536 1624 1636 1658 etiam
1656 1623 1792 1658 dabatur
1805 1622 1841 1657 in
1862 1620 2074 1656 Pentecostea
2093 1617 2198 1663 Apud

1312 1673 1465 1717 quasdam
1502 1674 1658 1708 Ecclefias
1688 1674 1787 1707 etiam
1820 1673 1855 1707 in
1876 1673 1973 1707 Festo
2006 1668 2198 1704 Dominio·

1315 1721 1438 1766 Epipha
1447 1722 1523 1756 niae.
1551 1723 1666 1765 Quare
1676 1723 1775 1754 etiam
1786 1731 1867 1755 tune
1891 1719 2200 1756 Sanffiffimumsa-

1313 1783 1516 1806 eramentum
1538 1769 1731 1812 Neophytis
1750 1769 1976 1812 exponebatur
2002 1792 2011 1801 .
2039 1769 2121 1802 Non
2147 1769 2200 1802 so-

1317 1819 1488 1854 lummodo
1510 1821 1544 1852 in
1570 1818 1685 1852 sanctis
1705 1817 1773 1850 inis
1795 1818 1944 1851 noctibus
1964 1841 1977 1858 ‚
2006 1817 2062 1851 sed
2093 1817 2197 1852 etiam

1314 1871 1391 1909 die,
1410 1879 1468 1903 aut
1496 1866 1611 1903 diebus
1634 1866 1842 1911 sequentibus
1857 1890 1866 1899 .
1904 1867 2048 1904 Forsitan
2072 1876 2129 1909 per
2146 1876 2200 1902 to-

1315 1931 1382 1956 tam
1393 1921 1550 1956 Ostavam
1564 1942 1572 1950 .
1599 1917 1734 1952 Etenim
1748 1917 1879 1960 praesens
1890 1916 1919 1950 S.
1937 1915 2118 1961 Augustini
2129 1916 2201 1951 Ser·

1316 1982 1372 2006 mo
1391 1971 1437 2006 est
1461 1969 1565 2004 dictus
1590 1969 1624 2002 in
1649 1968 1704 2002 die
1719 1966 1890 2001 Paschali.
1915 1967 1962 2002 Et
1986 1965 2095 2002 addit:
2122 1965 2201 2001 De«

1315 2022 1397 2057 betis
1419 2021 1499 2055 scire
1522 2017 1602 2064 quid
1627 2017 1795 2062 accepistis
1826 2017 1863 2052 in
1896 2016 2054 2060 praeterita
2082 2017 2201 2060 noae3

1315 2069 1395 2117 quid
1405 2071 1588 2106 etiamnum
1601 2067 1701 2103 hodie
1711 2067 1873 2111 accepturi
1898 2067 1994 2108 estis,
2022 2066 2103 2110 quid
2115 2077 2200 2111 quo-

1315 2121 1394 2158 tidie
1415 2121 1560 2165 accipere
1575 2118 1713 2153 debetis.
1745 2117 1940 2161 Nempeper
1963 2127 2098 2152 omnem
2110 2115 2200 2151 hane

1315 2174 1494 2209 Ostavam.
1524 2169 1657 2204 Etenim
1683 2168 1793 2203 nullus
1815 2167 1990 2203 Africanus
2009 2166 2130 2202 Canon
2141 2165 2202 2202 ob·

1317 2223 1446 2258 strinxit
1456 2220 1496 2258 ad
1518 2218 1747 2267 quotidianam
1760 2217 1968 2254 Eucharistiae
1979 2215 2202 2255 Communia·

1317 2284 1391 2309 nem
1403 2297 1411 2305 .

1364 2321 1515 2357 Similem
1534 2321 1630 2355 saneti
1643 2319 1821 2365 Augustini
1845 2320 2026 2353 sermonem
2038 2317 2202 2353 habemns

1316 2373 1401 2416 apud
1424 2374 1568 2406 sanstum
1587 2371 1798 2415 Fulgentium
1822 2370 1857 2402 in
1879 2370 1944 2402 fine
1965 2368 2039 2402 libri
2073 2368 2115 2401 de
2135 2367 2201 2400 Ba-

1318 2423 1435 2465 ptismo
1466 2421 1641 2463 AEthiopis
1673 2432 1680 2451 :
1708 2424 1768 2452 Hoc
1794 2419 1875 2461 quod
1898 2418 2012 2452 videtis
2038 2423 2072 2449 in
2095 2419 2201 2449 altari
2245 2429 2248 2431 ·

1318 2475 1373 2505 Dei
1386 2495 1396 2511 ,
1423 2476 1517 2503 etlam
1539 2468 1693 2512 transaHa
1714 2469 1796 2501 nonve
1817 2467 1935 2506 vidistis
1948 2490 1956 2498 .
1984 2467 2044 2498 sed
2061 2467 2140 2508 quid
2154 2463 2201 2509 es·

1312 2521 1359 2564 set
1373 2545 1385 2562 ,
1406 2521 1483 2563 quid
1499 2519 1556 2562 sibi
1577 2520 1668 2554 vellet
1688 2541 1700 2558 ,
1720 2530 1811 2561 quam
1837 2522 2000 2561 magnam
2025 2518 2203 2550 sacr-armn-

1317 2581 1381 2604 tum
1407 2574 1573 2605 contineret
1586 2593 1597 2608 ‚
1621 2570 1755 2601 nondum
1769 2567 1928 2607 audivistis
1942 2591 1950 2600 .
1975 2567 2142 2610 Quodngo
2152 2569 2201 2599 vi-

1316 2623 1395 2654 detis
1427 2622 1524 2653 Panis
1548 2617 1587 2657 est
1609 2619 1643 2651 Θ
1668 2618 1783 2651 Calix:
1811 2618 1904 2660 ,Quod
1920 2616 2006 2651 vobit
2032 2620 2124 2651 etiam
2137 2625 2203 2650 een-v

1316 2674 1339 2705 11
1363 2670 1454 2711 vestri
1479 2673 1676 2703 renuntiant.
1706 2670 1799 2712 ,Quod
1819 2678 1918 2700 autem
1939 2667 2017 2710 fides
2043 2665 2204 2708 vestr-apo-

1311 2721 1406 2762 flulat
1433 2719 1606 2758 instruenda
1619 2742 1629 2758 ‚
1657 2721 1755 2752 Pani:
1780 2717 1817 2756 est
1842 2722 1956 2758 Corpus
1979 2714 2114 2756 christi,
2138 2718 2201 2748 Ca·

1317 2773 1361 2806 lix
1382 2770 1420 2811 est
1443 2772 1567 2813 sanguis
1595 2767 1705 2808 christi
1727 2794 1735 2802 .
1773 2764 2201 2802 Sacro-sanctiSacrameuei

1320 2822 1488 2855 veritatem
1502 2843 1512 2859 ‚
1531 2819 1687 2853 &omnia
1696 2817 1854 2860 Mysseria
1866 2817 2031 2861 insigniter
2048 2813 2200 2858 exponit.

1321 2872 1456 2907 sanetus
1475 2869 1672 2916 Fulgentius
1693 2868 1834 2902 sermoni
1858 2867 1914 2902 dat
1935 2865 2026 2900 hune
2045 2863 2199 2898 titulum:

1319 2924 1418 2956 sermo
1439 2918 1540 2964 sam‘lt·
1566 2918 1716 2961 Augustini
1743 2916 1885 2960 Episcopi
1921 2925 1993 2949 ante
2027 2915 2130 2948 altare
2156 2914 2204 2947 ad

1322 2971 1464 3014 Infantes
1491 2972 1528 3003 de
1552 2972 1761 3002 sacramento.
1789 2968 1841 3001 Ex
1853 2975 1929 3012 quo'
1945 2964 2100 3000 discimus
2110 2962 2206 3007 quod

1321 3021 1408 3056 hunc
1432 3021 1616 3054 sermonem
1638 3026 1707 3052 non
1723 3030 1766 3053 ex
1788 3017 1966 3056 Ambone,
1983 3013 2036 3048 sed
2054 3022 2132 3048 ante
2143 3011 2207 3047 Al-

1321 3083 1388 3108 tare
1411 3070 1548 3105 dixerit.
1579 3068 1799 3112 Nempeante
1816 3068 1933 3110 ejeaos
1954 3062 2206 3103 infideles,Poe·

1321 3123 1462 3157 nitentes
1475 3144 1486 3160 ,
1507 3121 1542 3155 &
1563 3118 1830 3154 Cateehumenos
1865 3115 2044 3163 Episcopus
2074 3113 2206 3147 descen-

1322 3171 1418 3206 debat
1437 3182 1479 3204 ex
1499 3169 1720 3209 Ambone,&
1739 3168 1806 3202 istis
1824 3163 2037 3209 impendebat
2057 3171 2205 3208 congrua

1322 3222 1451 3257 monita
1474 3247 1482 3254 .
1514 3219 1648 3254 Exinde
1661 3229 1731 3252 non
1762 3215 1889 3250 redibat
1912 3214 1955 3248 ad
1987 3212 2206 3253 Ambonem,

1324 3272 1379 3306 sed
1396 3269 1597 3314 Neophytos
1625 3268 1667 3302 ad
1691 3267 1805 3301 Altare
1820 3264 1984 3305 ducebat,
2004 3263 2039 3296 δε
2061 3261 2205 3306 exposita

1324 3322 1395 3356 istic
1424 3319 1641 3355 Sacro-sancta
1658 3318 1863 3351 Sacramenta
1876 3314 1946 3357 ipsis
1966 3311 2207 3347 demonstrabat

1324 3372 1358 3406 δι
1382 3369 1570 3414 exponebat
1589 3393 1598 3401 .
1618 3365 1757 3400 Publice
1767 3365 1949 3410 expositam
1970 3372 2140 3403 utramque
2151 3361 2207 3395 Sa*

1326 3420 1484 3457 eramenti
1507 3419 1646 3462 speciem
1658 3441 1666 3449 .
2201 3430 2205 3434 ⁴

1377 3470 1540 3509 Primam,
1556 3479 1626 3512 qnae
1649 3468 1682 3500 in
1706 3466 1772 3509 ipsa
1792 3467 1876 3499 sacra
1903 3464 1998 3498 noae
2018 3459 2138 3501 fiebat,
2152 3460 2209 3494 Sa-

383 3525 515 3574 Nempe
534 3523 700 3562 Sabbatho
721 3525 756 3563 in
778 3524 868 3571 plura
893 3524 926 3558 δε
953 3524 1062 3568 longa
1076 3519 1267 3559 Ecclefiasti
1290 3562 1300 3576 ·
1329 3518 1497 3556 cro-sanssi
1518 3517 1670 3563 Mysterii
1692 3514 1970 3562 expositionem&
1990 3511 2209 3547 ostensionem

2110 3560 2178 3595 lau-
