<?xml version="1.0" encoding="UTF-8"?>
<!DOCTYPE html PUBLIC "-//W3C//DTD XHTML 1.0 Transitional//EN"
    "http://www.w3.org/TR/xhtml1/DTD/xhtml1-transitional.dtd">
<html xmlns="http://www.w3.org/1999/xhtml" xml:lang="en" lang="en">
 <head>
  <title>
</title>
<meta http-equiv="Content-Type" content="text/html;charset=utf-8" />
  <meta name='ocr-system' content='tesseract 3.04.00' />
  <meta name='ocr-capabilities' content='ocr_page ocr_carea ocr_par ocr_line ocrx_word'/>
</head>
<body>
  <div class='ocr_page' id='page_1' title='image "./operaomniastudio11lupuuoft_0280.png"; bbox 0 0 2366 3736; ppageno 0'>
   <div class='ocr_carea' id='block_1_1' title="bbox 397 82 1651 134">
    <p class='ocr_par' dir='ltr' id='par_1_1' title="bbox 397 82 1651 134">
     <span class='ocr_line' id='line_1_1' title="bbox 397 82 1651 134; baseline -0.004 0"><span class='ocrx_word' id='word_1_1' title='bbox 397 95 497 134; x_wconf 83' lang='lat'>266</span> <span class='ocrx_word' id='word_1_2' title='bbox 949 82 1651 130; x_wconf 66' lang='grc' dir='ltr'>ΕΡιςτοιΛ</span> 
     </span>
    </p>
   </div>
   <div class='ocr_carea' id='block_1_2' title="bbox 360 164 2174 514">
    <p class='ocr_par' dir='ltr' id='par_1_2' title="bbox 360 164 2174 514">
     <span class='ocr_line' id='line_1_2' title="bbox 361 164 2174 214; baseline -0.008 -9"><span class='ocrx_word' id='word_1_3' title='bbox 361 180 496 205; x_wconf 82' lang='lat' dir='ltr'>omnem</span> <span class='ocrx_word' id='word_1_4' title='bbox 512 170 726 214; x_wconf 69' lang='lat' dir='ltr'>imperseaam</span> <span class='ocrx_word' id='word_1_5' title='bbox 735 164 925 200; x_wconf 85' lang='lat' dir='ltr'>charitatem</span> <span class='ocrx_word' id='word_1_6' title='bbox 939 164 1101 201; x_wconf 82' lang='lat' dir='ltr'>Lutherus</span> <span class='ocrx_word' id='word_1_7' title='bbox 1109 165 1149 201; x_wconf 90' lang='lat' dir='ltr'>de</span> <span class='ocrx_word' id='word_1_8' title='bbox 1161 167 1245 201; x_wconf 87' lang='lat' dir='ltr'>vitio</span> <span class='ocrx_word' id='word_1_9' title='bbox 1303 165 1495 211; x_wconf 69' lang='lat' dir='ltr'>imperfessae</span> <span class='ocrx_word' id='word_1_10' title='bbox 1507 191 1517 207; x_wconf 88' lang='lat'><strong>,</strong></span> <span class='ocrx_word' id='word_1_11' title='bbox 1533 176 1615 201; x_wconf 68' lang='lat' dir='ltr'>vera».</span> <span class='ocrx_word' id='word_1_12' title='bbox 1632 176 1742 201; x_wconf 83' lang='lat' dir='ltr'>tamen</span> <span class='ocrx_word' id='word_1_13' title='bbox 1767 169 1979 204; x_wconf 29' lang='lat' dir='ltr'>contritioni-.-</span> <span class='ocrx_word' id='word_1_14' title='bbox 2003 170 2174 214; x_wconf 45' lang='lat' dir='ltr'>swiemia·</span> 
     </span>
     <span class='ocr_line' id='line_1_3' title="bbox 369 216 2174 264; baseline 0 -9"><span class='ocrx_word' id='word_1_15' title='bbox 369 221 403 254; x_wconf 77' lang='grc' dir='ltr'>δε</span> <span class='ocrx_word' id='word_1_16' title='bbox 425 233 559 264; x_wconf 86' lang='lat' dir='ltr'>peccato</span> <span class='ocrx_word' id='word_1_17' title='bbox 583 219 771 254; x_wconf 87' lang='lat' dir='ltr'>infamavit.</span> <span class='ocrx_word' id='word_1_18' title='bbox 801 216 894 250; x_wconf 87' lang='lat' dir='ltr'>Hinc</span> <span class='ocrx_word' id='word_1_19' title='bbox 916 216 1051 259; x_wconf 73' lang='lat' dir='ltr'>,loannis</span> <span class='ocrx_word' id='word_1_20' title='bbox 1076 218 1216 252; x_wconf 68' lang='lat' dir='ltr'>Casiiani</span> <span class='ocrx_word' id='word_1_21' title='bbox 1231 241 1242 257; x_wconf 90' lang='lat'><em>‚</em></span> <span class='ocrx_word' id='word_1_22' title='bbox 1303 216 1401 251; x_wconf 82' lang='lat' dir='ltr'>Hanc</span> <span class='ocrx_word' id='word_1_23' title='bbox 1413 220 1538 255; x_wconf 80' lang='lat' dir='ltr'>solam.</span> <span class='ocrx_word' id='word_1_24' title='bbox 1555 216 1644 262; x_wconf 86' lang='lat' dir='ltr'>quod</span> <span class='ocrx_word' id='word_1_25' title='bbox 1656 217 1712 251; x_wconf 91' lang='lat' dir='ltr'>ille</span> <span class='ocrx_word' id='word_1_26' title='bbox 1724 228 1792 251; x_wconf 86' lang='lat' dir='ltr'>non</span> <span class='ocrx_word' id='word_1_27' title='bbox 1814 220 1871 254; x_wconf 79' lang='lat' dir='ltr'>nisi</span> <span class='ocrx_word' id='word_1_28' title='bbox 1893 223 2110 256; x_wconf 62' lang='lat' dir='ltr'>ext:¹,*.s‹=c.um</span> <span class='ocrx_word' id='word_1_29' title='bbox 2135 225 2174 259; x_wconf 85' lang='lat' dir='ltr'>fit</span> 
     </span>
     <span class='ocr_line' id='line_1_4' title="bbox 368 266 2174 316; baseline 0.002 -12"><span class='ocrx_word' id='word_1_30' title='bbox 368 272 464 305; x_wconf 68' lang='lat' dir='ltr'>fanen</span> <span class='ocrx_word' id='word_1_31' title='bbox 479 270 613 314; x_wconf 69' lang='lat' dir='ltr'>joannis</span> <span class='ocrx_word' id='word_1_32' title='bbox 631 266 881 309; x_wconf 86' lang='lat' dir='ltr'>Chrysostomi‚</span> <span class='ocrx_word' id='word_1_33' title='bbox 895 267 992 301; x_wconf 66' lang='lat' dir='ltr'>saneti</span> <span class='ocrx_word' id='word_1_34' title='bbox 1006 267 1158 313; x_wconf 80' lang='lat' dir='ltr'>Gregorii</span> <span class='ocrx_word' id='word_1_35' title='bbox 1171 279 1241 301; x_wconf 88' lang='lat' dir='ltr'>ma·</span> <span class='ocrx_word' id='word_1_36' title='bbox 1301 266 1369 310; x_wconf 78' lang='lat' dir='ltr'>ejus</span> <span class='ocrx_word' id='word_1_37' title='bbox 1381 267 1537 307; x_wconf 86' lang='lat' dir='ltr'>initium,</span> <span class='ocrx_word' id='word_1_38' title='bbox 1567 269 1835 312; x_wconf 83' lang='lat' dir='ltr'>essegermanum</span> <span class='ocrx_word' id='word_1_39' title='bbox 1856 269 1978 305; x_wconf 57' lang='lat' dir='ltr'>diviua,</span> <span class='ocrx_word' id='word_1_40' title='bbox 1990 283 2043 315; x_wconf 69' lang='lat' dir='ltr'>per</span> <span class='ocrx_word' id='word_1_41' title='bbox 2067 273 2174 316; x_wconf 68' lang='lat' dir='ltr'>Jrfiim</span> 
     </span>
     <span class='ocr_line' id='line_1_5' title="bbox 365 315 2171 366; baseline 0.001 -12"><span class='ocrx_word' id='word_1_42' title='bbox 365 324 446 366; x_wconf 84' lang='lat' dir='ltr'>gni,</span> <span class='ocrx_word' id='word_1_43' title='bbox 463 322 669 360; x_wconf 87' lang='lat' dir='ltr'>aliorumque</span> <span class='ocrx_word' id='word_1_44' title='bbox 683 319 781 351; x_wconf 86' lang='lat' dir='ltr'>seram</span> <span class='ocrx_word' id='word_1_45' title='bbox 794 318 831 350; x_wconf 84' lang='lat' dir='ltr'>in</span> <span class='ocrx_word' id='word_1_46' title='bbox 843 318 916 351; x_wconf 86' lang='lat' dir='ltr'>vitae</span> <span class='ocrx_word' id='word_1_47' title='bbox 929 317 1241 361; x_wconf 82' lang='lat' dir='ltr'>exitu‚omnemque</span> <span class='ocrx_word' id='word_1_48' title='bbox 1300 315 1465 351; x_wconf 83' lang='lat' dir='ltr'>Christum</span> <span class='ocrx_word' id='word_1_49' title='bbox 1478 317 1588 362; x_wconf 81' lang='lat' dir='ltr'>gratiae</span> <span class='ocrx_word' id='word_1_50' title='bbox 1609 317 1735 352; x_wconf 88' lang='lat' dir='ltr'>donum</span> <span class='ocrx_word' id='word_1_51' title='bbox 1756 319 1877 362; x_wconf 85' lang='lat' dir='ltr'>semper</span> <span class='ocrx_word' id='word_1_52' title='bbox 1901 319 2040 364; x_wconf 54' lang='lat' dir='ltr'>Ecciefi‘i</span> <span class='ocrx_word' id='word_1_53' title='bbox 2059 324 2171 357; x_wconf 61' lang='lat' dir='ltr'>sentit.</span> 
     </span>
     <span class='ocr_line' id='line_1_6' title="bbox 365 364 2173 412; baseline 0.002 -8"><span class='ocrx_word' id='word_1_54' title='bbox 365 382 405 404; x_wconf 85' lang='lat' dir='ltr'>ex</span> <span class='ocrx_word' id='word_1_55' title='bbox 422 371 524 403; x_wconf 77' lang='lat' dir='ltr'>servili</span> <span class='ocrx_word' id='word_1_56' title='bbox 540 377 626 401; x_wconf 82' lang='lat' dir='ltr'>metu</span> <span class='ocrx_word' id='word_1_57' title='bbox 641 376 837 410; x_wconf 82' lang='lat' dir='ltr'>conceptam</span> <span class='ocrx_word' id='word_1_58' title='bbox 850 368 1075 411; x_wconf 86' lang='lat' dir='ltr'>poenitentiam</span> <span class='ocrx_word' id='word_1_59' title='bbox 1086 378 1155 402; x_wconf 89' lang='lat' dir='ltr'>non</span> <span class='ocrx_word' id='word_1_60' title='bbox 1169 367 1238 411; x_wconf 87' lang='lat' dir='ltr'>ple·</span> <span class='ocrx_word' id='word_1_61' title='bbox 1298 364 1472 401; x_wconf 84' lang='lat' dir='ltr'>Necaliud</span> <span class='ocrx_word' id='word_1_62' title='bbox 1483 367 1587 401; x_wconf 80' lang='lat' dir='ltr'>voluit</span> <span class='ocrx_word' id='word_1_63' title='bbox 1598 392 1609 407; x_wconf 91' lang='lat'>,</span> <span class='ocrx_word' id='word_1_64' title='bbox 1633 379 1730 412; x_wconf 87' lang='lat' dir='ltr'>quem</span> <span class='ocrx_word' id='word_1_65' title='bbox 1747 368 1803 403; x_wconf 84' lang='lat' dir='ltr'>fibi</span> <span class='ocrx_word' id='word_1_66' title='bbox 1813 369 1979 404; x_wconf 82' lang='lat' dir='ltr'>accusator</span> <span class='ocrx_word' id='word_1_67' title='bbox 1989 373 2173 407; x_wconf 77' lang='lat' dir='ltr'>advocatia</span> 
     </span>
     <span class='ocr_line' id='line_1_7' title="bbox 363 416 2174 464; baseline 0.003 -12"><span class='ocrx_word' id='word_1_68' title='bbox 363 420 412 452; x_wconf 83' lang='lat' dir='ltr'>nis</span> <span class='ocrx_word' id='word_1_69' title='bbox 427 419 573 452; x_wconf 79' lang='lat' dir='ltr'>laudibus</span> <span class='ocrx_word' id='word_1_70' title='bbox 598 418 862 461; x_wconf 87' lang='lat' dir='ltr'>prosequentium</span> <span class='ocrx_word' id='word_1_71' title='bbox 885 417 1018 452; x_wconf 87' lang='lat' dir='ltr'>Pattum</span> <span class='ocrx_word' id='word_1_72' title='bbox 1038 417 1238 452; x_wconf 81' lang='lat' dir='ltr'>authoritate</span> <span class='ocrx_word' id='word_1_73' title='bbox 1298 426 1470 459; x_wconf 85' lang='lat' dir='ltr'>patronum</span> <span class='ocrx_word' id='word_1_74' title='bbox 1482 416 1702 458; x_wconf 84' lang='lat' dir='ltr'>,Guilielmus</span> <span class='ocrx_word' id='word_1_75' title='bbox 1714 419 1840 458; x_wconf 76' lang='lat' dir='ltr'>EstiuS,</span> <span class='ocrx_word' id='word_1_76' title='bbox 1852 416 2004 462; x_wconf 77' lang='lat' dir='ltr'>Apostoli</span> <span class='ocrx_word' id='word_1_77' title='bbox 2026 422 2147 458; x_wconf 69' lang='lat' dir='ltr'>distum</span> <span class='ocrx_word' id='word_1_78' title='bbox 2161 447 2174 464; x_wconf 86' lang='lat'><em>‚</em></span> 
     </span>
     <span class='ocr_line' id='line_1_8' title="bbox 360 466 2171 514; baseline -0.001 -12"><span class='ocrx_word' id='word_1_79' title='bbox 360 471 544 511; x_wconf 85' lang='lat' dir='ltr'>frequenter</span> <span class='ocrx_word' id='word_1_80' title='bbox 556 469 660 501; x_wconf 89' lang='lat' dir='ltr'>utitur</span> <span class='ocrx_word' id='word_1_81' title='bbox 676 480 682 499; x_wconf 95' lang='lat'>:</span> <span class='ocrx_word' id='word_1_82' title='bbox 701 469 813 514; x_wconf 87' lang='lat' dir='ltr'>Qam</span> <span class='ocrx_word' id='word_1_83' title='bbox 836 467 872 502; x_wconf 91' lang='lat' dir='ltr'>hi</span> <span class='ocrx_word' id='word_1_84' title='bbox 894 468 1095 511; x_wconf 81' lang='lat' dir='ltr'>quandoque</span> <span class='ocrx_word' id='word_1_85' title='bbox 1108 468 1237 502; x_wconf 78' lang='lat' dir='ltr'>›timent</span> <span class='ocrx_word' id='word_1_86' title='bbox 1295 468 1480 501; x_wconf 72' lang='lat' dir='ltr'>Nonttericm</span> <span class='ocrx_word' id='word_1_87' title='bbox 1493 466 1936 513; x_wconf 70' lang='lat' dir='ltr'>accepistispirirumſsrvitutls</span> <span class='ocrx_word' id='word_1_88' title='bbox 1948 475 1982 503; x_wconf 74' lang='lat' dir='ltr'>tn</span> <span class='ocrx_word' id='word_1_89' title='bbox 1991 475 2106 513; x_wconf 71' lang='lat' dir='ltr'>timon,</span> <span class='ocrx_word' id='word_1_90' title='bbox 2117 486 2171 514; x_wconf 58' lang='grc' dir='ltr'>ςχ.</span> 
     </span>
    </p>
   </div>
   <div class='ocr_carea' id='block_1_3' title="bbox 1249 239 1263 290">
    <p class='ocr_par' dir='ltr' id='par_1_3' title="bbox 1249 239 1263 290">
     <span class='ocr_line' id='line_1_9' title="bbox 1249 239 1263 290; baseline 0 -48"><span class='ocrx_word' id='word_1_91' title='bbox 1249 239 1263 290; x_wconf 95' lang='lat' dir='ltr'>  </span> 
     </span>
    </p>
   </div>
   <div class='ocr_carea' id='block_1_4' title="bbox 1281 391 1294 392">
    <p class='ocr_par' dir='ltr' id='par_1_4' title="bbox 1281 391 1294 392">
     <span class='ocr_line' id='line_1_10' title="bbox 1281 391 1294 392; baseline 0 0"><span class='ocrx_word' id='word_1_92' title='bbox 1281 391 1294 392; x_wconf 95' lang='lat' dir='ltr'> </span> 
     </span>
    </p>
   </div>
   <div class='ocr_carea' id='block_1_5' title="bbox 179 517 1236 1112">
    <p class='ocr_par' dir='ltr' id='par_1_5' title="bbox 179 517 1236 1112">
     <span class='ocr_line' id='line_1_11' title="bbox 357 517 1236 561; baseline 0.001 -10"><span class='ocrx_word' id='word_1_93' title='bbox 357 529 428 551; x_wconf 85' lang='lat' dir='ltr'>non</span> <span class='ocrx_word' id='word_1_94' title='bbox 442 518 538 551; x_wconf 80' lang='lat' dir='ltr'>fuisse</span> <span class='ocrx_word' id='word_1_95' title='bbox 549 541 559 556; x_wconf 94' lang='lat'>,</span> <span class='ocrx_word' id='word_1_96' title='bbox 573 517 627 551; x_wconf 85' lang='lat' dir='ltr'>ille</span> <span class='ocrx_word' id='word_1_97' title='bbox 638 518 774 552; x_wconf 86' lang='lat' dir='ltr'>affirmat</span> <span class='ocrx_word' id='word_1_98' title='bbox 789 527 954 561; x_wconf 87' lang='lat' dir='ltr'>nunquam</span> <span class='ocrx_word' id='word_1_99' title='bbox 968 519 1033 552; x_wconf 84' lang='lat' dir='ltr'>esse</span> <span class='ocrx_word' id='word_1_100' title='bbox 1046 518 1236 552; x_wconf 80' lang='lat' dir='ltr'>veram.Pa-</span> 
     </span>
     <span class='ocr_line' id='line_1_12' title="bbox 355 568 1233 612; baseline 0.001 -13"><span class='ocrx_word' id='word_1_101' title='bbox 355 578 438 600; x_wconf 88' lang='lat' dir='ltr'>trum</span> <span class='ocrx_word' id='word_1_102' title='bbox 452 569 578 602; x_wconf 86' lang='lat' dir='ltr'>sensum</span> <span class='ocrx_word' id='word_1_103' title='bbox 589 570 621 602; x_wconf 92' lang='lat' dir='ltr'>in</span> <span class='ocrx_word' id='word_1_104' title='bbox 645 580 760 612; x_wconf 87' lang='lat' dir='ltr'>quarto</span> <span class='ocrx_word' id='word_1_105' title='bbox 782 568 1030 602; x_wconf 61' lang='lat' dir='ltr'>distinctionum</span> <span class='ocrx_word' id='word_1_106' title='bbox 1055 569 1140 602; x_wconf 91' lang='lat' dir='ltr'>libro</span> <span class='ocrx_word' id='word_1_107' title='bbox 1163 568 1233 601; x_wconf 85' lang='lat' dir='ltr'>insi-</span> 
     </span>
     <span class='ocr_line' id='line_1_13' title="bbox 351 615 1233 663; baseline 0.001 -12"><span class='ocrx_word' id='word_1_108' title='bbox 351 619 461 660; x_wconf 86' lang='lat' dir='ltr'>gniter</span> <span class='ocrx_word' id='word_1_109' title='bbox 471 619 609 661; x_wconf 82' lang='lat' dir='ltr'>exponit</span> <span class='ocrx_word' id='word_1_110' title='bbox 631 619 783 663; x_wconf 85' lang='lat' dir='ltr'>antiquus</span> <span class='ocrx_word' id='word_1_111' title='bbox 793 619 825 652; x_wconf 79' lang='grc' dir='ltr'>δε</span> <span class='ocrx_word' id='word_1_112' title='bbox 847 619 1079 652; x_wconf 80' lang='lat' dir='ltr'>laudatissimus</span> <span class='ocrx_word' id='word_1_113' title='bbox 1104 615 1233 652; x_wconf 84' lang='lat' dir='ltr'>Schola-</span> 
     </span>
     <span class='ocr_line' id='line_1_14' title="bbox 179 667 1228 718; baseline 0 -18"><span class='ocrx_word' id='word_1_114' title='bbox 179 679 261 713; x_wconf 48' lang='grc' dir='ltr'>[ΜΩ.</span> <span class='ocrx_word' id='word_1_115' title='bbox 276 689 332 718; x_wconf 46' lang='grc' dir='ltr'>2οῆ</span> <span class='ocrx_word' id='word_1_116' title='bbox 352 679 421 700; x_wconf 89' lang='lat' dir='ltr'>rum</span> <span class='ocrx_word' id='word_1_117' title='bbox 436 668 562 702; x_wconf 68' lang='lat' dir='ltr'>Doc‘tor</span> <span class='ocrx_word' id='word_1_118' title='bbox 575 667 753 703; x_wconf 83' lang='lat' dir='ltr'>Bandinus:</span> <span class='ocrx_word' id='word_1_119' title='bbox 768 669 826 701; x_wconf 81' lang='lat' dir='ltr'>Illa</span> <span class='ocrx_word' id='word_1_120' title='bbox 833 674 1010 709; x_wconf 67' lang='lat' dir='ltr'>paenitentia</span> <span class='ocrx_word' id='word_1_121' title='bbox 1020 668 1155 700; x_wconf 66' lang='lat' dir='ltr'>maxime*</span> <span class='ocrx_word' id='word_1_122' title='bbox 1166 670 1228 701; x_wconf 37' lang='lat' dir='ltr'>lau*</span> 
     </span>
     <span class='ocr_line' id='line_1_15' title="bbox 350 717 1230 761; baseline 0 -11"><span class='ocrx_word' id='word_1_123' title='bbox 350 718 465 751; x_wconf 70' lang='lat' dir='ltr'>dabilis</span> <span class='ocrx_word' id='word_1_124' title='bbox 478 719 528 760; x_wconf 81' lang='lat' dir='ltr'>est,</span> <span class='ocrx_word' id='word_1_125' title='bbox 539 731 608 761; x_wconf 83' lang='lat' dir='ltr'>quae</span> <span class='ocrx_word' id='word_1_126' title='bbox 620 731 677 752; x_wconf 78' lang='lat' dir='ltr'>non</span> <span class='ocrx_word' id='word_1_127' title='bbox 689 720 806 751; x_wconf 73' lang='lat' dir='ltr'>tamum</span> <span class='ocrx_word' id='word_1_128' title='bbox 817 717 910 751; x_wconf 76' lang='lat' dir='ltr'>babet</span> <span class='ocrx_word' id='word_1_129' title='bbox 921 724 1055 751; x_wconf 82' lang='lat' dir='ltr'>timorem</span> <span class='ocrx_word' id='word_1_130' title='bbox 1067 743 1077 758; x_wconf 94' lang='lat'>,</span> <span class='ocrx_word' id='word_1_131' title='bbox 1084 717 1143 761; x_wconf 74' lang='lat' dir='ltr'>sed</span> <span class='ocrx_word' id='word_1_132' title='bbox 1153 719 1187 752; x_wconf 78' lang='lat'><em>&amp;</em></span> <span class='ocrx_word' id='word_1_133' title='bbox 1196 720 1230 751; x_wconf 72' lang='lat' dir='ltr'>lr-</span> 
     </span>
     <span class='ocr_line' id='line_1_16' title="bbox 349 768 1227 813; baseline -0.001 -12"><span class='ocrx_word' id='word_1_134' title='bbox 349 769 498 802; x_wconf 84' lang='lat' dir='ltr'>bertatem</span> <span class='ocrx_word' id='word_1_135' title='bbox 510 794 517 801; x_wconf 90' lang='lat'><strong>.</strong></span> <span class='ocrx_word' id='word_1_136' title='bbox 547 771 631 803; x_wconf 64' lang='lat' dir='ltr'>Unde*</span> <span class='ocrx_word' id='word_1_137' title='bbox 645 769 820 813; x_wconf 71' lang='lat' dir='ltr'>Augustinus</span> <span class='ocrx_word' id='word_1_138' title='bbox 834 781 845 801; x_wconf 91' lang='lat'>.·</span> <span class='ocrx_word' id='word_1_139' title='bbox 866 769 980 801; x_wconf 87' lang='lat' dir='ltr'>Nullus</span> <span class='ocrx_word' id='word_1_140' title='bbox 992 768 1125 810; x_wconf 66' lang='lat' dir='ltr'>expellet</span> <span class='ocrx_word' id='word_1_141' title='bbox 1136 779 1227 810; x_wconf 83' lang='lat' dir='ltr'>quan-</span> 
     </span>
     <span class='ocr_line' id='line_1_17' title="bbox 347 817 1226 862; baseline 0.002 -13"><span class='ocrx_word' id='word_1_142' title='bbox 347 820 385 850; x_wconf 82' lang='lat' dir='ltr'>do</span> <span class='ocrx_word' id='word_1_143' title='bbox 393 827 515 860; x_wconf 81' lang='lat' dir='ltr'>peccare</span> <span class='ocrx_word' id='word_1_144' title='bbox 527 831 585 853; x_wconf 83' lang='lat' dir='ltr'>non</span> <span class='ocrx_word' id='word_1_145' title='bbox 593 820 685 862; x_wconf 82' lang='lat' dir='ltr'>potest</span> <span class='ocrx_word' id='word_1_146' title='bbox 696 843 704 850; x_wconf 88' lang='lat'>.</span> <span class='ocrx_word' id='word_1_147' title='bbox 736 818 861 851; x_wconf 66' lang='lat' dir='ltr'>Arbitri}</span> <span class='ocrx_word' id='word_1_148' title='bbox 869 817 1037 852; x_wconf 77' lang='lat' dir='ltr'>libertatem</span> <span class='ocrx_word' id='word_1_149' title='bbox 1050 824 1159 860; x_wconf 80' lang='lat' dir='ltr'>quaerit</span> <span class='ocrx_word' id='word_1_150' title='bbox 1166 827 1226 860; x_wconf 67' lang='grc' dir='ltr'>ρω-</span> 
     </span>
     <span class='ocr_line' id='line_1_18' title="bbox 346 870 1223 912; baseline -0.001 -10"><span class='ocrx_word' id='word_1_151' title='bbox 346 875 481 903; x_wconf 70' lang='lat' dir='ltr'>nitentia</span> <span class='ocrx_word' id='word_1_152' title='bbox 492 893 502 908; x_wconf 95' lang='lat'>,</span> <span class='ocrx_word' id='word_1_153' title='bbox 513 879 545 903; x_wconf 78' lang='lat' dir='ltr'>ut</span> <span class='ocrx_word' id='word_1_154' title='bbox 556 872 638 912; x_wconf 83' lang='lat' dir='ltr'>poffit</span> <span class='ocrx_word' id='word_1_155' title='bbox 649 870 746 902; x_wconf 81' lang='lat' dir='ltr'>delere</span> <span class='ocrx_word' id='word_1_156' title='bbox 758 870 902 911; x_wconf 72' lang='lat' dir='ltr'>commiffa</span> <span class='ocrx_word' id='word_1_157' title='bbox 916 894 926 909; x_wconf 93' lang='lat'>,</span> <span class='ocrx_word' id='word_1_158' title='bbox 941 880 998 901; x_wconf 81' lang='lat' dir='ltr'>non</span> <span class='ocrx_word' id='word_1_159' title='bbox 1018 870 1223 909; x_wconf 81' lang='lat' dir='ltr'>necesfitatem:</span> 
     </span>
     <span class='ocr_line' id='line_1_19' title="bbox 345 919 1224 962; baseline -0.002 -9"><span class='ocrx_word' id='word_1_160' title='bbox 345 919 406 953; x_wconf 83' lang='lat' dir='ltr'>sed</span> <span class='ocrx_word' id='word_1_161' title='bbox 415 919 592 953; x_wconf 73' lang='lat' dir='ltr'>charitatem</span> <span class='ocrx_word' id='word_1_162' title='bbox 607 944 618 960; x_wconf 90' lang='lat'>,</span> <span class='ocrx_word' id='word_1_163' title='bbox 630 931 687 952; x_wconf 87' lang='lat' dir='ltr'>non</span> <span class='ocrx_word' id='word_1_164' title='bbox 698 920 818 952; x_wconf 75' lang='lat' dir='ltr'>tantum</span> <span class='ocrx_word' id='word_1_165' title='bbox 844 924 976 952; x_wconf 83' lang='lat' dir='ltr'>timorem</span> <span class='ocrx_word' id='word_1_166' title='bbox 987 944 997 959; x_wconf 93' lang='lat'>,</span> <span class='ocrx_word' id='word_1_167' title='bbox 1021 924 1094 962; x_wconf 75' lang='lat' dir='ltr'>quia</span> <span class='ocrx_word' id='word_1_168' title='bbox 1117 930 1173 951; x_wconf 89' lang='lat' dir='ltr'>non</span> <span class='ocrx_word' id='word_1_169' title='bbox 1193 925 1224 951; x_wconf 73' lang='lat' dir='ltr'>tn</span> 
     </span>
     <span class='ocr_line' id='line_1_20' title="bbox 344 968 1222 1013; baseline 0.001 -12"><span class='ocrx_word' id='word_1_170' title='bbox 344 968 409 1012; x_wconf 85' lang='lat' dir='ltr'>solo</span> <span class='ocrx_word' id='word_1_171' title='bbox 420 976 522 1003; x_wconf 80' lang='lat' dir='ltr'>timore</span> <span class='ocrx_word' id='word_1_172' title='bbox 531 975 615 1003; x_wconf 75' lang='lat' dir='ltr'>vivit</span> <span class='ocrx_word' id='word_1_173' title='bbox 627 968 709 1002; x_wconf 86' lang='lat' dir='ltr'>homo</span> <span class='ocrx_word' id='word_1_174' title='bbox 722 994 730 1001; x_wconf 90' lang='lat'>.</span> <span class='ocrx_word' id='word_1_175' title='bbox 757 971 814 1002; x_wconf 79' lang='lat' dir='ltr'>Illa</span> <span class='ocrx_word' id='word_1_176' title='bbox 823 971 890 1013; x_wconf 72' lang='lat' dir='ltr'>ergo</span> <span class='ocrx_word' id='word_1_177' title='bbox 903 992 915 1009; x_wconf 87' lang='lat'><strong>,</strong></span> <span class='ocrx_word' id='word_1_178' title='bbox 936 980 1005 1011; x_wconf 84' lang='lat' dir='ltr'>quae</span> <span class='ocrx_word' id='word_1_179' title='bbox 1026 976 1059 1001; x_wconf 82' lang='lat' dir='ltr'>in</span> <span class='ocrx_word' id='word_1_180' title='bbox 1080 973 1222 1002; x_wconf 76' lang='lat' dir='ltr'><em>extremis</em></span> 
     </span>
     <span class='ocr_line' id='line_1_21' title="bbox 339 1017 1221 1063; baseline 0.001 -12"><span class='ocrx_word' id='word_1_181' title='bbox 339 1023 442 1063; x_wconf 72' lang='lat' dir='ltr'>agitur</span> <span class='ocrx_word' id='word_1_182' title='bbox 457 1044 467 1060; x_wconf 89' lang='lat'>,</span> <span class='ocrx_word' id='word_1_183' title='bbox 493 1032 551 1052; x_wconf 85' lang='lat' dir='ltr'>non</span> <span class='ocrx_word' id='word_1_184' title='bbox 561 1019 600 1062; x_wconf 88' lang='lat' dir='ltr'>fic</span> <span class='ocrx_word' id='word_1_185' title='bbox 614 1019 774 1054; x_wconf 60' lang='lat' dir='ltr'>laudabam</span> <span class='ocrx_word' id='word_1_186' title='bbox 787 1019 825 1061; x_wconf 78' lang='lat' dir='ltr'>est</span> <span class='ocrx_word' id='word_1_187' title='bbox 837 1043 847 1059; x_wconf 90' lang='lat'>,</span> <span class='ocrx_word' id='word_1_188' title='bbox 869 1017 988 1063; x_wconf 71' lang='lat' dir='ltr'>quidex</span> <span class='ocrx_word' id='word_1_189' title='bbox 1000 1026 1104 1053; x_wconf 72' lang='lat' dir='ltr'>timore</span> <span class='ocrx_word' id='word_1_190' title='bbox 1125 1024 1221 1063; x_wconf 82' lang='lat' dir='ltr'>magis</span> 
     </span>
     <span class='ocr_line' id='line_1_22' title="bbox 338 1068 1220 1112; baseline 0.001 -11"><span class='ocrx_word' id='word_1_191' title='bbox 338 1080 428 1111; x_wconf 86' lang='lat' dir='ltr'>quam</span> <span class='ocrx_word' id='word_1_192' title='bbox 440 1081 478 1103; x_wconf 81' lang='lat' dir='ltr'>ex</span> <span class='ocrx_word' id='word_1_193' title='bbox 490 1069 640 1103; x_wconf 73' lang='lat' dir='ltr'>cbarItate</span> <span class='ocrx_word' id='word_1_194' title='bbox 651 1069 702 1112; x_wconf 83' lang='lat' dir='ltr'>effe</span> <span class='ocrx_word' id='word_1_195' title='bbox 717 1071 837 1103; x_wconf 78' lang='lat' dir='ltr'>videtur</span> <span class='ocrx_word' id='word_1_196' title='bbox 849 1093 858 1101; x_wconf 83' lang='lat'><strong>.</strong></span> <span class='ocrx_word' id='word_1_197' title='bbox 885 1069 1108 1103; x_wconf 66' lang='lat' dir='ltr'>introductam</span> <span class='ocrx_word' id='word_1_198' title='bbox 1118 1068 1220 1102; x_wconf 86' lang='lat' dir='ltr'>chari·</span> 
     </span>
    </p>
   </div>
   <div class='ocr_carea' id='block_1_6' title="bbox 321 1118 1218 2454">
    <p class='ocr_par' dir='ltr' id='par_1_6' title="bbox 321 1118 1218 2454">
     <span class='ocr_line' id='line_1_23' title="bbox 339 1118 1218 1162; baseline 0.001 -10"><span class='ocrx_word' id='word_1_199' title='bbox 339 1130 460 1160; x_wconf 86' lang='lat' dir='ltr'>tatem,</span> <span class='ocrx_word' id='word_1_200' title='bbox 484 1121 659 1162; x_wconf 87' lang='lat' dir='ltr'>datamque</span> <span class='ocrx_word' id='word_1_201' title='bbox 671 1119 712 1153; x_wconf 88' lang='lat' dir='ltr'>ab</span> <span class='ocrx_word' id='word_1_202' title='bbox 727 1118 973 1153; x_wconf 83' lang='lat' dir='ltr'>illalibertatem</span> <span class='ocrx_word' id='word_1_203' title='bbox 990 1143 1000 1158; x_wconf 95' lang='lat'>,</span> <span class='ocrx_word' id='word_1_204' title='bbox 1020 1119 1061 1153; x_wconf 89' lang='lat' dir='ltr'>ab</span> <span class='ocrx_word' id='word_1_205' title='bbox 1073 1119 1218 1153; x_wconf 90' lang='lat' dir='ltr'>introdu-</span> 
     </span>
     <span class='ocr_line' id='line_1_24' title="bbox 335 1169 1217 1213; baseline 0.001 -12"><span class='ocrx_word' id='word_1_206' title='bbox 335 1179 433 1202; x_wconf 88' lang='lat' dir='ltr'>cente</span> <span class='ocrx_word' id='word_1_207' title='bbox 444 1179 532 1203; x_wconf 87' lang='lat' dir='ltr'>metu</span> <span class='ocrx_word' id='word_1_208' title='bbox 547 1171 579 1203; x_wconf 91' lang='lat'>&amp;</span> <span class='ocrx_word' id='word_1_209' title='bbox 596 1169 711 1212; x_wconf 70' lang='lat' dir='ltr'>injecta</span> <span class='ocrx_word' id='word_1_210' title='bbox 724 1180 779 1213; x_wconf 88' lang='lat' dir='ltr'>per</span> <span class='ocrx_word' id='word_1_211' title='bbox 791 1169 896 1211; x_wconf 86' lang='lat' dir='ltr'>ipsum</span> <span class='ocrx_word' id='word_1_212' title='bbox 910 1169 1093 1202; x_wconf 80' lang='lat' dir='ltr'>necessitate</span> <span class='ocrx_word' id='word_1_213' title='bbox 1113 1170 1217 1211; x_wconf 85' lang='lat' dir='ltr'>palam</span> 
     </span>
     <span class='ocr_line' id='line_1_25' title="bbox 333 1217 1217 1263; baseline 0.002 -12"><span class='ocrx_word' id='word_1_214' title='bbox 333 1217 522 1263; x_wconf 79' lang='lat' dir='ltr'>distinguit,</span> <span class='ocrx_word' id='word_1_215' title='bbox 536 1230 590 1262; x_wconf 88' lang='lat' dir='ltr'>per</span> <span class='ocrx_word' id='word_1_216' title='bbox 601 1219 697 1253; x_wconf 88' lang='lat' dir='ltr'>talem</span> <span class='ocrx_word' id='word_1_217' title='bbox 710 1219 810 1252; x_wconf 86' lang='lat' dir='ltr'>etiam</span> <span class='ocrx_word' id='word_1_218' title='bbox 821 1217 1025 1252; x_wconf 85' lang='lat' dir='ltr'>obstetricem</span> <span class='ocrx_word' id='word_1_219' title='bbox 1039 1219 1106 1252; x_wconf 91' lang='lat' dir='ltr'>vult</span> <span class='ocrx_word' id='word_1_220' title='bbox 1119 1219 1217 1260; x_wconf 87' lang='lat' dir='ltr'>nasci,</span> 
     </span>
     <span class='ocr_line' id='line_1_26' title="bbox 329 1269 1215 1312; baseline 0 -10"><span class='ocrx_word' id='word_1_221' title='bbox 329 1269 363 1302; x_wconf 76' lang='grc' dir='ltr'>ἀ</span> <span class='ocrx_word' id='word_1_222' title='bbox 376 1269 422 1301; x_wconf 92' lang='lat' dir='ltr'>uti</span> <span class='ocrx_word' id='word_1_223' title='bbox 441 1270 650 1303; x_wconf 75' lang='lat' dir='ltr'>necessariam</span> <span class='ocrx_word' id='word_1_224' title='bbox 666 1294 676 1308; x_wconf 88' lang='lat'>,</span> <span class='ocrx_word' id='word_1_225' title='bbox 688 1269 733 1303; x_wconf 88' lang='lat' dir='ltr'>ita</span> <span class='ocrx_word' id='word_1_226' title='bbox 747 1279 881 1312; x_wconf 91' lang='lat' dir='ltr'>quoque</span> <span class='ocrx_word' id='word_1_227' title='bbox 903 1270 1115 1302; x_wconf 88' lang='lat' dir='ltr'>sufficientem</span> <span class='ocrx_word' id='word_1_228' title='bbox 1137 1270 1215 1303; x_wconf 89' lang='lat' dir='ltr'>affir-</span> 
     </span>
     <span class='ocr_line' id='line_1_27' title="bbox 329 1319 1213 1362; baseline -0.001 -10"><span class='ocrx_word' id='word_1_229' title='bbox 329 1329 398 1352; x_wconf 81' lang='lat' dir='ltr'>mat</span> <span class='ocrx_word' id='word_1_230' title='bbox 411 1319 450 1352; x_wconf 82' lang='lat' dir='ltr'>ad</span> <span class='ocrx_word' id='word_1_231' title='bbox 466 1330 592 1357; x_wconf 89' lang='lat' dir='ltr'>veram,</span> <span class='ocrx_word' id='word_1_232' title='bbox 619 1320 696 1352; x_wconf 75' lang='lat' dir='ltr'>lice&#39;t</span> <span class='ocrx_word' id='word_1_233' title='bbox 724 1319 946 1360; x_wconf 67' lang='lat' dir='ltr'>imperfectam</span> <span class='ocrx_word' id='word_1_234' title='bbox 969 1319 1195 1362; x_wconf 84' lang='lat' dir='ltr'>poenitentiam</span> <span class='ocrx_word' id='word_1_235' title='bbox 1206 1343 1213 1351; x_wconf 94' lang='lat'><strong>.</strong></span> 
     </span>
     <span class='ocr_line' id='line_1_28' title="bbox 332 1368 1214 1415; baseline 0 -14"><span class='ocrx_word' id='word_1_236' title='bbox 332 1368 539 1415; x_wconf 83' lang='lat' dir='ltr'>Qibusdam</span> <span class='ocrx_word' id='word_1_237' title='bbox 566 1368 699 1402; x_wconf 83' lang='lat' dir='ltr'>Parrum</span> <span class='ocrx_word' id='word_1_238' title='bbox 715 1369 832 1401; x_wconf 77' lang='lat' dir='ltr'>=verbis</span> <span class='ocrx_word' id='word_1_239' title='bbox 854 1370 1008 1411; x_wconf 87' lang='lat' dir='ltr'>deceptus</span> <span class='ocrx_word' id='word_1_240' title='bbox 1028 1370 1073 1402; x_wconf 89' lang='lat' dir='ltr'>vel</span> <span class='ocrx_word' id='word_1_241' title='bbox 1097 1370 1214 1403; x_wconf 87' lang='lat' dir='ltr'>abusus</span> 
     </span>
     <span class='ocr_line' id='line_1_29' title="bbox 327 1416 1212 1462; baseline 0 -11"><span class='ocrx_word' id='word_1_242' title='bbox 327 1416 491 1452; x_wconf 82' lang='lat' dir='ltr'>Lutherus</span> <span class='ocrx_word' id='word_1_243' title='bbox 502 1419 573 1452; x_wconf 90' lang='lat' dir='ltr'>vult</span> <span class='ocrx_word' id='word_1_244' title='bbox 585 1430 652 1452; x_wconf 91' lang='lat' dir='ltr'>non</span> <span class='ocrx_word' id='word_1_245' title='bbox 664 1419 809 1452; x_wconf 73' lang='lat' dir='ltr'>sufficere</span> <span class='ocrx_word' id='word_1_246' title='bbox 821 1443 828 1450; x_wconf 92' lang='lat'><strong><em>.</em></strong></span> <span class='ocrx_word' id='word_1_247' title='bbox 859 1417 934 1460; x_wconf 84' lang='lat' dir='ltr'>Ejus</span> <span class='ocrx_word' id='word_1_248' title='bbox 951 1420 1046 1452; x_wconf 86' lang='lat' dir='ltr'>frater</span> <span class='ocrx_word' id='word_1_249' title='bbox 1071 1419 1212 1462; x_wconf 84' lang='lat' dir='ltr'>Joannes</span> 
     </span>
     <span class='ocr_line' id='line_1_30' title="bbox 327 1468 1209 1513; baseline 0 -11"><span class='ocrx_word' id='word_1_250' title='bbox 327 1470 488 1503; x_wconf 86' lang='lat' dir='ltr'>Calvinus</span> <span class='ocrx_word' id='word_1_251' title='bbox 501 1468 595 1502; x_wconf 86' lang='lat' dir='ltr'>nobis</span> <span class='ocrx_word' id='word_1_252' title='bbox 618 1469 717 1513; x_wconf 81' lang='lat' dir='ltr'>longe</span> <span class='ocrx_word' id='word_1_253' title='bbox 730 1469 828 1502; x_wconf 84' lang='lat' dir='ltr'>aliam</span> <span class='ocrx_word' id='word_1_254' title='bbox 855 1470 887 1502; x_wconf 89' lang='lat' dir='ltr'>in</span> <span class='ocrx_word' id='word_1_255' title='bbox 910 1469 1156 1503; x_wconf 82' lang='lat' dir='ltr'>institutionum</span> <span class='ocrx_word' id='word_1_256' title='bbox 1177 1470 1209 1502; x_wconf 87' lang='lat' dir='ltr'>li-</span> 
     </span>
     <span class='ocr_line' id='line_1_31' title="bbox 326 1518 1207 1562; baseline -0.001 -10"><span class='ocrx_word' id='word_1_257' title='bbox 326 1518 547 1562; x_wconf 88' lang='lat' dir='ltr'>brisimponit</span> <span class='ocrx_word' id='word_1_258' title='bbox 557 1519 755 1552; x_wconf 81' lang='lat' dir='ltr'>calumniam</span> <span class='ocrx_word' id='word_1_259' title='bbox 769 1532 779 1552; x_wconf 91' lang='lat'>.·</span> <span class='ocrx_word' id='word_1_260' title='bbox 801 1518 965 1558; x_wconf 77' lang='lat' dir='ltr'>Scholastict</span> <span class='ocrx_word' id='word_1_261' title='bbox 987 1518 1126 1560; x_wconf 74' lang='lat' dir='ltr'>Sopbistae</span> <span class='ocrx_word' id='word_1_262' title='bbox 1149 1529 1207 1552; x_wconf 80' lang='lat' dir='ltr'>con·</span> 
     </span>
     <span class='ocr_line' id='line_1_32' title="bbox 326 1568 1209 1611; baseline 0 -10"><span class='ocrx_word' id='word_1_263' title='bbox 326 1574 480 1602; x_wconf 74' lang='lat' dir='ltr'>tritionem</span> <span class='ocrx_word' id='word_1_264' title='bbox 492 1596 500 1609; x_wconf 95' lang='lat'>,</span> <span class='ocrx_word' id='word_1_265' title='bbox 510 1574 642 1611; x_wconf 70' lang='lat' dir='ltr'>prImam</span> <span class='ocrx_word' id='word_1_266' title='bbox 653 1569 819 1602; x_wconf 62' lang='lat' dir='ltr'>obtinenda</span> <span class='ocrx_word' id='word_1_267' title='bbox 833 1575 932 1601; x_wconf 83' lang='lat' dir='ltr'>vem&#39;ae</span> <span class='ocrx_word' id='word_1_268' title='bbox 939 1578 1059 1610; x_wconf 79' lang='lat' dir='ltr'>partem</span> <span class='ocrx_word' id='word_1_269' title='bbox 1073 1568 1209 1609; x_wconf 77' lang='lat' dir='ltr'>faciunt,</span> 
     </span>
     <span class='ocr_line' id='line_1_33' title="bbox 324 1617 1203 1663; baseline -0.002 -12"><span class='ocrx_word' id='word_1_270' title='bbox 324 1630 447 1662; x_wconf 86' lang='lat' dir='ltr'>eamque</span> <span class='ocrx_word' id='word_1_271' title='bbox 458 1619 590 1654; x_wconf 62' lang='lat' dir='ltr'>debitam</span> <span class='ocrx_word' id='word_1_272' title='bbox 600 1626 724 1663; x_wconf 72' lang='lat' dir='ltr'>exigunt</span> <span class='ocrx_word' id='word_1_273' title='bbox 737 1644 747 1660; x_wconf 91' lang='lat'><strong>,</strong></span> <span class='ocrx_word' id='word_1_274' title='bbox 758 1618 808 1652; x_wconf 87' lang='lat' dir='ltr'>hoc</span> <span class='ocrx_word' id='word_1_275' title='bbox 818 1617 857 1658; x_wconf 84' lang='lat' dir='ltr'>est</span> <span class='ocrx_word' id='word_1_276' title='bbox 866 1644 876 1659; x_wconf 93' lang='lat'>,</span> <span class='ocrx_word' id='word_1_277' title='bbox 893 1619 1008 1659; x_wconf 80' lang='lat' dir='ltr'>justam</span> <span class='ocrx_word' id='word_1_278' title='bbox 1021 1622 1053 1652; x_wconf 60' lang='grc' dir='ltr'>(ν</span> <span class='ocrx_word' id='word_1_279' title='bbox 1065 1621 1203 1659; x_wconf 80' lang='lat' dir='ltr'>plenum.</span> 
     </span>
     <span class='ocr_line' id='line_1_34' title="bbox 327 1667 1211 1712; baseline 0 -10"><span class='ocrx_word' id='word_1_280' title='bbox 327 1668 515 1704; x_wconf 61' lang='lat' dir='ltr'>perfectam</span> <span class='ocrx_word' id='word_1_281' title='bbox 530 1682 568 1704; x_wconf 90' lang='lat' dir='ltr'>ac</span> <span class='ocrx_word' id='word_1_282' title='bbox 580 1668 699 1702; x_wconf 72' lang='lat' dir='ltr'>divinae</span> <span class='ocrx_word' id='word_1_283' title='bbox 714 1669 844 1703; x_wconf 70' lang='lat' dir='ltr'>offensae</span> <span class='ocrx_word' id='word_1_284' title='bbox 856 1669 1009 1712; x_wconf 88' lang='lat' dir='ltr'>aequalem</span> <span class='ocrx_word' id='word_1_285' title='bbox 1025 1667 1211 1703; x_wconf 86' lang='lat' dir='ltr'>Contritio-</span> 
     </span>
     <span class='ocr_line' id='line_1_35' title="bbox 323 1717 1209 1762; baseline -0.001 -9"><span class='ocrx_word' id='word_1_286' title='bbox 323 1731 400 1754; x_wconf 86' lang='lat' dir='ltr'>nem</span> <span class='ocrx_word' id='word_1_287' title='bbox 413 1720 456 1752; x_wconf 85' lang='lat' dir='ltr'>ait</span> <span class='ocrx_word' id='word_1_288' title='bbox 466 1719 484 1752; x_wconf 73' lang='grc' dir='ltr'>ὲ</span> <span class='ocrx_word' id='word_1_289' title='bbox 501 1720 597 1753; x_wconf 87' lang='lat' dir='ltr'>nobis</span> <span class='ocrx_word' id='word_1_290' title='bbox 607 1720 708 1753; x_wconf 87' lang='lat' dir='ltr'>etiam</span> <span class='ocrx_word' id='word_1_291' title='bbox 723 1718 757 1751; x_wconf 89' lang='lat' dir='ltr'>in</span> <span class='ocrx_word' id='word_1_292' title='bbox 772 1720 984 1753; x_wconf 78' lang='lat' dir='ltr'>sacramento</span> <span class='ocrx_word' id='word_1_293' title='bbox 996 1720 1083 1762; x_wconf 85' lang='lat' dir='ltr'>exigi</span> <span class='ocrx_word' id='word_1_294' title='bbox 1099 1741 1110 1758; x_wconf 90' lang='lat'><strong>,</strong></span> <span class='ocrx_word' id='word_1_295' title='bbox 1122 1717 1209 1752; x_wconf 89' lang='lat' dir='ltr'>ideo·</span> 
     </span>
     <span class='ocr_line' id='line_1_36' title="bbox 324 1766 1211 1815; baseline -0.006 -11"><span class='ocrx_word' id='word_1_296' title='bbox 324 1767 524 1815; x_wconf 75' lang='lat' dir='ltr'>que&#39;Christi</span> <span class='ocrx_word' id='word_1_297' title='bbox 539 1769 698 1813; x_wconf 88' lang='lat' dir='ltr'>populum</span> <span class='ocrx_word' id='word_1_298' title='bbox 710 1790 720 1806; x_wconf 92' lang='lat'>‚</span> <span class='ocrx_word' id='word_1_299' title='bbox 740 1768 829 1811; x_wconf 88' lang='lat' dir='ltr'>quod</span> <span class='ocrx_word' id='word_1_300' title='bbox 842 1766 1016 1801; x_wconf 81' lang='lat' dir='ltr'>laudabilis</span> <span class='ocrx_word' id='word_1_301' title='bbox 1030 1767 1162 1810; x_wconf 79' lang='lat' dir='ltr'>quidem</span> <span class='ocrx_word' id='word_1_302' title='bbox 1176 1767 1211 1800; x_wconf 76' lang='grc' dir='ltr'>ἀ</span> 
     </span>
     <span class='ocr_line' id='line_1_37' title="bbox 323 1815 1212 1864; baseline -0.007 -9"><span class='ocrx_word' id='word_1_303' title='bbox 323 1821 469 1864; x_wconf 86' lang='lat' dir='ltr'>optanda</span> <span class='ocrx_word' id='word_1_304' title='bbox 480 1820 517 1854; x_wconf 85' lang='lat' dir='ltr'>fit</span> <span class='ocrx_word' id='word_1_305' title='bbox 531 1821 589 1854; x_wconf 75' lang='lat' dir='ltr'>ista</span> <span class='ocrx_word' id='word_1_306' title='bbox 601 1817 772 1857; x_wconf 83' lang='lat' dir='ltr'>contritio,</span> <span class='ocrx_word' id='word_1_307' title='bbox 782 1817 833 1851; x_wconf 90' lang='lat' dir='ltr'>sed</span> <span class='ocrx_word' id='word_1_308' title='bbox 845 1815 912 1860; x_wconf 75' lang='lat' dir='ltr'>ipsa</span> <span class='ocrx_word' id='word_1_309' title='bbox 923 1827 1077 1859; x_wconf 81' lang='lat' dir='ltr'>nunquam</span> <span class='ocrx_word' id='word_1_310' title='bbox 1086 1815 1212 1861; x_wconf 69' lang='lat' dir='ltr'>defungi</span> 
     </span>
     <span class='ocr_line' id='line_1_38' title="bbox 321 1867 1210 1914; baseline -0.003 -12"><span class='ocrx_word' id='word_1_311' title='bbox 321 1871 404 1914; x_wconf 85' lang='lat' dir='ltr'>poffit</span> <span class='ocrx_word' id='word_1_312' title='bbox 413 1878 548 1912; x_wconf 82' lang='lat' dir='ltr'>peccator</span> <span class='ocrx_word' id='word_1_313' title='bbox 561 1894 572 1910; x_wconf 93' lang='lat'><em>‚</em></span> <span class='ocrx_word' id='word_1_314' title='bbox 597 1870 638 1904; x_wconf 84' lang='lat' dir='ltr'>ad</span> <span class='ocrx_word' id='word_1_315' title='bbox 650 1868 888 1913; x_wconf 64' lang='lat' dir='ltr'>simulationem</span> <span class='ocrx_word' id='word_1_316' title='bbox 908 1868 925 1901; x_wconf 75' lang='grc' dir='ltr'>ὲ</span> <span class='ocrx_word' id='word_1_317' title='bbox 945 1867 1040 1901; x_wconf 86' lang='lat' dir='ltr'>nobis</span> <span class='ocrx_word' id='word_1_318' title='bbox 1058 1868 1136 1911; x_wconf 84' lang='lat' dir='ltr'>cogi</span> <span class='ocrx_word' id='word_1_319' title='bbox 1159 1867 1210 1901; x_wconf 88' lang='lat' dir='ltr'>vel</span> 
     </span>
     <span class='ocr_line' id='line_1_39' title="bbox 325 1915 1211 1964; baseline -0.006 -10"><span class='ocrx_word' id='word_1_320' title='bbox 325 1921 582 1964; x_wconf 83' lang='lat' dir='ltr'>desperationem</span> <span class='ocrx_word' id='word_1_321' title='bbox 598 1944 605 1952; x_wconf 85' lang='lat'>.</span> <span class='ocrx_word' id='word_1_322' title='bbox 635 1918 726 1952; x_wconf 89' lang='lat' dir='ltr'>Hinc</span> <span class='ocrx_word' id='word_1_323' title='bbox 742 1918 780 1951; x_wconf 87' lang='lat' dir='ltr'>ad</span> <span class='ocrx_word' id='word_1_324' title='bbox 794 1917 1062 1960; x_wconf 83' lang='lat' dir='ltr'>justificationem</span> <span class='ocrx_word' id='word_1_325' title='bbox 1073 1916 1144 1951; x_wconf 85' lang='lat' dir='ltr'>vult</span> <span class='ocrx_word' id='word_1_326' title='bbox 1152 1915 1211 1950; x_wconf 82' lang='lat' dir='ltr'>ali-</span> 
     </span>
     <span class='ocr_line' id='line_1_40' title="bbox 326 1966 1211 2016; baseline -0.006 -10"><span class='ocrx_word' id='word_1_327' title='bbox 326 1971 371 2006; x_wconf 90' lang='lat' dir='ltr'>ud</span> <span class='ocrx_word' id='word_1_328' title='bbox 386 1982 453 2004; x_wconf 88' lang='lat' dir='ltr'>non</span> <span class='ocrx_word' id='word_1_329' title='bbox 470 1970 588 2016; x_wconf 82' lang='lat' dir='ltr'>requiri</span> <span class='ocrx_word' id='word_1_330' title='bbox 601 1979 700 2012; x_wconf 89' lang='lat' dir='ltr'>quam</span> <span class='ocrx_word' id='word_1_331' title='bbox 711 1968 808 2003; x_wconf 86' lang='lat' dir='ltr'>fidem</span> <span class='ocrx_word' id='word_1_332' title='bbox 822 1968 856 2002; x_wconf 71' lang='grc' dir='ltr'>ὅ(</span> <span class='ocrx_word' id='word_1_333' title='bbox 869 1968 1022 2002; x_wconf 81' lang='lat' dir='ltr'>fiduciam</span> <span class='ocrx_word' id='word_1_334' title='bbox 1036 1969 1069 2001; x_wconf 92' lang='lat' dir='ltr'>in</span> <span class='ocrx_word' id='word_1_335' title='bbox 1083 1966 1211 2011; x_wconf 84' lang='lat' dir='ltr'>sangui-</span> 
     </span>
     <span class='ocr_line' id='line_1_41' title="bbox 327 2017 1210 2064; baseline -0.007 -10"><span class='ocrx_word' id='word_1_336' title='bbox 327 2033 404 2055; x_wconf 85' lang='lat' dir='ltr'>nem</span> <span class='ocrx_word' id='word_1_337' title='bbox 429 2020 660 2064; x_wconf 83' lang='lat' dir='ltr'>Redemptoris</span> <span class='ocrx_word' id='word_1_338' title='bbox 681 2044 687 2051; x_wconf 93' lang='lat'>.</span> <span class='ocrx_word' id='word_1_339' title='bbox 723 2018 854 2054; x_wconf 82' lang='lat' dir='ltr'>Ambos</span> <span class='ocrx_word' id='word_1_340' title='bbox 873 2028 995 2053; x_wconf 85' lang='lat' dir='ltr'>errores</span> <span class='ocrx_word' id='word_1_341' title='bbox 1014 2017 1210 2052; x_wconf 70' lang='lat' dir='ltr'>sacrosancta</span> 
     </span>
     <span class='ocr_line' id='line_1_42' title="bbox 328 2066 1212 2114; baseline -0.006 -10"><span class='ocrx_word' id='word_1_342' title='bbox 328 2071 530 2105; x_wconf 88' lang='lat' dir='ltr'>Tridentina</span> <span class='ocrx_word' id='word_1_343' title='bbox 547 2071 700 2114; x_wconf 85' lang='lat' dir='ltr'>Synodus</span> <span class='ocrx_word' id='word_1_344' title='bbox 712 2067 827 2103; x_wconf 89' lang='lat' dir='ltr'>eodem</span> <span class='ocrx_word' id='word_1_345' title='bbox 839 2068 982 2103; x_wconf 80' lang='lat' dir='ltr'>confixit</span> <span class='ocrx_word' id='word_1_346' title='bbox 999 2067 1102 2102; x_wconf 89' lang='lat' dir='ltr'>verbo</span> <span class='ocrx_word' id='word_1_347' title='bbox 1112 2091 1123 2107; x_wconf 90' lang='lat'>,</span> <span class='ocrx_word' id='word_1_348' title='bbox 1137 2066 1212 2100; x_wconf 78' lang='lat' dir='ltr'>defi-</span> 
     </span>
     <span class='ocr_line' id='line_1_43' title="bbox 330 2118 1211 2164; baseline -0.006 -9"><span class='ocrx_word' id='word_1_349' title='bbox 330 2121 775 2163; x_wconf 33' lang='lat' dir='ltr'>niensetiamrimperfec&#39;tam</span> <span class='ocrx_word' id='word_1_350' title='bbox 790 2143 799 2159; x_wconf 88' lang='lat'>‚</span> <span class='ocrx_word' id='word_1_351' title='bbox 819 2120 895 2152; x_wconf 87' lang='lat' dir='ltr'>licet</span> <span class='ocrx_word' id='word_1_352' title='bbox 918 2131 957 2152; x_wconf 89' lang='lat' dir='ltr'>ex</span> <span class='ocrx_word' id='word_1_353' title='bbox 979 2118 1135 2164; x_wconf 64' lang='lat' dir='ltr'>gebenna</span> <span class='ocrx_word' id='word_1_354' title='bbox 1155 2126 1211 2151; x_wconf 87' lang='lat' dir='ltr'>aut</span> 
     </span>
     <span class='ocr_line' id='line_1_44' title="bbox 330 2166 1211 2215; baseline -0.007 -10"><span class='ocrx_word' id='word_1_355' title='bbox 330 2172 465 2205; x_wconf 83' lang='lat' dir='ltr'>aliarum</span> <span class='ocrx_word' id='word_1_356' title='bbox 480 2180 648 2215; x_wconf 85' lang='lat' dir='ltr'>poenarum</span> <span class='ocrx_word' id='word_1_357' title='bbox 661 2180 762 2208; x_wconf 87' lang='lat' dir='ltr'>metu,</span> <span class='ocrx_word' id='word_1_358' title='bbox 775 2170 827 2202; x_wconf 90' lang='lat' dir='ltr'>seu</span> <span class='ocrx_word' id='word_1_359' title='bbox 840 2168 912 2201; x_wconf 86' lang='lat' dir='ltr'>aliis</span> <span class='ocrx_word' id='word_1_360' title='bbox 923 2167 1126 2212; x_wconf 85' lang='lat' dir='ltr'>ignobilibus</span> <span class='ocrx_word' id='word_1_361' title='bbox 1137 2166 1211 2208; x_wconf 81' lang='lat' dir='ltr'>ejus-</span> 
     </span>
     <span class='ocr_line' id='line_1_45' title="bbox 331 2218 1210 2264; baseline -0.007 -10"><span class='ocrx_word' id='word_1_362' title='bbox 331 2221 423 2255; x_wconf 86' lang='lat' dir='ltr'>modi</span> <span class='ocrx_word' id='word_1_363' title='bbox 438 2222 496 2254; x_wconf 86' lang='lat' dir='ltr'>viis</span> <span class='ocrx_word' id='word_1_364' title='bbox 508 2231 650 2264; x_wconf 86' lang='lat' dir='ltr'>paratam</span> <span class='ocrx_word' id='word_1_365' title='bbox 673 2220 706 2253; x_wconf 78' lang='lat' dir='ltr'>&lt;Sc</span> <span class='ocrx_word' id='word_1_366' title='bbox 727 2229 923 2261; x_wconf 83' lang='lat' dir='ltr'>conceptam</span> <span class='ocrx_word' id='word_1_367' title='bbox 949 2218 1210 2256; x_wconf 83' lang='lat' dir='ltr'>contritionem,</span> 
     </span>
     <span class='ocr_line' id='line_1_46' title="bbox 331 2266 1211 2304; baseline -0.007 0"><span class='ocrx_word' id='word_1_368' title='bbox 331 2271 515 2304; x_wconf 78' lang='lat' dir='ltr'>dummodo</span> <span class='ocrx_word' id='word_1_369' title='bbox 539 2271 556 2303; x_wconf 71' lang='lat' dir='ltr'>a</span> <span class='ocrx_word' id='word_1_370' title='bbox 579 2267 769 2302; x_wconf 80' lang='lat' dir='ltr'>Christianae</span> <span class='ocrx_word' id='word_1_371' title='bbox 802 2267 1083 2302; x_wconf 85' lang='lat' dir='ltr'>reconciliationis</span> <span class='ocrx_word' id='word_1_372' title='bbox 1107 2266 1211 2299; x_wconf 85' lang='lat' dir='ltr'>Sacra·</span> 
     </span>
     <span class='ocr_line' id='line_1_47' title="bbox 331 2316 1211 2362; baseline -0.005 -9"><span class='ocrx_word' id='word_1_373' title='bbox 331 2331 446 2353; x_wconf 88' lang='lat' dir='ltr'>mento</span> <span class='ocrx_word' id='word_1_374' title='bbox 459 2320 630 2362; x_wconf 77' lang='lat' dir='ltr'>adjuvetur</span> <span class='ocrx_word' id='word_1_375' title='bbox 641 2342 652 2358; x_wconf 96' lang='lat'>‚</span> <span class='ocrx_word' id='word_1_376' title='bbox 676 2318 817 2351; x_wconf 75' lang='lat' dir='ltr'>omnino</span> <span class='ocrx_word' id='word_1_377' title='bbox 831 2318 972 2351; x_wconf 88' lang='lat' dir='ltr'>sufficere</span> <span class='ocrx_word' id='word_1_378' title='bbox 981 2317 1022 2350; x_wconf 90' lang='lat' dir='ltr'>ad</span> <span class='ocrx_word' id='word_1_379' title='bbox 1036 2316 1211 2359; x_wconf 81' lang='lat' dir='ltr'>justificati-</span> 
     </span>
     <span class='ocr_line' id='line_1_48' title="bbox 331 2366 1213 2409; baseline -0.005 -6"><span class='ocrx_word' id='word_1_380' title='bbox 331 2382 452 2403; x_wconf 87' lang='lat' dir='ltr'>onem.</span> <span class='ocrx_word' id='word_1_381' title='bbox 483 2371 566 2403; x_wconf 75' lang='lat' dir='ltr'>Haec</span> <span class='ocrx_word' id='word_1_382' title='bbox 578 2369 622 2403; x_wconf 83' lang='lat' dir='ltr'>est</span> <span class='ocrx_word' id='word_1_383' title='bbox 645 2367 797 2401; x_wconf 84' lang='lat' dir='ltr'>constans</span> <span class='ocrx_word' id='word_1_384' title='bbox 821 2367 965 2400; x_wconf 67' lang='lat' dir='ltr'>Ecclesiae</span> <span class='ocrx_word' id='word_1_385' title='bbox 986 2366 1139 2400; x_wconf 72' lang='lat' dir='ltr'>dostriuae</span> <span class='ocrx_word' id='word_1_386' title='bbox 1159 2376 1213 2409; x_wconf 85' lang='lat' dir='ltr'>per</span> 
     </span>
     <span class='ocr_line' id='line_1_49' title="bbox 331 2417 1027 2454; baseline -0.007 0"><span class='ocrx_word' id='word_1_387' title='bbox 331 2419 552 2454; x_wconf 76' lang='lat' dir='ltr'>Tridentinus</span> <span class='ocrx_word' id='word_1_388' title='bbox 565 2419 675 2454; x_wconf 83' lang='lat' dir='ltr'>Patres</span> <span class='ocrx_word' id='word_1_389' title='bbox 685 2417 803 2451; x_wconf 76' lang='lat' dir='ltr'>merito</span> <span class='ocrx_word' id='word_1_390' title='bbox 815 2417 1007 2451; x_wconf 83' lang='lat' dir='ltr'>confirmata</span> <span class='ocrx_word' id='word_1_391' title='bbox 1019 2440 1027 2449; x_wconf 88' lang='lat'>.</span> 
     </span>
    </p>
   </div>
   <div class='ocr_carea' id='block_1_7' title="bbox 150 1527 279 1624">
    <p class='ocr_par' dir='ltr' id='par_1_7' title="bbox 150 1527 279 1624">
     <span class='ocr_line' id='line_1_50' title="bbox 155 1527 279 1574; baseline 0.008 -16"><span class='ocrx_word' id='word_1_392' title='bbox 155 1527 235 1569; x_wconf 84' lang='lat' dir='ltr'>Cap.</span> <span class='ocrx_word' id='word_1_393' title='bbox 247 1537 279 1574; x_wconf 88' lang='lat'>3.</span> 
     </span>
     <span class='ocr_line' id='line_1_51' title="bbox 150 1588 230 1624; baseline 0 -14"><span class='ocrx_word' id='word_1_394' title='bbox 150 1590 178 1611; x_wconf 92' lang='lat' dir='ltr'>c.</span> <span class='ocrx_word' id='word_1_395' title='bbox 192 1588 230 1624; x_wconf 87' lang='lat'>4.</span> 
     </span>
    </p>
   </div>
   <div class='ocr_carea' id='block_1_8' title="bbox 162 2515 1214 3260">
    <p class='ocr_par' dir='ltr' id='par_1_8' title="bbox 162 2515 1214 3260">
     <span class='ocr_line' id='line_1_52' title="bbox 543 2515 998 2560; baseline -0.009 -8"><span class='ocrx_word' id='word_1_396' title='bbox 543 2522 665 2552; x_wconf 75' lang='lat' dir='ltr'>Decima</span> <span class='ocrx_word' id='word_1_397' title='bbox 686 2515 833 2560; x_wconf 74' lang='lat' dir='ltr'>Accusatio</span> <span class='ocrx_word' id='word_1_398' title='bbox 854 2517 977 2549; x_wconf 77' lang='lat' dir='ltr'>diluitur</span> <span class='ocrx_word' id='word_1_399' title='bbox 991 2540 998 2548; x_wconf 90' lang='lat'><strong><em>.</em></strong></span> 
     </span>
     <span class='ocr_line' id='line_1_53' title="bbox 443 2563 1211 2611; baseline -0.005 -8"><span class='ocrx_word' id='word_1_400' title='bbox 443 2570 492 2603; x_wconf 84' lang='lat' dir='ltr'>lsu</span> <span class='ocrx_word' id='word_1_401' title='bbox 506 2594 515 2609; x_wconf 89' lang='lat'>‚</span> <span class='ocrx_word' id='word_1_402' title='bbox 539 2568 642 2602; x_wconf 76' lang='lat' dir='ltr'>immo</span> <span class='ocrx_word' id='word_1_403' title='bbox 655 2567 863 2604; x_wconf 85' lang='lat' dir='ltr'>miseratione</span> <span class='ocrx_word' id='word_1_404' title='bbox 880 2567 1020 2611; x_wconf 86' lang='lat' dir='ltr'>dignum</span> <span class='ocrx_word' id='word_1_405' title='bbox 1032 2563 1077 2600; x_wconf 83' lang='lat' dir='ltr'>est</span> <span class='ocrx_word' id='word_1_406' title='bbox 1089 2590 1100 2606; x_wconf 91' lang='lat'>‚</span> <span class='ocrx_word' id='word_1_407' title='bbox 1122 2564 1211 2609; x_wconf 90' lang='lat' dir='ltr'>quod</span> 
     </span>
     <span class='ocr_line' id='line_1_54' title="bbox 459 2616 1211 2661; baseline -0.005 -8"><span class='ocrx_word' id='word_1_408' title='bbox 459 2631 510 2653; x_wconf 89' lang='lat' dir='ltr'>me</span> <span class='ocrx_word' id='word_1_409' title='bbox 524 2643 533 2658; x_wconf 92' lang='lat'><em>‚</em></span> <span class='ocrx_word' id='word_1_410' title='bbox 561 2618 616 2652; x_wconf 90' lang='lat' dir='ltr'>ubi</span> <span class='ocrx_word' id='word_1_411' title='bbox 631 2617 774 2652; x_wconf 85' lang='lat' dir='ltr'>servilem</span> <span class='ocrx_word' id='word_1_412' title='bbox 783 2617 1007 2661; x_wconf 84' lang='lat' dir='ltr'>gehennarum</span> <span class='ocrx_word' id='word_1_413' title='bbox 1022 2621 1148 2650; x_wconf 84' lang='lat' dir='ltr'>metum</span> <span class='ocrx_word' id='word_1_414' title='bbox 1170 2616 1211 2649; x_wconf 90' lang='lat' dir='ltr'>es·</span> 
     </span>
     <span class='ocr_line' id='line_1_55' title="bbox 333 2666 1202 2714; baseline -0.008 -9"><span class='ocrx_word' id='word_1_415' title='bbox 333 2671 504 2714; x_wconf 84' lang='lat' dir='ltr'>sequidem</span> <span class='ocrx_word' id='word_1_416' title='bbox 519 2671 535 2703; x_wconf 73' lang='grc' dir='ltr'>ὲ</span> <span class='ocrx_word' id='word_1_417' title='bbox 547 2669 794 2703; x_wconf 85' lang='lat' dir='ltr'>Deoincussum</span> <span class='ocrx_word' id='word_1_418' title='bbox 814 2678 954 2708; x_wconf 89' lang='lat' dir='ltr'>motum,</span> <span class='ocrx_word' id='word_1_419' title='bbox 970 2677 1037 2701; x_wconf 79' lang='lat' dir='ltr'>non.</span> <span class='ocrx_word' id='word_1_420' title='bbox 1047 2676 1155 2700; x_wconf 87' lang='lat' dir='ltr'>tamen</span> <span class='ocrx_word' id='word_1_421' title='bbox 1169 2666 1202 2699; x_wconf 90' lang='lat' dir='ltr'>su</span> 
     </span>
     <span class='ocr_line' id='line_1_56' title="bbox 334 2716 1214 2765; baseline -0.008 -10"><span class='ocrx_word' id='word_1_422' title='bbox 334 2721 537 2765; x_wconf 86' lang='lat' dir='ltr'>pernaturale</span> <span class='ocrx_word' id='word_1_423' title='bbox 549 2731 587 2754; x_wconf 90' lang='lat' dir='ltr'>ac</span> <span class='ocrx_word' id='word_1_424' title='bbox 599 2719 743 2752; x_wconf 89' lang='lat' dir='ltr'>infusum</span> <span class='ocrx_word' id='word_1_425' title='bbox 756 2716 865 2761; x_wconf 83' lang='lat' dir='ltr'>gratiae</span> <span class='ocrx_word' id='word_1_426' title='bbox 876 2716 1002 2750; x_wconf 89' lang='lat' dir='ltr'>donum</span> <span class='ocrx_word' id='word_1_427' title='bbox 1015 2716 1118 2758; x_wconf 81' lang='lat' dir='ltr'>scripsi</span> <span class='ocrx_word' id='word_1_428' title='bbox 1128 2738 1138 2754; x_wconf 92' lang='lat'>,</span> <span class='ocrx_word' id='word_1_429' title='bbox 1163 2727 1214 2749; x_wconf 89' lang='lat' dir='ltr'>ac·</span> 
     </span>
     <span class='ocr_line' id='line_1_57' title="bbox 162 2764 1209 2820; baseline -0.009 -13"><span class='ocrx_word' id='word_1_430' title='bbox 162 2774 233 2807; x_wconf 68' lang='lat'><em>1³01.</em></span> <span class='ocrx_word' id='word_1_431' title='bbox 261 2782 315 2820; x_wconf 82' lang='lat'>52.</span> <span class='ocrx_word' id='word_1_432' title='bbox 334 2773 461 2806; x_wconf 80' lang='lat' dir='ltr'>cusator</span> <span class='ocrx_word' id='word_1_433' title='bbox 474 2770 561 2805; x_wconf 90' lang='lat' dir='ltr'>dicat</span> <span class='ocrx_word' id='word_1_434' title='bbox 588 2770 655 2804; x_wconf 87' lang='lat' dir='ltr'>esse</span> <span class='ocrx_word' id='word_1_435' title='bbox 677 2766 888 2812; x_wconf 82' lang='lat' dir='ltr'>Jansenistam</span> <span class='ocrx_word' id='word_1_436' title='bbox 908 2778 946 2801; x_wconf 89' lang='lat' dir='ltr'>ac</span> <span class='ocrx_word' id='word_1_437' title='bbox 968 2764 1192 2801; x_wconf 87' lang='lat' dir='ltr'>Lutheranum</span> <span class='ocrx_word' id='word_1_438' title='bbox 1202 2790 1209 2798; x_wconf 90' lang='lat'>.</span> 
     </span>
     <span class='ocr_line' id='line_1_58' title="bbox 334 2815 1212 2860; baseline -0.007 -4"><span class='ocrx_word' id='word_1_439' title='bbox 334 2824 416 2856; x_wconf 91' lang='lat' dir='ltr'>Fore</span> <span class='ocrx_word' id='word_1_440' title='bbox 428 2821 524 2856; x_wconf 89' lang='lat' dir='ltr'>video</span> <span class='ocrx_word' id='word_1_441' title='bbox 540 2829 592 2859; x_wconf 91' lang='lat' dir='ltr'>,ut</span> <span class='ocrx_word' id='word_1_442' title='bbox 607 2820 628 2852; x_wconf 85' lang='lat' dir='ltr'>fi</span> <span class='ocrx_word' id='word_1_443' title='bbox 641 2829 716 2852; x_wconf 91' lang='lat' dir='ltr'>cum</span> <span class='ocrx_word' id='word_1_444' title='bbox 729 2817 879 2860; x_wconf 81' lang='lat' dir='ltr'>Jansenio</span> <span class='ocrx_word' id='word_1_445' title='bbox 891 2825 947 2851; x_wconf 81' lang='lat' dir='ltr'>aut</span> <span class='ocrx_word' id='word_1_446' title='bbox 959 2815 1109 2850; x_wconf 90' lang='lat' dir='ltr'>Luthero</span> <span class='ocrx_word' id='word_1_447' title='bbox 1123 2816 1212 2859; x_wconf 83' lang='lat' dir='ltr'>Apo·</span> 
     </span>
     <span class='ocr_line' id='line_1_59' title="bbox 335 2866 1212 2913; baseline -0.008 -8"><span class='ocrx_word' id='word_1_448' title='bbox 335 2872 486 2906; x_wconf 86' lang='lat' dir='ltr'>stolicum</span> <span class='ocrx_word' id='word_1_449' title='bbox 500 2869 695 2913; x_wconf 85' lang='lat' dir='ltr'>Symbolum</span> <span class='ocrx_word' id='word_1_450' title='bbox 707 2868 756 2901; x_wconf 88' lang='lat' dir='ltr'>vel</span> <span class='ocrx_word' id='word_1_451' title='bbox 782 2866 996 2901; x_wconf 79' lang='lat' dir='ltr'>Dominicam</span> <span class='ocrx_word' id='word_1_452' title='bbox 1019 2867 1212 2900; x_wconf 80' lang='lat' dir='ltr'>Orationem</span> 
     </span>
     <span class='ocr_line' id='line_1_60' title="bbox 335 2916 1211 2964; baseline -0.006 -9"><span class='ocrx_word' id='word_1_453' title='bbox 335 2923 427 2956; x_wconf 87' lang='lat' dir='ltr'>fuero</span> <span class='ocrx_word' id='word_1_454' title='bbox 440 2921 598 2964; x_wconf 75' lang='lat' dir='ltr'>professus</span> <span class='ocrx_word' id='word_1_455' title='bbox 611 2944 621 2959; x_wconf 84' lang='lat'><strong>,</strong></span> <span class='ocrx_word' id='word_1_456' title='bbox 646 2917 791 2962; x_wconf 73' lang='lat' dir='ltr'>protinus</span> <span class='ocrx_word' id='word_1_457' title='bbox 802 2917 844 2950; x_wconf 89' lang='lat' dir='ltr'>de</span> <span class='ocrx_word' id='word_1_458' title='bbox 858 2918 998 2960; x_wconf 88' lang='lat' dir='ltr'>ipsorum</span> <span class='ocrx_word' id='word_1_459' title='bbox 1013 2916 1116 2949; x_wconf 88' lang='lat' dir='ltr'>scabie</span> <span class='ocrx_word' id='word_1_460' title='bbox 1125 2917 1211 2959; x_wconf 87' lang='lat' dir='ltr'>apud</span> 
     </span>
     <span class='ocr_line' id='line_1_61' title="bbox 335 2966 1210 3013; baseline -0.006 -10"><span class='ocrx_word' id='word_1_461' title='bbox 335 2971 433 3005; x_wconf 85' lang='lat' dir='ltr'>istum</span> <span class='ocrx_word' id='word_1_462' title='bbox 445 2971 582 3013; x_wconf 81' lang='lat' dir='ltr'>judicem</span> <span class='ocrx_word' id='word_1_463' title='bbox 595 2970 650 3002; x_wconf 88' lang='lat' dir='ltr'>fim</span> <span class='ocrx_word' id='word_1_464' title='bbox 663 2979 751 3002; x_wconf 90' lang='lat' dir='ltr'>reus.</span> <span class='ocrx_word' id='word_1_465' title='bbox 778 2967 880 3013; x_wconf 85' lang='lat' dir='ltr'>Qod</span> <span class='ocrx_word' id='word_1_466' title='bbox 903 2967 993 2999; x_wconf 88' lang='lat' dir='ltr'>enim</span> <span class='ocrx_word' id='word_1_467' title='bbox 1013 2966 1135 2999; x_wconf 86' lang='lat' dir='ltr'>servilis</span> <span class='ocrx_word' id='word_1_468' title='bbox 1158 2977 1210 3010; x_wconf 89' lang='lat' dir='ltr'>ge·</span> 
     </span>
     <span class='ocr_line' id='line_1_62' title="bbox 336 3014 1210 3061; baseline -0.006 -8"><span class='ocrx_word' id='word_1_469' title='bbox 336 3019 515 3055; x_wconf 84' lang='lat' dir='ltr'>hennarum</span> <span class='ocrx_word' id='word_1_470' title='bbox 526 3029 628 3053; x_wconf 87' lang='lat' dir='ltr'>metus</span> <span class='ocrx_word' id='word_1_471' title='bbox 639 3019 675 3052; x_wconf 87' lang='lat' dir='ltr'>lit</span> <span class='ocrx_word' id='word_1_472' title='bbox 692 3016 823 3061; x_wconf 88' lang='lat' dir='ltr'>Judaica</span> <span class='ocrx_word' id='word_1_473' title='bbox 838 3029 878 3050; x_wconf 84' lang='lat' dir='ltr'>ex</span> <span class='ocrx_word' id='word_1_474' title='bbox 892 3017 982 3060; x_wconf 88' lang='lat' dir='ltr'>lege,</span> <span class='ocrx_word' id='word_1_475' title='bbox 998 3014 1210 3055; x_wconf 73' lang='lat' dir='ltr'>nonChristi·</span> 
     </span>
     <span class='ocr_line' id='line_1_63' title="bbox 337 3065 1211 3109; baseline -0.006 -5"><span class='ocrx_word' id='word_1_476' title='bbox 337 3081 397 3104; x_wconf 84' lang='lat' dir='ltr'>ana</span> <span class='ocrx_word' id='word_1_477' title='bbox 410 3082 449 3104; x_wconf 87' lang='lat' dir='ltr'>ex</span> <span class='ocrx_word' id='word_1_478' title='bbox 460 3069 761 3102; x_wconf 78' lang='lat' dir='ltr'>divinaeinfufionis</span> <span class='ocrx_word' id='word_1_479' title='bbox 774 3067 864 3101; x_wconf 88' lang='lat' dir='ltr'>dono</span> <span class='ocrx_word' id='word_1_480' title='bbox 876 3066 997 3109; x_wconf 77' lang='lat' dir='ltr'>justitia</span> <span class='ocrx_word' id='word_1_481' title='bbox 1010 3089 1021 3105; x_wconf 89' lang='lat'>,</span> <span class='ocrx_word' id='word_1_482' title='bbox 1040 3065 1084 3099; x_wconf 84' lang='lat' dir='ltr'>est</span> <span class='ocrx_word' id='word_1_483' title='bbox 1104 3065 1211 3099; x_wconf 88' lang='lat' dir='ltr'>Chris·</span> 
     </span>
     <span class='ocr_line' id='line_1_64' title="bbox 337 3114 1209 3163; baseline -0.008 -9"><span class='ocrx_word' id='word_1_484' title='bbox 337 3121 420 3154; x_wconf 87' lang='lat' dir='ltr'>tiani</span> <span class='ocrx_word' id='word_1_485' title='bbox 430 3119 593 3163; x_wconf 75' lang='lat' dir='ltr'>dogmatis</span> <span class='ocrx_word' id='word_1_486' title='bbox 606 3118 859 3152; x_wconf 87' lang='lat' dir='ltr'>fundamentum</span> <span class='ocrx_word' id='word_1_487' title='bbox 872 3116 954 3150; x_wconf 75' lang='lat' dir='ltr'>adeo</span> <span class='ocrx_word' id='word_1_488' title='bbox 964 3114 1133 3149; x_wconf 86' lang='lat' dir='ltr'>immobile</span> <span class='ocrx_word' id='word_1_489' title='bbox 1145 3140 1155 3155; x_wconf 93' lang='lat'><em>,</em></span> <span class='ocrx_word' id='word_1_490' title='bbox 1174 3127 1209 3148; x_wconf 91' lang='lat' dir='ltr'>ut</span> 
     </span>
     <span class='ocr_line' id='line_1_65' title="bbox 338 3163 1211 3212; baseline -0.007 -8"><span class='ocrx_word' id='word_1_491' title='bbox 338 3170 447 3204; x_wconf 85' lang='lat' dir='ltr'>nullus</span> <span class='ocrx_word' id='word_1_492' title='bbox 457 3168 658 3203; x_wconf 76' lang='lat' dir='ltr'>orthodoxus</span> <span class='ocrx_word' id='word_1_493' title='bbox 670 3169 769 3211; x_wconf 85' lang='lat' dir='ltr'>usque</span> <span class='ocrx_word' id='word_1_494' title='bbox 793 3167 856 3201; x_wconf 88' lang='lat' dir='ltr'>huc</span> <span class='ocrx_word' id='word_1_495' title='bbox 868 3167 995 3212; x_wconf 83' lang='lat' dir='ltr'>legatur</span> <span class='ocrx_word' id='word_1_496' title='bbox 1012 3163 1052 3199; x_wconf 91' lang='lat' dir='ltr'>de</span> <span class='ocrx_word' id='word_1_497' title='bbox 1074 3166 1142 3207; x_wconf 90' lang='lat' dir='ltr'>ipso</span> <span class='ocrx_word' id='word_1_498' title='bbox 1160 3165 1211 3199; x_wconf 88' lang='lat' dir='ltr'>vel</span> 
     </span>
     <span class='ocr_line' id='line_1_66' title="bbox 168 3207 1209 3260; baseline -0.009 -3"><span class='ocrx_word' id='word_1_499' title='bbox 168 3211 200 3237; x_wconf 89' lang='lat'>2·</span> <span class='ocrx_word' id='word_1_500' title='bbox 213 3207 246 3234; x_wconf 87' lang='lat'>2.</span> <span class='ocrx_word' id='word_1_501' title='bbox 259 3210 292 3242; x_wconf 76' lang='lat' dir='ltr'>q‘</span> <span class='ocrx_word' id='word_1_502' title='bbox 337 3219 499 3256; x_wconf 77' lang='lat' dir='ltr'>dubitasse</span> <span class='ocrx_word' id='word_1_503' title='bbox 512 3242 519 3250; x_wconf 94' lang='lat'><em>.</em></span> <span class='ocrx_word' id='word_1_504' title='bbox 533 3215 757 3259; x_wconf 79' lang='lat' dir='ltr'>Timorservilis</span> <span class='ocrx_word' id='word_1_505' title='bbox 772 3241 782 3257; x_wconf 85' lang='lat'>‚</span> <span class='ocrx_word' id='word_1_506' title='bbox 794 3216 1034 3260; x_wconf 68' lang='lat' dir='ltr'>inquitsanflus</span> <span class='ocrx_word' id='word_1_507' title='bbox 1042 3214 1209 3254; x_wconf 78' lang='lat' dir='ltr'>Thomas,</span> 
     </span>
    </p>
   </div>
   <div class='ocr_carea' id='block_1_9' title="bbox 170 3258 1232 3363">
    <p class='ocr_par' dir='ltr' id='par_1_9' title="bbox 170 3258 1232 3363">
     <span class='ocr_line' id='line_1_67' title="bbox 170 3258 1232 3311; baseline -0.007 -6"><span class='ocrx_word' id='word_1_508' title='bbox 170 3260 183 3283; x_wconf 69' lang='lat'>⁸</span> <span class='ocrx_word' id='word_1_509' title='bbox 192 3258 279 3295; x_wconf 46' lang='lat'>9⁵³¹*</span> <span class='ocrx_word' id='word_1_510' title='bbox 288 3260 318 3297; x_wconf 86' lang='lat'>9&#39;</span> <span class='ocrx_word' id='word_1_511' title='bbox 337 3282 396 3304; x_wconf 85' lang='lat' dir='ltr'>non</span> <span class='ocrx_word' id='word_1_512' title='bbox 406 3269 443 3311; x_wconf 80' lang='lat' dir='ltr'>est</span> <span class='ocrx_word' id='word_1_513' title='bbox 454 3267 657 3302; x_wconf 55' lang='lat' dir='ltr'>numerandus</span> <span class='ocrx_word' id='word_1_514' title='bbox 668 3273 747 3299; x_wconf 77' lang='lat' dir='ltr'>inter</span> <span class='ocrx_word' id='word_1_515' title='bbox 758 3269 837 3300; x_wconf 84' lang='lat' dir='ltr'>dona</span> <span class='ocrx_word' id='word_1_516' title='bbox 858 3269 984 3308; x_wconf 77' lang='lat' dir='ltr'>spiritus</span> <span class='ocrx_word' id='word_1_517' title='bbox 1007 3265 1107 3298; x_wconf 62' lang='lat' dir='ltr'>sanat</span> <span class='ocrx_word' id='word_1_518' title='bbox 1119 3287 1130 3304; x_wconf 87' lang='lat'>‚</span> <span class='ocrx_word' id='word_1_519' title='bbox 1145 3267 1212 3306; x_wconf 65' lang='lat' dir='ltr'>licet</span> <span class='ocrx_word' id='word_1_520' title='bbox 1230 3296 1232 3298; x_wconf 78' lang='grc'>,</span> 
     </span>
     <span class='ocr_line' id='line_1_68' title="bbox 330 3315 1231 3363; baseline -0.006 -11"><span class='ocrx_word' id='word_1_521' title='bbox 330 3319 367 3362; x_wconf 81' lang='lat' dir='ltr'>fit</span> <span class='ocrx_word' id='word_1_522' title='bbox 380 3323 523 3363; x_wconf 71' lang='lat' dir='ltr'>dsptrim</span> <span class='ocrx_word' id='word_1_523' title='bbox 532 3317 638 3352; x_wconf 68' lang='lat' dir='ltr'>saneto</span> <span class='ocrx_word' id='word_1_524' title='bbox 648 3341 656 3348; x_wconf 90' lang='lat'><strong>.</strong></span> <span class='ocrx_word' id='word_1_525' title='bbox 682 3317 764 3351; x_wconf 90' lang='lat' dir='ltr'>Non</span> <span class='ocrx_word' id='word_1_526' title='bbox 777 3318 865 3351; x_wconf 87' lang='lat' dir='ltr'>enim</span> <span class='ocrx_word' id='word_1_527' title='bbox 879 3317 923 3351; x_wconf 84' lang='lat' dir='ltr'>est</span> <span class='ocrx_word' id='word_1_528' title='bbox 936 3315 1036 3355; x_wconf 86' lang='lat' dir='ltr'>aliud,</span> <span class='ocrx_word' id='word_1_529' title='bbox 1046 3325 1143 3358; x_wconf 84' lang='lat' dir='ltr'>quam</span> <span class='ocrx_word' id='word_1_530' title='bbox 1158 3325 1211 3357; x_wconf 84' lang='lat' dir='ltr'>per</span> <span class='ocrx_word' id='word_1_531' title='bbox 1227 3321 1231 3342; x_wconf 63' lang='grc' dir='ltr'><em>ἲ</em></span> 
     </span>
    </p>
   </div>
   <div class='ocr_carea' id='block_1_10' title="bbox 334 3364 1209 3465">
    <p class='ocr_par' dir='ltr' id='par_1_10' title="bbox 334 3364 1209 3465">
     <span class='ocr_line' id='line_1_69' title="bbox 334 3364 1209 3414; baseline -0.003 -13"><span class='ocrx_word' id='word_1_532' title='bbox 334 3369 415 3414; x_wconf 85' lang='lat' dir='ltr'>legis</span> <span class='ocrx_word' id='word_1_533' title='bbox 429 3371 534 3404; x_wconf 82' lang='lat' dir='ltr'>minas</span> <span class='ocrx_word' id='word_1_534' title='bbox 545 3368 563 3402; x_wconf 70' lang='lat' dir='ltr'>a</span> <span class='ocrx_word' id='word_1_535' title='bbox 573 3367 648 3401; x_wconf 91' lang='lat' dir='ltr'>Deo</span> <span class='ocrx_word' id='word_1_536' title='bbox 661 3367 805 3400; x_wconf 85' lang='lat' dir='ltr'>incussus</span> <span class='ocrx_word' id='word_1_537' title='bbox 820 3368 947 3410; x_wconf 86' lang='lat' dir='ltr'>spiritus</span> <span class='ocrx_word' id='word_1_538' title='bbox 961 3365 1131 3400; x_wconf 88' lang='lat' dir='ltr'>servitutis.</span> <span class='ocrx_word' id='word_1_539' title='bbox 1141 3364 1209 3398; x_wconf 84' lang='lat' dir='ltr'>Ali·</span> 
     </span>
     <span class='ocr_line' id='line_1_70' title="bbox 334 3414 1208 3465; baseline -0.001 -11"><span class='ocrx_word' id='word_1_540' title='bbox 334 3421 380 3456; x_wconf 83' lang='lat' dir='ltr'>ud</span> <span class='ocrx_word' id='word_1_541' title='bbox 392 3420 436 3457; x_wconf 87' lang='lat' dir='ltr'>est</span> <span class='ocrx_word' id='word_1_542' title='bbox 448 3419 502 3456; x_wconf 87' lang='lat' dir='ltr'>hic</span> <span class='ocrx_word' id='word_1_543' title='bbox 514 3418 579 3465; x_wconf 84' lang='lat' dir='ltr'>ipse</span> <span class='ocrx_word' id='word_1_544' title='bbox 589 3416 699 3460; x_wconf 85' lang='lat' dir='ltr'>timor,</span> <span class='ocrx_word' id='word_1_545' title='bbox 711 3416 801 3453; x_wconf 86' lang='lat' dir='ltr'>aliud</span> <span class='ocrx_word' id='word_1_546' title='bbox 811 3427 851 3451; x_wconf 87' lang='lat' dir='ltr'>ex</span> <span class='ocrx_word' id='word_1_547' title='bbox 863 3416 932 3463; x_wconf 87' lang='lat' dir='ltr'>ipso</span> <span class='ocrx_word' id='word_1_548' title='bbox 944 3424 1117 3462; x_wconf 82' lang='lat' dir='ltr'>concepta,</span> <span class='ocrx_word' id='word_1_549' title='bbox 1130 3414 1208 3453; x_wconf 62' lang='lat' dir='ltr'>licei</span> 
     </span>
    </p>
   </div>
   <div class='ocr_carea' id='block_1_11' title="bbox 318 3592 356 3614">
    <p class='ocr_par' dir='ltr' id='par_1_11' title="bbox 318 3592 356 3614">
     <span class='ocr_line' id='line_1_71' title="bbox 318 3592 356 3614; baseline 0 -11"><span class='ocrx_word' id='word_1_550' title='bbox 318 3596 325 3603; x_wconf 69' lang='grc' dir='ltr'><strong>ο</strong></span> <span class='ocrx_word' id='word_1_551' title='bbox 334 3592 356 3614; x_wconf 39' lang='grc' dir='ltr'>Δ,</span> 
     </span>
    </p>
   </div>
   <div class='ocr_carea' id='block_1_12' title="bbox 1254 538 1285 1183">
    <p class='ocr_par' dir='ltr' id='par_1_12' title="bbox 1254 538 1285 1183">
     <span class='ocr_line' id='line_1_72' title="bbox 1254 538 1285 1183; baseline 0 -88"><span class='ocrx_word' id='word_1_552' title='bbox 1254 538 1285 1183; x_wconf 95' lang='lat' dir='ltr'>    </span> 
     </span>
    </p>
   </div>
   <div class='ocr_carea' id='block_1_13' title="bbox 1293 512 2171 615">
    <p class='ocr_par' dir='ltr' id='par_1_13' title="bbox 1293 512 2171 615">
     <span class='ocr_line' id='line_1_73' title="bbox 1296 512 2171 565; baseline 0.007 -15"><span class='ocrx_word' id='word_1_553' title='bbox 1296 528 1438 560; x_wconf 79' lang='lat' dir='ltr'>ponens3</span> <span class='ocrx_word' id='word_1_554' title='bbox 1465 516 1612 558; x_wconf 79' lang='lat' dir='ltr'>Apostolus</span> <span class='ocrx_word' id='word_1_555' title='bbox 1621 516 1700 560; x_wconf 75' lang='lat' dir='ltr'>satis</span> <span class='ocrx_word' id='word_1_556' title='bbox 1708 518 1854 565; x_wconf 78' lang='lat' dir='ltr'>figmficat</span> <span class='ocrx_word' id='word_1_557' title='bbox 1866 522 1899 553; x_wconf 62' lang='lat' dir='ltr'>(v</span> <span class='ocrx_word' id='word_1_558' title='bbox 1909 521 1929 552; x_wconf 68' lang='grc' dir='ltr'><em>ἃ</em></span> <span class='ocrx_word' id='word_1_559' title='bbox 1941 512 2055 561; x_wconf 75' lang='lat' dir='ltr'>Spiritu</span> <span class='ocrx_word' id='word_1_560' title='bbox 2067 524 2171 556; x_wconf 64' lang='lat' dir='ltr'>saneto</span> 
     </span>
     <span class='ocr_line' id='line_1_74' title="bbox 1293 564 2171 615; baseline 0.008 -17"><span class='ocrx_word' id='word_1_561' title='bbox 1293 564 1368 599; x_wconf 84' lang='lat' dir='ltr'>hunc</span> <span class='ocrx_word' id='word_1_562' title='bbox 1380 572 1510 600; x_wconf 74' lang='lat' dir='ltr'>timorem</span> <span class='ocrx_word' id='word_1_563' title='bbox 1520 566 1672 610; x_wconf 56' lang='lat' dir='ltr'>proficisci,</span> <span class='ocrx_word' id='word_1_564' title='bbox 1687 569 1720 602; x_wconf 64' lang='grc' dir='ltr'><em>Θ</em></span> <span class='ocrx_word' id='word_1_565' title='bbox 1730 568 1769 601; x_wconf 83' lang='lat' dir='ltr'>ab</span> <span class='ocrx_word' id='word_1_566' title='bbox 1778 580 1810 602; x_wconf 87' lang='lat' dir='ltr'>eo</span> <span class='ocrx_word' id='word_1_567' title='bbox 1820 568 1997 613; x_wconf 79' lang='lat' dir='ltr'>quibusdam</span> <span class='ocrx_word' id='word_1_568' title='bbox 2009 572 2171 615; x_wconf 81' lang='lat' dir='ltr'>aliquando</span> 
     </span>
    </p>
   </div>
   <div class='ocr_carea' id='block_1_14' title="bbox 1286 665 2170 956">
    <p class='ocr_par' dir='ltr' id='par_1_14' title="bbox 1286 665 2170 956">
     <span class='ocr_line' id='line_1_75' title="bbox 1290 665 2170 719; baseline 0.007 -21"><span class='ocrx_word' id='word_1_569' title='bbox 1290 666 1362 711; x_wconf 75' lang='lat' dir='ltr'>Iegis</span> <span class='ocrx_word' id='word_1_570' title='bbox 1376 673 1541 710; x_wconf 77' lang='lat' dir='ltr'>accepttone</span> <span class='ocrx_word' id='word_1_571' title='bbox 1551 693 1558 700; x_wconf 97' lang='lat'>.</span> <span class='ocrx_word' id='word_1_572' title='bbox 1587 667 1713 702; x_wconf 77' lang='lat' dir='ltr'>Verum</span> <span class='ocrx_word' id='word_1_573' title='bbox 1724 665 1791 702; x_wconf 82' lang='lat' dir='ltr'>haec</span> <span class='ocrx_word' id='word_1_574' title='bbox 1801 670 1914 714; x_wconf 79' lang='lat' dir='ltr'>omnia</span> <span class='ocrx_word' id='word_1_575' title='bbox 1926 682 2058 719; x_wconf 79' lang='lat' dir='ltr'>paterga</span> <span class='ocrx_word' id='word_1_576' title='bbox 2073 672 2145 708; x_wconf 87' lang='lat' dir='ltr'>sunt</span> <span class='ocrx_word' id='word_1_577' title='bbox 2158 696 2170 716; x_wconf 83' lang='lat'>‚</span> 
     </span>
     <span class='ocr_line' id='line_1_76' title="bbox 1289 717 2168 763; baseline 0.006 -13"><span class='ocrx_word' id='word_1_578' title='bbox 1289 717 1322 750; x_wconf 78' lang='grc' dir='ltr'>ἀ</span> <span class='ocrx_word' id='word_1_579' title='bbox 1334 717 1461 760; x_wconf 86' lang='lat' dir='ltr'>quaefita</span> <span class='ocrx_word' id='word_1_580' title='bbox 1472 717 1490 750; x_wconf 70' lang='grc' dir='ltr'>ὲ</span> <span class='ocrx_word' id='word_1_581' title='bbox 1504 718 1693 761; x_wconf 84' lang='lat' dir='ltr'>principalis</span> <span class='ocrx_word' id='word_1_582' title='bbox 1704 718 1889 762; x_wconf 72' lang='lat' dir='ltr'>quaestionis</span> <span class='ocrx_word' id='word_1_583' title='bbox 1896 721 2047 763; x_wconf 62' lang='lat' dir='ltr'>examine</span> <span class='ocrx_word' id='word_1_584' title='bbox 2058 722 2168 756; x_wconf 91' lang='lat' dir='ltr'>diver-</span> 
     </span>
     <span class='ocr_line' id='line_1_77' title="bbox 1289 766 2168 813; baseline 0.008 -13"><span class='ocrx_word' id='word_1_585' title='bbox 1289 767 1390 801; x_wconf 84' lang='lat' dir='ltr'>ticula</span> <span class='ocrx_word' id='word_1_586' title='bbox 1402 792 1410 800; x_wconf 88' lang='lat'><strong>.</strong></span> <span class='ocrx_word' id='word_1_587' title='bbox 1439 766 1637 812; x_wconf 86' lang='lat' dir='ltr'>Principalis</span> <span class='ocrx_word' id='word_1_588' title='bbox 1644 768 1777 810; x_wconf 81' lang='lat' dir='ltr'>quaestio</span> <span class='ocrx_word' id='word_1_589' title='bbox 1790 769 1834 802; x_wconf 82' lang='lat' dir='ltr'>est</span> <span class='ocrx_word' id='word_1_590' title='bbox 1843 794 1855 810; x_wconf 90' lang='lat'>‚</span> <span class='ocrx_word' id='word_1_591' title='bbox 1887 780 1928 803; x_wconf 87' lang='lat' dir='ltr'>an</span> <span class='ocrx_word' id='word_1_592' title='bbox 1939 781 2088 813; x_wconf 80' lang='lat' dir='ltr'>peccator</span> <span class='ocrx_word' id='word_1_593' title='bbox 2101 772 2168 807; x_wconf 76' lang='lat' dir='ltr'>{ine</span> 
     </span>
     <span class='ocr_line' id='line_1_78' title="bbox 1287 816 2166 866; baseline 0.008 -16"><span class='ocrx_word' id='word_1_594' title='bbox 1287 816 1353 851; x_wconf 86' lang='lat' dir='ltr'>fide</span> <span class='ocrx_word' id='word_1_595' title='bbox 1368 818 1402 851; x_wconf 90' lang='lat' dir='ltr'>in</span> <span class='ocrx_word' id='word_1_596' title='bbox 1416 817 1528 852; x_wconf 88' lang='lat' dir='ltr'>Deum</span> <span class='ocrx_word' id='word_1_597' title='bbox 1538 840 1549 856; x_wconf 89' lang='lat'>‚</span> <span class='ocrx_word' id='word_1_598' title='bbox 1563 819 1615 852; x_wconf 89' lang='lat' dir='ltr'>seu</span> <span class='ocrx_word' id='word_1_599' title='bbox 1624 820 1689 853; x_wconf 80' lang='lat' dir='ltr'>fine</span> <span class='ocrx_word' id='word_1_600' title='bbox 1701 818 1787 852; x_wconf 82' lang='lat' dir='ltr'>casta</span> <span class='ocrx_word' id='word_1_601' title='bbox 1798 818 1926 862; x_wconf 65' lang='lat' dir='ltr'>adfectu</span> <span class='ocrx_word' id='word_1_602' title='bbox 1937 819 2049 863; x_wconf 63' lang='lat' dir='ltr'>[altem</span> <span class='ocrx_word' id='word_1_603' title='bbox 2072 822 2166 866; x_wconf 80' lang='lat' dir='ltr'>super</span> 
     </span>
     <span class='ocr_line' id='line_1_79' title="bbox 1286 866 2167 916; baseline 0.007 -15"><span class='ocrx_word' id='word_1_604' title='bbox 1286 868 1400 901; x_wconf 87' lang='lat' dir='ltr'>omnia</span> <span class='ocrx_word' id='word_1_605' title='bbox 1413 867 1478 901; x_wconf 92' lang='lat' dir='ltr'>Dei</span> <span class='ocrx_word' id='word_1_606' title='bbox 1491 868 1666 904; x_wconf 61' lang='lat' dir='ltr'>dilectione</span> <span class='ocrx_word' id='word_1_607' title='bbox 1677 869 1773 912; x_wconf 86' lang='lat' dir='ltr'>poffit</span> <span class='ocrx_word' id='word_1_608' title='bbox 1788 866 1907 904; x_wconf 83' lang='lat' dir='ltr'>divinae</span> <span class='ocrx_word' id='word_1_609' title='bbox 1932 869 2097 916; x_wconf 70' lang='lat' dir='ltr'>Maiestati</span> <span class='ocrx_word' id='word_1_610' title='bbox 2119 883 2167 907; x_wconf 81' lang='lat' dir='ltr'>re·</span> 
     </span>
     <span class='ocr_line' id='line_1_80' title="bbox 1286 917 2167 956; baseline 0.006 -5"><span class='ocrx_word' id='word_1_611' title='bbox 1286 918 1481 952; x_wconf 85' lang='lat' dir='ltr'>conciliari?</span> <span class='ocrx_word' id='word_1_612' title='bbox 1503 917 1634 953; x_wconf 85' lang='lat' dir='ltr'>Partem</span> <span class='ocrx_word' id='word_1_613' title='bbox 1645 919 1885 954; x_wconf 83' lang='lat' dir='ltr'>adfirmativam</span> <span class='ocrx_word' id='word_1_614' title='bbox 1907 919 2095 956; x_wconf 79' lang='lat' dir='ltr'>constanter</span> <span class='ocrx_word' id='word_1_615' title='bbox 2111 921 2167 956; x_wconf 71' lang='lat' dir='ltr'>ad·</span> 
     </span>
    </p>
   </div>
   <div class='ocr_carea' id='block_1_15' title="bbox 1285 967 2228 1016">
    <p class='ocr_par' dir='ltr' id='par_1_15' title="bbox 1285 967 2228 1016">
     <span class='ocr_line' id='line_1_81' title="bbox 1285 967 2228 1016; baseline 0.005 -16"><span class='ocrx_word' id='word_1_616' title='bbox 1285 967 1393 1002; x_wconf 84' lang='lat' dir='ltr'>severo</span> <span class='ocrx_word' id='word_1_617' title='bbox 1404 969 1471 1002; x_wconf 87' lang='lat' dir='ltr'>esse</span> <span class='ocrx_word' id='word_1_618' title='bbox 1483 968 1691 1004; x_wconf 89' lang='lat' dir='ltr'>immobilem</span> <span class='ocrx_word' id='word_1_619' title='bbox 1702 969 1779 1003; x_wconf 83' lang='lat' dir='ltr'>fidei</span> <span class='ocrx_word' id='word_1_620' title='bbox 1793 969 1955 1004; x_wconf 67' lang='lat' dir='ltr'>Romanae</span> <span class='ocrx_word' id='word_1_621' title='bbox 1966 970 2143 1005; x_wconf 87' lang='lat' dir='ltr'>articulum</span> <span class='ocrx_word' id='word_1_622' title='bbox 2153 995 2167 1016; x_wconf 47' lang='lat'>2</span> <span class='ocrx_word' id='word_1_623' title='bbox 2222 975 2228 980; x_wconf 82' lang='lat'><em>’</em></span> 
     </span>
    </p>
   </div>
   <div class='ocr_carea' id='block_1_16' title="bbox 1273 1017 2168 1711">
    <p class='ocr_par' dir='ltr' id='par_1_16' title="bbox 1273 1017 2168 1711">
     <span class='ocr_line' id='line_1_82' title="bbox 1283 1017 2166 1062; baseline 0.003 -11"><span class='ocrx_word' id='word_1_624' title='bbox 1283 1017 1326 1051; x_wconf 87' lang='lat' dir='ltr'>de</span> <span class='ocrx_word' id='word_1_625' title='bbox 1335 1028 1402 1061; x_wconf 90' lang='lat' dir='ltr'>quo</span> <span class='ocrx_word' id='word_1_626' title='bbox 1414 1018 1511 1062; x_wconf 87' lang='lat' dir='ltr'>usque</span> <span class='ocrx_word' id='word_1_627' title='bbox 1520 1019 1562 1053; x_wconf 90' lang='lat' dir='ltr'>ad</span> <span class='ocrx_word' id='word_1_628' title='bbox 1574 1018 1794 1056; x_wconf 86' lang='lat' dir='ltr'>Melchiorem</span> <span class='ocrx_word' id='word_1_629' title='bbox 1807 1021 1939 1054; x_wconf 83' lang='lat' dir='ltr'>Canum</span> <span class='ocrx_word' id='word_1_630' title='bbox 1952 1032 2051 1056; x_wconf 88' lang='lat' dir='ltr'>nemo</span> <span class='ocrx_word' id='word_1_631' title='bbox 2061 1021 2166 1056; x_wconf 78' lang='lat' dir='ltr'>fidelis</span> 
     </span>
     <span class='ocr_line' id='line_1_83' title="bbox 1282 1067 2168 1114; baseline 0.007 -13"><span class='ocrx_word' id='word_1_632' title='bbox 1282 1067 1447 1102; x_wconf 85' lang='lat' dir='ltr'>dubitavit</span> <span class='ocrx_word' id='word_1_633' title='bbox 1457 1092 1466 1101; x_wconf 90' lang='lat'><strong>.</strong></span> <span class='ocrx_word' id='word_1_634' title='bbox 1494 1069 1738 1104; x_wconf 87' lang='lat' dir='ltr'>Curaccusator</span> <span class='ocrx_word' id='word_1_635' title='bbox 1750 1081 1809 1113; x_wconf 87' lang='lat' dir='ltr'>pro</span> <span class='ocrx_word' id='word_1_636' title='bbox 1823 1070 1883 1104; x_wconf 87' lang='lat' dir='ltr'>suae</span> <span class='ocrx_word' id='word_1_637' title='bbox 1904 1071 2026 1106; x_wconf 86' lang='lat' dir='ltr'>servilis</span> <span class='ocrx_word' id='word_1_638' title='bbox 2047 1071 2168 1114; x_wconf 42' lang='lat' dir='ltr'>attriti&amp;</span> 
     </span>
     <span class='ocr_line' id='line_1_84' title="bbox 1279 1117 2164 1161; baseline 0.009 -11"><span class='ocrx_word' id='word_1_639' title='bbox 1279 1118 1356 1151; x_wconf 85' lang='lat' dir='ltr'>onis</span> <span class='ocrx_word' id='word_1_640' title='bbox 1366 1117 1678 1161; x_wconf 84' lang='lat' dir='ltr'>adjustificationem</span> <span class='ocrx_word' id='word_1_641' title='bbox 1688 1120 1877 1158; x_wconf 84' lang='lat' dir='ltr'>sufficientia</span> <span class='ocrx_word' id='word_1_642' title='bbox 1890 1120 2018 1155; x_wconf 84' lang='lat' dir='ltr'>nullum</span> <span class='ocrx_word' id='word_1_643' title='bbox 2029 1121 2164 1158; x_wconf 82' lang='lat' dir='ltr'>adducit</span> 
     </span>
     <span class='ocr_line' id='line_1_85' title="bbox 1280 1168 2163 1215; baseline 0.006 -14"><span class='ocrx_word' id='word_1_644' title='bbox 1280 1168 1476 1211; x_wconf 82' lang='lat' dir='ltr'>Prophetam</span> <span class='ocrx_word' id='word_1_645' title='bbox 1489 1191 1500 1208; x_wconf 92' lang='lat'><strong>,</strong></span> <span class='ocrx_word' id='word_1_646' title='bbox 1513 1169 1641 1206; x_wconf 78' lang='lat' dir='ltr'>nullutn</span> <span class='ocrx_word' id='word_1_647' title='bbox 1651 1170 1896 1214; x_wconf 15' lang='lat' dir='ltr'>Ervangelistam</span> <span class='ocrx_word' id='word_1_648' title='bbox 1908 1194 1921 1212; x_wconf 86' lang='lat'>‚</span> <span class='ocrx_word' id='word_1_649' title='bbox 1931 1171 2058 1208; x_wconf 88' lang='lat' dir='ltr'>nullum</span> <span class='ocrx_word' id='word_1_650' title='bbox 2071 1172 2163 1215; x_wconf 69' lang='lat' dir='ltr'>Apo·</span> 
     </span>
     <span class='ocr_line' id='line_1_86' title="bbox 1277 1218 2162 1258; baseline 0.006 -8"><span class='ocrx_word' id='word_1_651' title='bbox 1277 1218 1398 1252; x_wconf 85' lang='lat' dir='ltr'>stolum</span> <span class='ocrx_word' id='word_1_652' title='bbox 1411 1243 1421 1258; x_wconf 91' lang='lat'><em>,</em></span> <span class='ocrx_word' id='word_1_653' title='bbox 1445 1218 1572 1252; x_wconf 88' lang='lat' dir='ltr'>nullum</span> <span class='ocrx_word' id='word_1_654' title='bbox 1587 1218 1734 1254; x_wconf 80' lang='lat' dir='ltr'>Ecclefiae</span> <span class='ocrx_word' id='word_1_655' title='bbox 1746 1219 1881 1253; x_wconf 84' lang='lat' dir='ltr'>Patrem</span> <span class='ocrx_word' id='word_1_656' title='bbox 1890 1219 2106 1258; x_wconf 56' lang='lat' dir='ltr'>„Christianae</span> <span class='ocrx_word' id='word_1_657' title='bbox 2116 1222 2162 1258; x_wconf 84' lang='lat' dir='ltr'>sa·</span> 
     </span>
     <span class='ocr_line' id='line_1_87' title="bbox 1278 1268 2162 1314; baseline 0.001 -12"><span class='ocrx_word' id='word_1_658' title='bbox 1278 1268 1406 1310; x_wconf 81' lang='lat' dir='ltr'>pientiae</span> <span class='ocrx_word' id='word_1_659' title='bbox 1417 1292 1428 1309; x_wconf 88' lang='lat'><em>‚</em></span> <span class='ocrx_word' id='word_1_660' title='bbox 1455 1279 1552 1312; x_wconf 86' lang='lat' dir='ltr'>quam</span> <span class='ocrx_word' id='word_1_661' title='bbox 1570 1270 1739 1312; x_wconf 84' lang='lat' dir='ltr'>pacificam</span> <span class='ocrx_word' id='word_1_662' title='bbox 1754 1270 1821 1303; x_wconf 76' lang='lat' dir='ltr'>esse</span> <span class='ocrx_word' id='word_1_663' title='bbox 1838 1279 1937 1314; x_wconf 81' lang='lat' dir='ltr'>atque</span> <span class='ocrx_word' id='word_1_664' title='bbox 1955 1268 2135 1304; x_wconf 84' lang='lat' dir='ltr'>sensibilem</span> <span class='ocrx_word' id='word_1_665' title='bbox 2147 1293 2162 1311; x_wconf 85' lang='lat'>‚</span> 
     </span>
     <span class='ocr_line' id='line_1_88' title="bbox 1277 1314 2161 1364; baseline 0.005 -14"><span class='ocrx_word' id='word_1_666' title='bbox 1277 1318 1411 1353; x_wconf 82' lang='lat' dir='ltr'>mandat</span> <span class='ocrx_word' id='word_1_667' title='bbox 1418 1314 1544 1352; x_wconf 73' lang='lat' dir='ltr'>sanstus</span> <span class='ocrx_word' id='word_1_668' title='bbox 1553 1318 1691 1363; x_wconf 69' lang='lat' dir='ltr'>lacobus</span> <span class='ocrx_word' id='word_1_669' title='bbox 1704 1318 1897 1364; x_wconf 82' lang='lat' dir='ltr'>Apostolus,</span> <span class='ocrx_word' id='word_1_670' title='bbox 1910 1320 2028 1362; x_wconf 86' lang='lat' dir='ltr'>semper</span> <span class='ocrx_word' id='word_1_671' title='bbox 2039 1331 2080 1354; x_wconf 84' lang='lat' dir='ltr'>ex</span> <span class='ocrx_word' id='word_1_672' title='bbox 2093 1318 2161 1357; x_wconf 89' lang='lat' dir='ltr'>Dei</span> 
     </span>
     <span class='ocr_line' id='line_1_89' title="bbox 1276 1366 2159 1412; baseline 0.001 -10"><span class='ocrx_word' id='word_1_673' title='bbox 1276 1370 1449 1402; x_wconf 86' lang='lat' dir='ltr'>miserante</span> <span class='ocrx_word' id='word_1_674' title='bbox 1460 1369 1563 1412; x_wconf 86' lang='lat' dir='ltr'>gratia</span> <span class='ocrx_word' id='word_1_675' title='bbox 1589 1370 1710 1412; x_wconf 84' lang='lat' dir='ltr'>sperem</span> <span class='ocrx_word' id='word_1_676' title='bbox 1724 1369 1790 1403; x_wconf 83' lang='lat' dir='ltr'>esse</span> <span class='ocrx_word' id='word_1_677' title='bbox 1802 1368 1959 1403; x_wconf 88' lang='lat' dir='ltr'>obediens</span> <span class='ocrx_word' id='word_1_678' title='bbox 1979 1380 2019 1403; x_wconf 79' lang='lat' dir='ltr'>nc</span> <span class='ocrx_word' id='word_1_679' title='bbox 2034 1366 2159 1411; x_wconf 69' lang='lat' dir='ltr'>Rudin-</span> 
     </span>
     <span class='ocr_line' id='line_1_90' title="bbox 1276 1418 2160 1462; baseline 0.003 -11"><span class='ocrx_word' id='word_1_680' title='bbox 1276 1419 1336 1451; x_wconf 87' lang='lat' dir='ltr'>sus:</span> <span class='ocrx_word' id='word_1_681' title='bbox 1361 1418 1435 1453; x_wconf 92' lang='lat' dir='ltr'>Ubi</span> <span class='ocrx_word' id='word_1_682' title='bbox 1450 1429 1507 1462; x_wconf 90' lang='lat' dir='ltr'>pro</span> <span class='ocrx_word' id='word_1_683' title='bbox 1522 1419 1579 1452; x_wconf 80' lang='lat' dir='ltr'>issa</span> <span class='ocrx_word' id='word_1_684' title='bbox 1588 1420 1761 1453; x_wconf 83' lang='lat' dir='ltr'>attritione</span> <span class='ocrx_word' id='word_1_685' title='bbox 1774 1419 1982 1461; x_wconf 76' lang='lat' dir='ltr'>authenticos</span> <span class='ocrx_word' id='word_1_686' title='bbox 1997 1418 2093 1462; x_wconf 77' lang='lat' dir='ltr'>testes</span> <span class='ocrx_word' id='word_1_687' title='bbox 2105 1429 2160 1458; x_wconf 74' lang='lat' dir='ltr'>au·</span> 
     </span>
     <span class='ocr_line' id='line_1_91' title="bbox 1273 1467 2156 1515; baseline 0 -13"><span class='ocrx_word' id='word_1_688' title='bbox 1273 1468 1380 1508; x_wconf 89' lang='lat' dir='ltr'>diero,</span> <span class='ocrx_word' id='word_1_689' title='bbox 1391 1467 1424 1501; x_wconf 93' lang='lat' dir='ltr'>di</span> <span class='ocrx_word' id='word_1_690' title='bbox 1432 1470 1514 1502; x_wconf 82' lang='lat' dir='ltr'>scam</span> <span class='ocrx_word' id='word_1_691' title='bbox 1527 1469 1678 1509; x_wconf 84' lang='lat' dir='ltr'>libenter,</span> <span class='ocrx_word' id='word_1_692' title='bbox 1689 1469 1723 1503; x_wconf 75' lang='grc' dir='ltr'>δε</span> <span class='ocrx_word' id='word_1_693' title='bbox 1747 1469 1910 1504; x_wconf 88' lang='lat' dir='ltr'>beneficio</span> <span class='ocrx_word' id='word_1_694' title='bbox 1920 1469 2042 1513; x_wconf 81' lang='lat' dir='ltr'>gratias</span> <span class='ocrx_word' id='word_1_695' title='bbox 2051 1468 2156 1515; x_wconf 76' lang='lat' dir='ltr'>dabo.</span> 
     </span>
     <span class='ocr_line' id='line_1_92' title="bbox 1275 1517 2162 1562; baseline 0.001 -10"><span class='ocrx_word' id='word_1_696' title='bbox 1275 1518 1374 1552; x_wconf 72' lang='lat' dir='ltr'>Certe</span> <span class='ocrx_word' id='word_1_697' title='bbox 1383 1518 1586 1552; x_wconf 81' lang='lat' dir='ltr'>Tridentina</span> <span class='ocrx_word' id='word_1_698' title='bbox 1595 1519 1750 1562; x_wconf 85' lang='lat' dir='ltr'>Synodus</span> <span class='ocrx_word' id='word_1_699' title='bbox 1762 1518 1804 1552; x_wconf 84' lang='lat' dir='ltr'>ab</span> <span class='ocrx_word' id='word_1_700' title='bbox 1815 1520 1902 1553; x_wconf 86' lang='lat' dir='ltr'>avita</span> <span class='ocrx_word' id='word_1_701' title='bbox 1917 1517 2068 1560; x_wconf 77' lang='lat' dir='ltr'>patrum,</span> <span class='ocrx_word' id='word_1_702' title='bbox 2079 1518 2162 1554; x_wconf 73' lang='lat' dir='ltr'>Pro-</span> 
     </span>
     <span class='ocr_line' id='line_1_93' title="bbox 1275 1568 2159 1615; baseline 0.006 -14"><span class='ocrx_word' id='word_1_703' title='bbox 1275 1568 1443 1611; x_wconf 82' lang='lat' dir='ltr'>phetarum</span> <span class='ocrx_word' id='word_1_704' title='bbox 1459 1592 1469 1609; x_wconf 89' lang='lat'>,</span> <span class='ocrx_word' id='word_1_705' title='bbox 1491 1569 1524 1602; x_wconf 74' lang='grc' dir='ltr'>ἀ</span> <span class='ocrx_word' id='word_1_706' title='bbox 1537 1568 1774 1612; x_wconf 81' lang='lat' dir='ltr'>Apostolorum</span> <span class='ocrx_word' id='word_1_707' title='bbox 1799 1568 1945 1605; x_wconf 61' lang='lat' dir='ltr'>doctrina</span> <span class='ocrx_word' id='word_1_708' title='bbox 1962 1581 2032 1605; x_wconf 81' lang='lat' dir='ltr'>non</span> <span class='ocrx_word' id='word_1_709' title='bbox 2047 1568 2159 1615; x_wconf 19' lang='lat' dir='ltr'>potest*</span> 
     </span>
     <span class='ocr_line' id='line_1_94' title="bbox 1275 1619 2067 1653; baseline 0.001 -1"><span class='ocrx_word' id='word_1_710' title='bbox 1275 1619 1429 1653; x_wconf 72' lang='lat' dir='ltr'>recessisse</span> <span class='ocrx_word' id='word_1_711' title='bbox 1442 1642 1450 1650; x_wconf 88' lang='lat'>.</span> <span class='ocrx_word' id='word_1_712' title='bbox 2008 1635 2010 1638; x_wconf 93' lang='lat'>·</span> <span class='ocrx_word' id='word_1_713' title='bbox 2066 1646 2067 1649; x_wconf 18' lang='grc' dir='ltr'>η</span> 
     </span>
     <span class='ocr_line' id='line_1_95' title="bbox 1493 1666 1967 1711; baseline 0.008 -9"><span class='ocrx_word' id='word_1_714' title='bbox 1493 1666 1644 1711; x_wconf 80' lang='lat' dir='ltr'>Accusatlo</span> <span class='ocrx_word' id='word_1_715' title='bbox 1655 1669 1810 1706; x_wconf 79' lang='lat' dir='ltr'>undecima</span> <span class='ocrx_word' id='word_1_716' title='bbox 1821 1669 1949 1707; x_wconf 72' lang='lat' dir='ltr'>diluitur</span> <span class='ocrx_word' id='word_1_717' title='bbox 1959 1693 1967 1706; x_wconf 64' lang='grc' dir='ltr'>ι,</span> 
     </span>
    </p>
   </div>
   <div class='ocr_carea' id='block_1_17' title="bbox 1270 1765 2158 3104">
    <p class='ocr_par' dir='ltr' id='par_1_17' title="bbox 1270 1765 2158 3104">
     <span class='ocr_line' id='line_1_96' title="bbox 1355 1765 2156 1812; baseline 0.001 -10"><span class='ocrx_word' id='word_1_718' title='bbox 1355 1767 1515 1802; x_wconf 69' lang='grc' dir='ltr'>Ετΐεὲὶιω</span> <span class='ocrx_word' id='word_1_719' title='bbox 1523 1765 1716 1803; x_wconf 84' lang='lat' dir='ltr'>charitatem</span> <span class='ocrx_word' id='word_1_720' title='bbox 1739 1768 1841 1812; x_wconf 77' lang='lat' dir='ltr'>scripsi</span> <span class='ocrx_word' id='word_1_721' title='bbox 1864 1768 1932 1802; x_wconf 88' lang='lat' dir='ltr'>esse</span> <span class='ocrx_word' id='word_1_722' title='bbox 1954 1767 2046 1802; x_wconf 85' lang='lat' dir='ltr'>illam</span> <span class='ocrx_word' id='word_1_723' title='bbox 2059 1791 2072 1809; x_wconf 92' lang='lat'>‚</span> <span class='ocrx_word' id='word_1_724' title='bbox 2090 1778 2156 1812; x_wconf 74' lang='lat' dir='ltr'>qua</span> 
     </span>
     <span class='ocr_line' id='line_1_97' title="bbox 1371 1817 2156 1863; baseline 0.004 -14"><span class='ocrx_word' id='word_1_725' title='bbox 1371 1817 1476 1850; x_wconf 85' lang='lat' dir='ltr'>homo</span> <span class='ocrx_word' id='word_1_726' title='bbox 1487 1818 1652 1863; x_wconf 85' lang='lat' dir='ltr'>patienter</span> <span class='ocrx_word' id='word_1_727' title='bbox 1662 1818 1741 1852; x_wconf 84' lang='lat' dir='ltr'>vivit</span> <span class='ocrx_word' id='word_1_728' title='bbox 1750 1830 1788 1851; x_wconf 90' lang='lat' dir='ltr'>ac</span> <span class='ocrx_word' id='word_1_729' title='bbox 1798 1817 2035 1852; x_wconf 63' lang='lat' dir='ltr'>delectabiliter</span> <span class='ocrx_word' id='word_1_730' title='bbox 2057 1819 2156 1852; x_wconf 85' lang='lat' dir='ltr'>mori-</span> 
     </span>
     <span class='ocr_line' id='line_1_98' title="bbox 1275 1867 2156 1912; baseline 0.003 -12"><span class='ocrx_word' id='word_1_731' title='bbox 1275 1877 1338 1906; x_wconf 91' lang='lat' dir='ltr'>rur‚</span> <span class='ocrx_word' id='word_1_732' title='bbox 1349 1876 1486 1910; x_wconf 77' lang='lat' dir='ltr'>quaeque</span> <span class='ocrx_word' id='word_1_733' title='bbox 1499 1877 1558 1900; x_wconf 88' lang='lat' dir='ltr'>nos</span> <span class='ocrx_word' id='word_1_734' title='bbox 1570 1867 1588 1900; x_wconf 74' lang='lat' dir='ltr'>a</span> <span class='ocrx_word' id='word_1_735' title='bbox 1598 1867 1721 1903; x_wconf 69' lang='lat' dir='ltr'>cunctis</span> <span class='ocrx_word' id='word_1_736' title='bbox 1734 1867 1929 1912; x_wconf 76' lang='lat' dir='ltr'>ingeneratae</span> <span class='ocrx_word' id='word_1_737' title='bbox 1939 1867 2087 1902; x_wconf 78' lang='lat' dir='ltr'>libidinis</span> <span class='ocrx_word' id='word_1_738' title='bbox 2099 1867 2156 1902; x_wconf 87' lang='lat' dir='ltr'>ad·</span> 
     </span>
     <span class='ocr_line' id='line_1_99' title="bbox 1275 1915 2156 1962; baseline 0.002 -13"><span class='ocrx_word' id='word_1_739' title='bbox 1275 1916 1394 1949; x_wconf 71' lang='lat' dir='ltr'>haefivis</span> <span class='ocrx_word' id='word_1_740' title='bbox 1417 1915 1595 1950; x_wconf 77' lang='lat' dir='ltr'>assensibus</span> <span class='ocrx_word' id='word_1_741' title='bbox 1615 1917 1715 1953; x_wconf 85' lang='lat' dir='ltr'>solvit</span> <span class='ocrx_word' id='word_1_742' title='bbox 1742 1929 1780 1951; x_wconf 87' lang='lat' dir='ltr'>ac</span> <span class='ocrx_word' id='word_1_743' title='bbox 1802 1928 1918 1962; x_wconf 86' lang='lat' dir='ltr'>purgat</span> <span class='ocrx_word' id='word_1_744' title='bbox 1929 1940 1937 1949; x_wconf 88' lang='lat'><strong>.</strong></span> <span class='ocrx_word' id='word_1_745' title='bbox 1970 1916 2048 1960; x_wconf 85' lang='lat' dir='ltr'>Ejus</span> <span class='ocrx_word' id='word_1_746' title='bbox 2071 1917 2156 1951; x_wconf 76' lang='lat' dir='ltr'>vires</span> 
     </span>
     <span class='ocr_line' id='line_1_100' title="bbox 1274 1965 2153 2014; baseline 0 -14"><span class='ocrx_word' id='word_1_747' title='bbox 1274 1965 1403 2000; x_wconf 74' lang='lat' dir='ltr'>abunde</span> <span class='ocrx_word' id='word_1_748' title='bbox 1416 1966 1563 2009; x_wconf 81' lang='lat' dir='ltr'>exposui,</span> <span class='ocrx_word' id='word_1_749' title='bbox 1575 1966 1656 2001; x_wconf 70' lang='lat' dir='ltr'>reste</span> <span class='ocrx_word' id='word_1_750' title='bbox 1665 1966 1848 2014; x_wconf 83' lang='lat' dir='ltr'>adjungens</span> <span class='ocrx_word' id='word_1_751' title='bbox 1858 1991 1865 1999; x_wconf 93' lang='lat'><em>.</em></span> <span class='ocrx_word' id='word_1_752' title='bbox 1893 1970 2049 2009; x_wconf 74' lang='lat' dir='ltr'>Expertus</span> <span class='ocrx_word' id='word_1_753' title='bbox 2055 1965 2153 2010; x_wconf 74' lang='lat' dir='ltr'>potest</span> 
     </span>
     <span class='ocr_line' id='line_1_101' title="bbox 1275 2015 2154 2061; baseline 0.005 -11"><span class='ocrx_word' id='word_1_754' title='bbox 1275 2018 1393 2050; x_wconf 73' lang='lat' dir='ltr'>credere</span> <span class='ocrx_word' id='word_1_755' title='bbox 1403 2040 1413 2056; x_wconf 90' lang='lat'>‚</span> <span class='ocrx_word' id='word_1_756' title='bbox 1433 2018 1508 2058; x_wconf 65' lang='lat' dir='ltr'>quid</span> <span class='ocrx_word' id='word_1_757' title='bbox 1510 2015 1550 2057; x_wconf 79' lang='lat' dir='ltr'>sit</span> <span class='ocrx_word' id='word_1_758' title='bbox 1554 2019 1588 2061; x_wconf 85' lang='lat' dir='ltr'><em>J</em></span> <span class='ocrx_word' id='word_1_759' title='bbox 1590 2015 1668 2060; x_wconf 79' lang='lat' dir='ltr'>esum</span> <span class='ocrx_word' id='word_1_760' title='bbox 1679 2018 1801 2061; x_wconf 72' lang='lat' dir='ltr'>diligere</span> <span class='ocrx_word' id='word_1_761' title='bbox 1810 2041 1817 2049; x_wconf 94' lang='lat'><strong>.</strong></span> <span class='ocrx_word' id='word_1_762' title='bbox 1844 2017 1954 2051; x_wconf 86' lang='lat' dir='ltr'>Hasce</span> <span class='ocrx_word' id='word_1_763' title='bbox 1965 2017 2057 2052; x_wconf 87' lang='lat' dir='ltr'>enim</span> <span class='ocrx_word' id='word_1_764' title='bbox 2069 2018 2154 2054; x_wconf 79' lang='lat' dir='ltr'>vires</span> 
     </span>
     <span class='ocr_line' id='line_1_102' title="bbox 1274 2066 2155 2111; baseline 0 -11"><span class='ocrx_word' id='word_1_765' title='bbox 1274 2066 1371 2100; x_wconf 85' lang='lat' dir='ltr'>video</span> <span class='ocrx_word' id='word_1_766' title='bbox 1381 2069 1477 2100; x_wconf 88' lang='lat' dir='ltr'>etiam</span> <span class='ocrx_word' id='word_1_767' title='bbox 1490 2077 1557 2100; x_wconf 86' lang='lat' dir='ltr'>non</span> <span class='ocrx_word' id='word_1_768' title='bbox 1569 2066 1642 2110; x_wconf 80' lang='lat' dir='ltr'>capi</span> <span class='ocrx_word' id='word_1_769' title='bbox 1652 2066 1694 2102; x_wconf 91' lang='lat' dir='ltr'>ab</span> <span class='ocrx_word' id='word_1_770' title='bbox 1714 2067 1914 2102; x_wconf 84' lang='lat' dir='ltr'>Accusatore</span> <span class='ocrx_word' id='word_1_771' title='bbox 1924 2091 1936 2108; x_wconf 92' lang='lat'>,</span> <span class='ocrx_word' id='word_1_772' title='bbox 1955 2067 1990 2103; x_wconf 86' lang='lat' dir='ltr'>in</span> <span class='ocrx_word' id='word_1_773' title='bbox 2011 2077 2065 2102; x_wconf 85' lang='lat' dir='ltr'>me</span> <span class='ocrx_word' id='word_1_774' title='bbox 2087 2077 2155 2111; x_wconf 87' lang='lat' dir='ltr'>per·</span> 
     </span>
     <span class='ocr_line' id='line_1_103' title="bbox 1275 2114 2158 2160; baseline 0.001 -11"><span class='ocrx_word' id='word_1_775' title='bbox 1275 2127 1374 2160; x_wconf 88' lang='lat' dir='ltr'>gente</span> <span class='ocrx_word' id='word_1_776' title='bbox 1386 2129 1394 2149; x_wconf 77' lang='lat' dir='ltr'><strong><em>z</em></strong></span> <span class='ocrx_word' id='word_1_777' title='bbox 1421 2114 1528 2158; x_wconf 75' lang='lat' dir='ltr'>Sensus</span> <span class='ocrx_word' id='word_1_778' title='bbox 1547 2115 1637 2157; x_wconf 83' lang='lat' dir='ltr'>hujus</span> <span class='ocrx_word' id='word_1_779' title='bbox 1658 2117 1847 2158; x_wconf 70' lang='lat' dir='ltr'>Autbortt&#39;efi</span> <span class='ocrx_word' id='word_1_780' title='bbox 1857 2142 1868 2156; x_wconf 85' lang='lat'>‚</span> <span class='ocrx_word' id='word_1_781' title='bbox 1891 2118 1976 2160; x_wconf 72' lang='lat' dir='ltr'>quod.</span> <span class='ocrx_word' id='word_1_782' title='bbox 1991 2124 2128 2160; x_wconf 79' lang='lat' dir='ltr'>peccator</span> <span class='ocrx_word' id='word_1_783' title='bbox 2144 2139 2158 2160; x_wconf 78' lang='lat'>,</span> 
     </span>
     <span class='ocr_line' id='line_1_104' title="bbox 1276 2165 2154 2211; baseline 0 -12"><span class='ocrx_word' id='word_1_784' title='bbox 1276 2167 1537 2209; x_wconf 84' lang='lat' dir='ltr'>quomodocumque</span> <span class='ocrx_word' id='word_1_785' title='bbox 1547 2167 1665 2201; x_wconf 68' lang='lat' dir='ltr'>demum</span> <span class='ocrx_word' id='word_1_786' title='bbox 1673 2178 1712 2200; x_wconf 82' lang='lat' dir='ltr'>ex</span> <span class='ocrx_word' id='word_1_787' title='bbox 1735 2178 1832 2203; x_wconf 76' lang='lat' dir='ltr'>amore</span> <span class='ocrx_word' id='word_1_788' title='bbox 1843 2170 1901 2201; x_wconf 78' lang='lat' dir='ltr'>Det</span> <span class='ocrx_word' id='word_1_789' title='bbox 1909 2191 1921 2208; x_wconf 86' lang='lat'>‚</span> <span class='ocrx_word' id='word_1_790' title='bbox 1934 2168 1971 2211; x_wconf 32' lang='grc' dir='ltr'>,Θ</span> <span class='ocrx_word' id='word_1_791' title='bbox 1991 2165 2154 2210; x_wconf 60' lang='lat' dir='ltr'>quantum-</span> 
     </span>
     <span class='ocr_line' id='line_1_105' title="bbox 1276 2215 2154 2265; baseline 0.006 -18"><span class='ocrx_word' id='word_1_792' title='bbox 1276 2226 1397 2258; x_wconf 82' lang='lat' dir='ltr'>cumque</span> <span class='ocrx_word' id='word_1_793' title='bbox 1409 2217 1446 2248; x_wconf 87' lang='lat' dir='ltr'>de</span> <span class='ocrx_word' id='word_1_794' title='bbox 1452 2220 1582 2256; x_wconf 75' lang='lat' dir='ltr'>peccatis</span> <span class='ocrx_word' id='word_1_795' title='bbox 1593 2218 1692 2260; x_wconf 69' lang='lat' dir='ltr'>doleat</span> <span class='ocrx_word' id='word_1_796' title='bbox 1701 2240 1712 2256; x_wconf 87' lang='lat'>‚</span> <span class='ocrx_word' id='word_1_797' title='bbox 1726 2228 1785 2249; x_wconf 82' lang='lat' dir='ltr'>non</span> <span class='ocrx_word' id='word_1_798' title='bbox 1793 2218 1876 2258; x_wconf 78' lang='lat' dir='ltr'>possit</span> <span class='ocrx_word' id='word_1_799' title='bbox 1888 2215 2154 2265; x_wconf 55' lang='lat' dir='ltr'>tammfimfflu-</span> 
     </span>
     <span class='ocr_line' id='line_1_106' title="bbox 1275 2263 2152 2310; baseline -0.005 -12"><span class='ocrx_word' id='word_1_800' title='bbox 1275 2266 1334 2298; x_wconf 67' lang='lat' dir='ltr'>alis</span> <span class='ocrx_word' id='word_1_801' title='bbox 1345 2267 1533 2298; x_wconf 66' lang='lat' dir='ltr'>Sacramenta·</span> <span class='ocrx_word' id='word_1_802' title='bbox 1540 2263 1679 2307; x_wconf 68' lang='lat' dir='ltr'>consortio</span> <span class='ocrx_word' id='word_1_803' title='bbox 1682 2265 1849 2308; x_wconf 70' lang='lat' dir='ltr'>justificari,</span> <span class='ocrx_word' id='word_1_804' title='bbox 1853 2265 1885 2307; x_wconf 84' lang='lat' dir='ltr'><em>fi</em></span> <span class='ocrx_word' id='word_1_805' title='bbox 1890 2279 1962 2310; x_wconf 80' lang='lat' dir='ltr'>erga</span> <span class='ocrx_word' id='word_1_806' title='bbox 1971 2279 2037 2300; x_wconf 63' lang='lat' dir='ltr'>rem,</span> <span class='ocrx_word' id='word_1_807' title='bbox 2046 2278 2152 2309; x_wconf 68' lang='lat' dir='ltr'>quam.</span> 
     </span>
     <span class='ocr_line' id='line_1_107' title="bbox 1273 2313 2150 2361; baseline 0 -13"><span class='ocrx_word' id='word_1_808' title='bbox 1273 2322 1359 2358; x_wconf 74' lang='lat' dir='ltr'>piam</span> <span class='ocrx_word' id='word_1_809' title='bbox 1368 2322 1499 2348; x_wconf 80' lang='lat' dir='ltr'>creatam</span> <span class='ocrx_word' id='word_1_810' title='bbox 1503 2313 1543 2356; x_wconf 85' lang='lat' dir='ltr'>fic</span> <span class='ocrx_word' id='word_1_811' title='bbox 1552 2316 1696 2356; x_wconf 71' lang='lat' dir='ltr'>afficiatur</span> <span class='ocrx_word' id='word_1_812' title='bbox 1707 2340 1718 2356; x_wconf 87' lang='lat'><strong>,</strong></span> <span class='ocrx_word' id='word_1_813' title='bbox 1742 2325 1775 2349; x_wconf 82' lang='lat' dir='ltr'>ut</span> <span class='ocrx_word' id='word_1_814' title='bbox 1787 2316 1872 2348; x_wconf 78' lang='lat' dir='ltr'>illam</span> <span class='ocrx_word' id='word_1_815' title='bbox 1894 2327 1959 2348; x_wconf 88' lang='lat' dir='ltr'>cum</span> <span class='ocrx_word' id='word_1_816' title='bbox 1979 2316 2079 2361; x_wconf 78' lang='lat' dir='ltr'>aliquo</span> <span class='ocrx_word' id='word_1_817' title='bbox 2098 2317 2150 2348; x_wconf 84' lang='lat' dir='ltr'>do·</span> 
     </span>
     <span class='ocr_line' id='line_1_108' title="bbox 1275 2360 2151 2408; baseline 0.001 -11"><span class='ocrx_word' id='word_1_818' title='bbox 1275 2368 1346 2398; x_wconf 83' lang='lat' dir='ltr'>loris</span> <span class='ocrx_word' id='word_1_819' title='bbox 1364 2363 1451 2408; x_wconf 85' lang='lat' dir='ltr'>sensu</span> <span class='ocrx_word' id='word_1_820' title='bbox 1462 2360 1614 2400; x_wconf 72' lang='lat' dir='ltr'>amitteret</span> <span class='ocrx_word' id='word_1_821' title='bbox 1639 2389 1651 2406; x_wconf 90' lang='lat'>‚</span> <span class='ocrx_word' id='word_1_822' title='bbox 1670 2367 1721 2399; x_wconf 85' lang='lat' dir='ltr'>vtl</span> <span class='ocrx_word' id='word_1_823' title='bbox 1729 2377 1786 2398; x_wconf 88' lang='lat' dir='ltr'>non</span> <span class='ocrx_word' id='word_1_824' title='bbox 1801 2363 2021 2407; x_wconf 80' lang='lat' dir='ltr'>consequeretur</span> <span class='ocrx_word' id='word_1_825' title='bbox 2033 2388 2042 2398; x_wconf 85' lang='lat'><strong>.</strong></span> <span class='ocrx_word' id='word_1_826' title='bbox 2074 2367 2151 2398; x_wconf 76' lang='lat' dir='ltr'>Hinc</span> 
     </span>
     <span class='ocr_line' id='line_1_109' title="bbox 1270 2412 2151 2457; baseline -0.003 -8"><span class='ocrx_word' id='word_1_827' title='bbox 1270 2414 1299 2457; x_wconf 85' lang='lat' dir='ltr'><em>fi</em></span> <span class='ocrx_word' id='word_1_828' title='bbox 1303 2419 1432 2456; x_wconf 77' lang='lat' dir='ltr'>conjunx</span> <span class='ocrx_word' id='word_1_829' title='bbox 1444 2420 1532 2447; x_wconf 69' lang='lat' dir='ltr'>morti</span> <span class='ocrx_word' id='word_1_830' title='bbox 1541 2419 1657 2448; x_wconf 69' lang='lat' dir='ltr'>vicinus</span> <span class='ocrx_word' id='word_1_831' title='bbox 1668 2423 1748 2457; x_wconf 83' lang='lat' dir='ltr'>optet</span> <span class='ocrx_word' id='word_1_832' title='bbox 1762 2412 1920 2455; x_wconf 70' lang='lat' dir='ltr'>vitamfibi</span> <span class='ocrx_word' id='word_1_833' title='bbox 1929 2415 1949 2447; x_wconf 74' lang='grc' dir='ltr'><em>ἃ</em></span> <span class='ocrx_word' id='word_1_834' title='bbox 1963 2415 2025 2448; x_wconf 86' lang='lat' dir='ltr'>Deo</span> <span class='ocrx_word' id='word_1_835' title='bbox 2032 2415 2151 2457; x_wconf 68' lang='lat' dir='ltr'>prolon-</span> 
     </span>
     <span class='ocr_line' id='line_1_110' title="bbox 1271 2456 2152 2509; baseline -0.001 -12"><span class='ocrx_word' id='word_1_836' title='bbox 1271 2470 1342 2509; x_wconf 68' lang='lat' dir='ltr'>gari</span> <span class='ocrx_word' id='word_1_837' title='bbox 1354 2487 1365 2504; x_wconf 87' lang='lat'>‚</span> <span class='ocrx_word' id='word_1_838' title='bbox 1375 2476 1430 2506; x_wconf 85' lang='lat' dir='ltr'>quo</span> <span class='ocrx_word' id='word_1_839' title='bbox 1438 2475 1485 2497; x_wconf 83' lang='lat' dir='ltr'>res</span> <span class='ocrx_word' id='word_1_840' title='bbox 1485 2463 1618 2509; x_wconf 75' lang='lat' dir='ltr'>familtae</span> <span class='ocrx_word' id='word_1_841' title='bbox 1623 2462 1690 2506; x_wconf 84' lang='lat' dir='ltr'>suae</span> <span class='ocrx_word' id='word_1_842' title='bbox 1701 2473 1857 2506; x_wconf 82' lang='lat' dir='ltr'>componat</span> <span class='ocrx_word' id='word_1_843' title='bbox 1868 2489 1879 2505; x_wconf 95' lang='lat'>,</span> <span class='ocrx_word' id='word_1_844' title='bbox 1901 2474 1956 2506; x_wconf 86' lang='lat' dir='ltr'>quo</span> <span class='ocrx_word' id='word_1_845' title='bbox 1966 2463 2054 2497; x_wconf 75' lang='lat' dir='ltr'>uxott&#39;</span> <span class='ocrx_word' id='word_1_846' title='bbox 2063 2465 2098 2498; x_wconf 65' lang='grc' dir='ltr'><em>Θ</em></span> <span class='ocrx_word' id='word_1_847' title='bbox 2111 2456 2152 2498; x_wconf 75' lang='lat' dir='ltr'>tt-</span> 
     </span>
     <span class='ocr_line' id='line_1_111' title="bbox 1279 2512 2154 2557; baseline 0 -10"><span class='ocrx_word' id='word_1_848' title='bbox 1279 2516 1357 2548; x_wconf 82' lang='lat' dir='ltr'>beris</span> <span class='ocrx_word' id='word_1_849' title='bbox 1364 2512 1529 2557; x_wconf 77' lang='lat' dir='ltr'>subveniat</span> <span class='ocrx_word' id='word_1_850' title='bbox 1542 2537 1553 2553; x_wconf 88' lang='lat'>,</span> <span class='ocrx_word' id='word_1_851' title='bbox 1564 2514 1668 2555; x_wconf 68' lang='lat' dir='ltr'>quibus</span> <span class='ocrx_word' id='word_1_852' title='bbox 1680 2516 1768 2547; x_wconf 70' lang='lat' dir='ltr'>videt</span> <span class='ocrx_word' id='word_1_853' title='bbox 1779 2515 1910 2556; x_wconf 69' lang='lat' dir='ltr'>alioqum</span> <span class='ocrx_word' id='word_1_854' title='bbox 1919 2512 2020 2554; x_wconf 81' lang='lat' dir='ltr'>defore</span> <span class='ocrx_word' id='word_1_855' title='bbox 2030 2514 2154 2557; x_wconf 81' lang='lat' dir='ltr'>neceffae·</span> 
     </span>
     <span class='ocr_line' id='line_1_112' title="bbox 1276 2563 2151 2608; baseline 0 -11"><span class='ocrx_word' id='word_1_856' title='bbox 1276 2571 1342 2604; x_wconf 71' lang='lat' dir='ltr'>ria,</span> <span class='ocrx_word' id='word_1_857' title='bbox 1355 2563 1544 2597; x_wconf 63' lang='lat' dir='ltr'>nihilominus</span> <span class='ocrx_word' id='word_1_858' title='bbox 1559 2565 1783 2604; x_wconf 80' lang='lat' dir='ltr'>mortemjuxta</span> <span class='ocrx_word' id='word_1_859' title='bbox 1794 2568 1849 2596; x_wconf 69' lang='lat' dir='ltr'>Del</span> <span class='ocrx_word' id='word_1_860' title='bbox 1860 2564 2075 2607; x_wconf 65' lang='lat' dir='ltr'>heneplacitum</span> <span class='ocrx_word' id='word_1_861' title='bbox 2092 2572 2151 2608; x_wconf 74' lang='lat' dir='ltr'>pa·</span> 
     </span>
     <span class='ocr_line' id='line_1_113' title="bbox 1276 2611 2150 2659; baseline 0 -12"><span class='ocrx_word' id='word_1_862' title='bbox 1276 2624 1362 2647; x_wconf 83' lang='lat' dir='ltr'>ratus</span> <span class='ocrx_word' id='word_1_863' title='bbox 1370 2614 1408 2654; x_wconf 87' lang='lat' dir='ltr'>fit</span> <span class='ocrx_word' id='word_1_864' title='bbox 1414 2621 1644 2655; x_wconf 78' lang='lat' dir='ltr'>acceptare‚cum</span> <span class='ocrx_word' id='word_1_865' title='bbox 1655 2614 1754 2656; x_wconf 71' lang='lat' dir='ltr'>aliquo</span> <span class='ocrx_word' id='word_1_866' title='bbox 1766 2622 1868 2647; x_wconf 81' lang='lat' dir='ltr'>tamen</span> <span class='ocrx_word' id='word_1_867' title='bbox 1874 2611 1972 2647; x_wconf 59' lang='lat' dir='ltr'>dolore</span> <span class='ocrx_word' id='word_1_868' title='bbox 1983 2614 2018 2647; x_wconf 63' lang='grc' dir='ltr'>δ’</span> <span class='ocrx_word' id='word_1_869' title='bbox 2023 2618 2150 2659; x_wconf 69' lang='lat' dir='ltr'>gemitu,</span> 
     </span>
     <span class='ocr_line' id='line_1_114' title="bbox 1277 2663 2151 2706; baseline -0.001 -10"><span class='ocrx_word' id='word_1_870' title='bbox 1277 2676 1334 2697; x_wconf 87' lang='lat' dir='ltr'>non</span> <span class='ocrx_word' id='word_1_871' title='bbox 1342 2669 1451 2706; x_wconf 78' lang='lat' dir='ltr'>potem</span> <span class='ocrx_word' id='word_1_872' title='bbox 1460 2664 1532 2696; x_wconf 79' lang='lat' dir='ltr'>talis</span> <span class='ocrx_word' id='word_1_873' title='bbox 1542 2663 1643 2696; x_wconf 71' lang='lat' dir='ltr'>elicere</span> <span class='ocrx_word' id='word_1_874' title='bbox 1655 2667 1871 2697; x_wconf 68' lang='lat' dir='ltr'>contritionem</span> <span class='ocrx_word' id='word_1_875' title='bbox 1879 2688 1890 2704; x_wconf 91' lang='lat'>,</span> <span class='ocrx_word' id='word_1_876' title='bbox 1903 2674 1972 2706; x_wconf 82' lang='lat' dir='ltr'>quae</span> <span class='ocrx_word' id='word_1_877' title='bbox 1985 2669 2151 2705; x_wconf 74' lang='lat' dir='ltr'>impetran-</span> 
     </span>
     <span class='ocr_line' id='line_1_115' title="bbox 1276 2711 2150 2757; baseline -0.003 -9"><span class='ocrx_word' id='word_1_878' title='bbox 1276 2716 1324 2748; x_wconf 77' lang='lat' dir='ltr'>dae</span> <span class='ocrx_word' id='word_1_879' title='bbox 1328 2713 1530 2757; x_wconf 72' lang='lat' dir='ltr'>justificationi</span> <span class='ocrx_word' id='word_1_880' title='bbox 1535 2721 1593 2755; x_wconf 85' lang='lat' dir='ltr'>per</span> <span class='ocrx_word' id='word_1_881' title='bbox 1599 2711 1632 2756; x_wconf 88' lang='lat' dir='ltr'>se</span> <span class='ocrx_word' id='word_1_882' title='bbox 1636 2712 1782 2756; x_wconf 71' lang='lat' dir='ltr'>sufficiens</span> <span class='ocrx_word' id='word_1_883' title='bbox 1785 2711 1826 2754; x_wconf 82' lang='lat' dir='ltr'>fit</span> <span class='ocrx_word' id='word_1_884' title='bbox 1838 2737 1848 2752; x_wconf 94' lang='lat'>,</span> <span class='ocrx_word' id='word_1_885' title='bbox 1870 2724 1906 2746; x_wconf 82' lang='lat' dir='ltr'>ac</span> <span class='ocrx_word' id='word_1_886' title='bbox 1911 2711 2109 2755; x_wconf 74' lang='lat' dir='ltr'>proinde&#39;fifit</span> <span class='ocrx_word' id='word_1_887' title='bbox 2114 2718 2150 2745; x_wconf 75' lang='lat' dir='ltr'>in</span> 
     </span>
     <span class='ocr_line' id='line_1_116' title="bbox 1271 2761 2149 2807; baseline -0.002 -9"><span class='ocrx_word' id='word_1_888' title='bbox 1271 2764 1517 2807; x_wconf 74' lang='lat' dir='ltr'>peccatomortalt</span> <span class='ocrx_word' id='word_1_889' title='bbox 1531 2787 1544 2803; x_wconf 92' lang='lat'>,</span> <span class='ocrx_word' id='word_1_890' title='bbox 1561 2774 1597 2795; x_wconf 84' lang='lat' dir='ltr'>ac</span> <span class='ocrx_word' id='word_1_891' title='bbox 1604 2761 1673 2804; x_wconf 82' lang='lat' dir='ltr'>defit</span> <span class='ocrx_word' id='word_1_892' title='bbox 1679 2768 1761 2806; x_wconf 58' lang='lat' dir='ltr'>copta</span> <span class='ocrx_word' id='word_1_893' title='bbox 1774 2762 1946 2805; x_wconf 76' lang='lat' dir='ltr'>Confeffarti</span> <span class='ocrx_word' id='word_1_894' title='bbox 1956 2785 1967 2802; x_wconf 91' lang='lat'>,</span> <span class='ocrx_word' id='word_1_895' title='bbox 1987 2762 2087 2795; x_wconf 74' lang='lat' dir='ltr'>allum</span> <span class='ocrx_word' id='word_1_896' title='bbox 2107 2761 2149 2802; x_wconf 72' lang='lat' dir='ltr'>est</span> 
     </span>
     <span class='ocr_line' id='line_1_117' title="bbox 1277 2809 2149 2860; baseline -0.003 -12"><span class='ocrx_word' id='word_1_897' title='bbox 1277 2816 1314 2848; x_wconf 88' lang='lat' dir='ltr'>de</span> <span class='ocrx_word' id='word_1_898' title='bbox 1326 2823 1439 2848; x_wconf 81' lang='lat' dir='ltr'>aeterna</span> <span class='ocrx_word' id='word_1_899' title='bbox 1453 2814 1533 2846; x_wconf 74' lang='lat' dir='ltr'>illius</span> <span class='ocrx_word' id='word_1_900' title='bbox 1542 2812 1678 2860; x_wconf 46' lang='lat' dir='ltr'>salutek</span> <span class='ocrx_word' id='word_1_901' title='bbox 1690 2813 1815 2848; x_wconf 70' lang='lat' dir='ltr'>Verurn</span> <span class='ocrx_word' id='word_1_902' title='bbox 1838 2813 2054 2856; x_wconf 64' lang='lat' dir='ltr'>imperfectam</span> <span class='ocrx_word' id='word_1_903' title='bbox 2073 2809 2149 2845; x_wconf 85' lang='lat' dir='ltr'>cha-</span> 
     </span>
     <span class='ocr_line' id='line_1_118' title="bbox 1276 2860 2149 2911; baseline -0.005 -13"><span class='ocrx_word' id='word_1_904' title='bbox 1276 2866 1403 2899; x_wconf 86' lang='lat' dir='ltr'>ritatem</span> <span class='ocrx_word' id='word_1_905' title='bbox 1415 2864 1447 2897; x_wconf 78' lang='grc' dir='ltr'>ἀ</span> <span class='ocrx_word' id='word_1_906' title='bbox 1461 2863 1710 2897; x_wconf 81' lang='lat' dir='ltr'>Contritionem</span> <span class='ocrx_word' id='word_1_907' title='bbox 1738 2862 1795 2896; x_wconf 91' lang='lat' dir='ltr'>ubi</span> <span class='ocrx_word' id='word_1_908' title='bbox 1817 2873 1882 2908; x_wconf 89' lang='lat' dir='ltr'>ego</span> <span class='ocrx_word' id='word_1_909' title='bbox 1893 2861 1963 2911; x_wconf 55' lang='lat' dir='ltr'>dipl</span> <span class='ocrx_word' id='word_1_910' title='bbox 1974 2862 2010 2896; x_wconf 82' lang='lat' dir='ltr'>in</span> <span class='ocrx_word' id='word_1_911' title='bbox 2030 2860 2149 2895; x_wconf 77' lang='lat' dir='ltr'>mortis</span> 
     </span>
     <span class='ocr_line' id='line_1_119' title="bbox 1274 2909 2148 2956; baseline -0.005 -8"><span class='ocrx_word' id='word_1_912' title='bbox 1274 2915 1365 2949; x_wconf 88' lang='lat' dir='ltr'>exitu</span> <span class='ocrx_word' id='word_1_913' title='bbox 1379 2926 1445 2948; x_wconf 89' lang='lat' dir='ltr'>non</span> <span class='ocrx_word' id='word_1_914' title='bbox 1468 2913 1557 2955; x_wconf 84' lang='lat' dir='ltr'>posse</span> <span class='ocrx_word' id='word_1_915' title='bbox 1567 2913 1634 2956; x_wconf 86' lang='lat' dir='ltr'>fine</span> <span class='ocrx_word' id='word_1_916' title='bbox 1645 2913 1759 2955; x_wconf 57' lang='lat' dir='ltr'>actuali</span> <span class='ocrx_word' id='word_1_917' title='bbox 1770 2909 2148 2954; x_wconf 58' lang='lat' dir='ltr'>Sacramentojustifica-</span> 
     </span>
     <span class='ocr_line' id='line_1_120' title="bbox 1275 2958 2148 3001; baseline -0.005 -3"><span class='ocrx_word' id='word_1_918' title='bbox 1275 2976 1306 2999; x_wconf 87' lang='lat' dir='ltr'>re</span> <span class='ocrx_word' id='word_1_919' title='bbox 1319 2964 1336 2996; x_wconf 72' lang='grc' dir='ltr'><em>ἕ</em></span> <span class='ocrx_word' id='word_1_920' title='bbox 1352 2963 1432 2997; x_wconf 91' lang='lat' dir='ltr'>Non</span> <span class='ocrx_word' id='word_1_921' title='bbox 1448 2963 1553 2997; x_wconf 74' lang='lat' dir='ltr'>solum</span> <span class='ocrx_word' id='word_1_922' title='bbox 1563 2962 1730 2998; x_wconf 83' lang='lat' dir='ltr'>robustam</span> <span class='ocrx_word' id='word_1_923' title='bbox 1740 2963 1773 2997; x_wconf 76' lang='grc' dir='ltr'>ἀ</span> <span class='ocrx_word' id='word_1_924' title='bbox 1785 2958 1930 2996; x_wconf 76' lang='lat' dir='ltr'>adultafn</span> <span class='ocrx_word' id='word_1_925' title='bbox 1943 2985 1954 3001; x_wconf 93' lang='lat'>,</span> <span class='ocrx_word' id='word_1_926' title='bbox 1976 2960 2030 2995; x_wconf 89' lang='lat' dir='ltr'>sed</span> <span class='ocrx_word' id='word_1_927' title='bbox 2047 2960 2148 2995; x_wconf 86' lang='lat' dir='ltr'>nutri-</span> 
     </span>
     <span class='ocr_line' id='line_1_121' title="bbox 1273 3010 2147 3056; baseline -0.005 -7"><span class='ocrx_word' id='word_1_928' title='bbox 1273 3025 1340 3049; x_wconf 85' lang='lat' dir='ltr'>tam</span> <span class='ocrx_word' id='word_1_929' title='bbox 1351 3014 1450 3048; x_wconf 88' lang='lat' dir='ltr'>etiam</span> <span class='ocrx_word' id='word_1_930' title='bbox 1466 3022 1565 3056; x_wconf 89' lang='lat' dir='ltr'>atque</span> <span class='ocrx_word' id='word_1_931' title='bbox 1575 3013 1745 3048; x_wconf 86' lang='lat' dir='ltr'>dumtaxat</span> <span class='ocrx_word' id='word_1_932' title='bbox 1759 3021 1867 3046; x_wconf 85' lang='lat' dir='ltr'>natam</span> <span class='ocrx_word' id='word_1_933' title='bbox 1877 3010 2050 3055; x_wconf 81' lang='lat' dir='ltr'>jufflficare</span> <span class='ocrx_word' id='word_1_934' title='bbox 2075 3021 2147 3046; x_wconf 89' lang='lat' dir='ltr'>om·</span> 
     </span>
     <span class='ocr_line' id='line_1_122' title="bbox 1273 3061 1842 3104; baseline -0.007 -5"><span class='ocrx_word' id='word_1_935' title='bbox 1273 3063 1355 3099; x_wconf 76' lang='lat' dir='ltr'>nino</span> <span class='ocrx_word' id='word_1_936' title='bbox 1367 3063 1505 3104; x_wconf 86' lang='lat' dir='ltr'>asserui,</span> <span class='ocrx_word' id='word_1_937' title='bbox 1526 3062 1560 3097; x_wconf 75' lang='grc' dir='ltr'>ἀ</span> <span class='ocrx_word' id='word_1_938' title='bbox 1572 3063 1682 3098; x_wconf 88' lang='lat' dir='ltr'>multis</span> <span class='ocrx_word' id='word_1_939' title='bbox 1692 3061 1842 3097; x_wconf 84' lang='lat' dir='ltr'>ostendi.</span> 
     </span>
    </p>
   </div>
   <div class='ocr_carea' id='block_1_18' title="bbox 1272 3160 2148 3504">
    <p class='ocr_par' dir='ltr' id='par_1_18' title="bbox 1272 3160 2148 3504">
     <span class='ocr_line' id='line_1_123' title="bbox 1390 3160 2010 3207; baseline -0.003 -10"><span class='ocrx_word' id='word_1_940' title='bbox 1390 3164 1466 3197; x_wconf 67' lang='lat' dir='ltr'>Dt&#39;vt</span> <span class='ocrx_word' id='word_1_941' title='bbox 1480 3161 1626 3207; x_wconf 68' lang='lat' dir='ltr'>Augustino}</span> <span class='ocrx_word' id='word_1_942' title='bbox 1636 3161 1800 3195; x_wconf 58' lang='lat' dir='ltr'>auctoritas</span> <span class='ocrx_word' id='word_1_943' title='bbox 1812 3160 1989 3205; x_wconf 79' lang='lat' dir='ltr'>defenditur</span> <span class='ocrx_word' id='word_1_944' title='bbox 2001 3185 2010 3194; x_wconf 89' lang='lat'><em>.</em></span> 
     </span>
     <span class='ocr_line' id='line_1_124' title="bbox 1362 3208 2147 3256; baseline -0.004 -9"><span class='ocrx_word' id='word_1_945' title='bbox 1362 3215 1464 3248; x_wconf 85' lang='lat' dir='ltr'>Tiam</span> <span class='ocrx_word' id='word_1_946' title='bbox 1475 3213 1616 3248; x_wconf 70' lang='lat' dir='ltr'>sanctum</span> <span class='ocrx_word' id='word_1_947' title='bbox 1630 3210 1851 3256; x_wconf 82' lang='lat' dir='ltr'>Augustinum</span> <span class='ocrx_word' id='word_1_948' title='bbox 1865 3211 1994 3255; x_wconf 89' lang='lat' dir='ltr'>impetit</span> <span class='ocrx_word' id='word_1_949' title='bbox 2006 3208 2147 3246; x_wconf 72' lang='lat' dir='ltr'>Accusa-</span> 
     </span>
     <span class='ocr_line' id='line_1_125' title="bbox 1370 3259 2146 3298; baseline -0.004 -1"><span class='ocrx_word' id='word_1_950' title='bbox 1370 3274 1422 3298; x_wconf 79' lang='lat' dir='ltr'>tor</span> <span class='ocrx_word' id='word_1_951' title='bbox 1437 3287 1445 3294; x_wconf 92' lang='lat'>.</span> <span class='ocrx_word' id='word_1_952' title='bbox 1473 3262 1642 3297; x_wconf 88' lang='lat' dir='ltr'>Grandem</span> <span class='ocrx_word' id='word_1_953' title='bbox 1663 3259 1705 3295; x_wconf 93' lang='lat' dir='ltr'>hu</span> <span class='ocrx_word' id='word_1_954' title='bbox 1712 3273 1752 3296; x_wconf 93' lang='lat' dir='ltr'>nc</span> <span class='ocrx_word' id='word_1_955' title='bbox 1775 3261 1925 3296; x_wconf 81' lang='lat' dir='ltr'>Ecclefiae</span> <span class='ocrx_word' id='word_1_956' title='bbox 1957 3261 2058 3296; x_wconf 83' lang='lat' dir='ltr'>solem</span> <span class='ocrx_word' id='word_1_957' title='bbox 2078 3261 2146 3295; x_wconf 81' lang='lat' dir='ltr'>esse</span> 
     </span>
     <span class='ocr_line' id='line_1_126' title="bbox 1272 3308 2146 3358; baseline -0.006 -10"><span class='ocrx_word' id='word_1_958' title='bbox 1272 3326 1326 3358; x_wconf 87' lang='lat' dir='ltr'>per</span> <span class='ocrx_word' id='word_1_959' title='bbox 1338 3312 1588 3357; x_wconf 86' lang='lat' dir='ltr'>Apostolicasin</span> <span class='ocrx_word' id='word_1_960' title='bbox 1602 3310 1795 3346; x_wconf 83' lang='lat' dir='ltr'>Cornelium</span> <span class='ocrx_word' id='word_1_961' title='bbox 1807 3311 1995 3355; x_wconf 79' lang='lat' dir='ltr'>Jansenium</span> <span class='ocrx_word' id='word_1_962' title='bbox 2015 3308 2146 3345; x_wconf 73' lang='lat' dir='ltr'>Censti-</span> 
     </span>
     <span class='ocr_line' id='line_1_127' title="bbox 1273 3358 2145 3405; baseline -0.01 -5"><span class='ocrx_word' id='word_1_963' title='bbox 1273 3365 1418 3400; x_wconf 83' lang='lat' dir='ltr'>turiones</span> <span class='ocrx_word' id='word_1_964' title='bbox 1429 3361 1645 3405; x_wconf 88' lang='lat' dir='ltr'>eclypsatum,</span> <span class='ocrx_word' id='word_1_965' title='bbox 1655 3362 1687 3401; x_wconf 73' lang='grc' dir='ltr'>ὃς</span> <span class='ocrx_word' id='word_1_966' title='bbox 1700 3363 1866 3405; x_wconf 88' lang='lat' dir='ltr'>utriusque</span> <span class='ocrx_word' id='word_1_967' title='bbox 1878 3362 1919 3396; x_wconf 87' lang='lat' dir='ltr'>de</span> <span class='ocrx_word' id='word_1_968' title='bbox 1930 3360 2058 3401; x_wconf 60' lang='lat' dir='ltr'>victrice</span> <span class='ocrx_word' id='word_1_969' title='bbox 2077 3358 2145 3392; x_wconf 83' lang='lat' dir='ltr'>Dei</span> 
     </span>
     <span class='ocr_line' id='line_1_128' title="bbox 1273 3407 2148 3462; baseline -0.009 -14"><span class='ocrx_word' id='word_1_970' title='bbox 1273 3414 1411 3462; x_wconf 76' lang='lat' dir='ltr'>gratiam</span> <span class='ocrx_word' id='word_1_971' title='bbox 1421 3410 1601 3448; x_wconf 67' lang='lat' dir='ltr'>doctrinam</span> <span class='ocrx_word' id='word_1_972' title='bbox 1614 3412 1677 3447; x_wconf 70' lang='lat' dir='ltr'>istu</span> <span class='ocrx_word' id='word_1_973' title='bbox 1690 3423 1759 3449; x_wconf 83' lang='lat' dir='ltr'>uno</span> <span class='ocrx_word' id='word_1_974' title='bbox 1780 3410 1966 3448; x_wconf 84' lang='lat' dir='ltr'>damnatam</span> <span class='ocrx_word' id='word_1_975' title='bbox 1975 3411 1993 3446; x_wconf 75' lang='lat' dir='ltr'>a</span> <span class='ocrx_word' id='word_1_976' title='bbox 2005 3407 2087 3444; x_wconf 88' lang='lat' dir='ltr'>Sede</span> <span class='ocrx_word' id='word_1_977' title='bbox 2099 3407 2148 3442; x_wconf 82' lang='lat' dir='ltr'>A·</span> 
     </span>
     <span class='ocr_line' id='line_1_129' title="bbox 2063 3467 2121 3504; baseline 0.034 -2"><span class='ocrx_word' id='word_1_978' title='bbox 2063 3467 2121 3504; x_wconf 80' lang='lat'>1²0:</span> 
     </span>
    </p>
   </div>
   <div class='ocr_carea' id='block_1_19' title="bbox 1292 545 2339 665">
    <p class='ocr_par' dir='ltr' id='par_1_19' title="bbox 1292 545 2339 665">
     <span class='ocr_line' id='line_1_130' title="bbox 2188 545 2339 582; baseline 0.013 -2"><span class='ocrx_word' id='word_1_979' title='bbox 2188 546 2232 580; x_wconf 91' lang='lat' dir='ltr'>Di</span> <span class='ocrx_word' id='word_1_980' title='bbox 2236 545 2269 580; x_wconf 86' lang='lat' dir='ltr'>st.</span> <span class='ocrx_word' id='word_1_981' title='bbox 2331 574 2339 582; x_wconf 91' lang='lat'>.</span> 
     </span>
     <span class='ocr_line' id='line_1_131' title="bbox 1292 557 2326 665; baseline 0.008 -17"><span class='ocrx_word' id='word_1_982' title='bbox 1292 616 1492 662; x_wconf 71' lang='lat' dir='ltr'>datumfuiffe</span> <span class='ocrx_word' id='word_1_983' title='bbox 1504 641 1515 657; x_wconf 92' lang='lat'>‚</span> <span class='ocrx_word' id='word_1_984' title='bbox 1528 626 1629 659; x_wconf 85' lang='lat' dir='ltr'>nempe</span> <span class='ocrx_word' id='word_1_985' title='bbox 1637 620 1744 660; x_wconf 87' lang='lat' dir='ltr'>populo</span> <span class='ocrx_word' id='word_1_986' title='bbox 1755 626 1867 652; x_wconf 71' lang='lat' dir='ltr'>vetet-ts</span> <span class='ocrx_word' id='word_1_987' title='bbox 1878 620 2042 662; x_wconf 70' lang='lat' dir='ltr'>testamenti</span> <span class='ocrx_word' id='word_1_988' title='bbox 2050 628 2084 654; x_wconf 78' lang='lat' dir='ltr'>in</span> <span class='ocrx_word' id='word_1_989' title='bbox 2103 621 2170 665; x_wconf 68' lang='lat' dir='ltr'>ipsa</span> <span class='ocrx_word' id='word_1_990' title='bbox 2185 598 2211 641; x_wconf 74' lang='lat'>§⁸</span> <span class='ocrx_word' id='word_1_991' title='bbox 2241 557 2326 645; x_wconf 57' lang='lat'>7‘34</span> 
     </span>
    </p>
   </div>
  </div>
 </body>
</html>
