2366 3736
396 149 490 194 302

340 228 374 259 tn
398 220 530 263 morbls,
554 230 587 258 ur
613 230 717 254 verum
735 218 899 258 Medicum,
918 220 1061 258 -Audiane
1086 224 1120 256 in
1144 232 1219 256 ver·-

345 272 376 304 In·
400 276 513 311 Divom}
539 273 783 310 interpretatione
801 293 812 310 ‚
848 278 882 306 ut
909 271 1051 318 Angelum
1076 274 1217 308 Domini.

343 324 427 360 Unde*
452 324 471 359 ἁ
497 321 583 360 Mtffis
595 317 839 364 parochialibus,
864 325 896 355 in
926 321 1033 362 quibus
1059 320 1218 365 agnoscunt

343 378 428 411 eum,
457 374 490 404 ἐν
516 368 576 411 ipse
601 367 728 416 agnoscit
750 368 825 412 suas
840 393 853 409 ‚
873 367 991 416 semper
1002 381 1058 404 aut
1073 371 1216 417 frequen-

343 432 388 456 ter
413 420 503 463 abesse
530 429 587 455 non
616 418 683 454 leve
704 427 857 466 peccatum
883 418 923 460 est
942 444 950 453 .
980 423 1013 454 si
1056 432 1123 462 quae
1145 420 1217 464 sune

341 476 419 509 em‘m
446 468 720 517 confraternitates
740 493 752 514 ‚
777 481 846 512 quae
869 476 914 505 ita
939 469 977 504 ab
1004 470 1130 513 Ecclesia
1155 474 1216 508 Pa-

339 519 460 558 rochlali
489 527 654 558 avertant,
682 519 722 556 ab
759 519 805 556 bis
819 521 943 557 Fideles
969 528 1104 557 avertere
1114 523 1217 565 ncerffe

337 570 394 608 est.
420 569 558 616 Idemque
577 567 750 611 servandus
776 572 881 603 modus
907 577 986 604 circa
1011 572 1082 605 illas
1109 595 1121 612 ,
1148 583 1215 614 quae

329 618 420 667 salfis
431 618 640 666 &apocryphis
667 626 820 656 nituntur.
847 623 964 669 ‚gualla
988 621 1057 669 funt
1082 632 1119 660 ea
1132 632 1213 669 ‚quae

330 668 421 712 sacra
440 669 574 711 facultas
599 676 766 712 expunxit.

384 719 457 754 Tot
476 730 594 761 errata,
614 730 697 764 quot
718 719 831 756 verba.
860 719 995 763 Primo,
1024 720 1191 766 privilegia
1206 747 1214 762 ,

332 769 452 809 quibus
473 769 736 818 Mendicantiurn
764 770 921 808 Ecclefias
933 771 1108 809 honoravit
1124 775 1212 814 Apo·

331 818 447 856 stolica
469 819 585 864 Sedes,
606 820 746 864 appellat
758 821 833 856 falsa
846 821 879 855 ἀ
892 821 1096 868 apocrypha.
1124 822 1213 868 Qia

333 868 452 913 nempe
478 869 670 918 Apostolica
689 871 806 912 Sedes,
823 871 1040 909 Generalium
1064 871 1212 918 Synodo-

331 930 403 957 rum
428 919 641 962 Canonibus,
662 920 739 955 ideo
759 922 792 959 ἀ
814 932 870 967 per
882 922 968 966 ipsos
989 920 1145 959 institutis
1157 931 1211 957 aut

329 969 483 1007 stabilitis
503 969 747 1008 Parochialium
773 971 984 1008 Ecclefiarum
995 972 1124 1018 Juribus
1142 984 1209 1005 non

331 1030 387 1067 pot
410 1021 434 1053 st
451 1021 628 1065 derogare.
656 1021 749 1058 Hinc
767 1022 875 1059 addit:
903 1023 953 1059 Ad
977 1023 1088 1057 alienos
1113 1022 1211 1067 confu-

324 1032 411 1119 gere}
442 1069 574 1117 Utique
586 1071 636 1113 ,ad
658 1072 831 1116 religiosos
850 1071 1081 1109 Mendicantes
1103 1095 1115 1112 ,
1154 1082 1208 1107 aut

330 1118 474 1162 ipsorum
497 1121 675 1159 Ecclesias.
699 1122 787 1168 Qia
797 1121 914 1167 nempe
933 1122 1086 1158 Romana
1100 1123 1212 1159 Eccle-

327 1169 368 1202 fia
393 1181 460 1205 non
487 1172 582 1215 possit
605 1171 742 1207 aliarum
759 1172 777 1207 a
795 1173 849 1208 sua
876 1172 1212 1208 Provinciarumoves

326 1218 477 1264 delegare
496 1219 561 1255 istis
580 1221 800 1266 Regularibus
811 1221 1013 1265 Presbyteris
1024 1245 1036 1264 ‚
1055 1222 1210 1265 arqueita

331 1269 417 1312 ipsos
445 1269 508 1308 illis
529 1271 635 1307 facere
661 1272 809 1316 proprios
831 1271 1078 1315 Dispensatores
1100 1271 1210 1308 Evan-

326 1320 422 1363 gelici
444 1320 658 1358 Sacramenti.
688 1322 757 1370 Qii
774 1322 818 1356 est
832 1321 989 1370 secundus
1014 1333 1123 1366 error,
1145 1334 1210 1358 rua-

257 1387 261 1389 <
327 1368 441 1408 nifesie,
463 1369 695 1407 Schismaticus
715 1397 725 1412 ,
750 1372 819 1407 imo
841 1373 873 1405 &
901 1371 1089 1407 haereticus.
1127 1372 1209 1408 Ter·

149 1505 214 1546 A?
253 1517 307 1548 20.

327 1419 392 1453 tius
413 1430 500 1455 error
520 1421 564 1455 est
578 1444 587 1459 ‚
609 1421 700 1467 quod
721 1421 869 1455 Christus
883 1422 1053 1458 Dominus
1074 1424 1208 1459 ovessu-

324 1480 358 1503 as
382 1470 549 1507 tradiderit
569 1471 768 1515 presbyteris
779 1471 1025 1509 parochialibus
1039 1497 1047 1506 .
1076 1472 1207 1507 Etenim

321 1520 366 1554 ,ad
391 1521 478 1555 solos
499 1521 677 1565 Episcopos
700 1522 824 1558 dicium
847 1522 912 1557 est:
948 1524 1101 1557 Attendite
1120 1523 1208 1558 Vobis

326 1572 360 1604 Θ·
385 1573 523 1614 universo
545 1576 626 1615 gregi
641 1595 652 1610 ,
680 1577 711 1605 in
738 1583 794 1613 quo
821 1582 873 1603 vos
900 1573 1030 1612 spiritus
1058 1574 1084 1605 Ι.
1109 1572 1207 1614 posuit

324 1618 485 1662 Episcopus
511 1632 606 1664 regere
634 1620 792 1662 Ecclesiam
819 1623 875 1654 Dei
895 1645 903 1655 .
943 1620 1128 1666 Emphasim
1157 1621 1197 1657 ha

326 1671 403 1703 bent
417 1670 524 1707 *verba
541 1683 548 1703 :
569 1673 615 1705 Et
625 1669 868 1717 universbgregi.
898 1669 1208 1706 Alteclamantom-

325 1730 401 1752 nem
426 1721 608 1754 animarum
629 1730 741 1754 curam
765 1722 831 1754 esse
852 1721 871 1756 ὲ
895 1719 1029 1756 Christo
1052 1722 1204 1756 Domino

324 1768 433 1803 datam
461 1769 539 1803 solis
567 1768 754 1812 Episcopis.
781 1768 853 1812 Ipse
871 1769 959 1805 enim
981 1769 1135 1814 posuitin
1151 1770 1207 1807 Ec-

327 1820 396 1852 lesia
413 1819 545 1859 Pastores
572 1820 606 1854 (θ’
634 1819 793 1855 Doc‘lorer.
820 1817 881 1854 Per
893 1819 1032 1862 pastores
1044 1818 1206 1863 palantiu-

325 1869 518 1914 telliguntur
538 1869 598 1904 soli
626 1868 797 1914 Episcopi.
824 1868 1035 1911 Presbytetos
1059 1868 1208 1905 Christus

324 1920 496 1955 Dominus
510 1919 615 1955 noluit
628 1931 748 1963 ponere
762 1920 794 1952 in
808 1920 989 1962 praefectura
1000 1943 1010 1959 ‚
1037 1920 1208 1964 ponendos

325 1970 465 2012 permisit
494 1981 531 2004 ac
542 1969 674 2006 tradidit
690 1969 867 2014 Episcopis.
895 1969 938 2005 Et
951 1968 1030 2005 hinc
1042 1970 1109 2005 fine
1123 1970 1208 2012 Epis·

328 2031 415 2063 copo
442 2032 509 2054 non
538 2019 641 2062 potest
653 2021 718 2053 esse
733 2019 894 2055 Ecclesia.
923 2018 1099 2055 Ecclesiam
1124 2019 1206 2053 Mar-

279 2108 283 2111 ,
326 2081 380 2112 tyr
409 2070 581 2114 ignatius,
607 2070 854 2113 S.Cyprianus,
881 2080 977 2115 arque
989 2070 1044 2105 alii
1060 2069 1209 2106 Eccleflae

326 2120 439 2154 Patres
464 2121 623 2154 affirmant
651 2122 718 2154 esse
747 2120 902 2164 populum
942 2119 1105 2163 Episcopo
1132 2120 1209 2154 adu·

328 2180 462 2203 natum.
494 2170 535 2203 Et
563 2169 642 2206 hinc
655 2168 860 2206 parochiales
886 2168 1066 2213 Presbyteri
1093 2180 1206 2212 nequa-

329 2230 428 2262 quam
455 2219 473 2255 ὲ
500 2217 632 2255 Christo
659 2220 811 2256 Domino
836 2218 1069 2256 authoritatem
1087 2218 1207 2255 habent

330 2271 363 2306 in
394 2271 482 2303 suam
511 2267 660 2313 plebem,
691 2270 746 2305 sed
774 2269 814 2304 ab
843 2270 1029 2313 Episcopis.

379 2319 472 2353 Hinc
496 2319 639 2362 sequitur
660 2328 791 2361 quartus
803 2330 906 2359 error,
935 2318 1023 2362 quod
1036 2315 1206 2353 parocbia-

330 2370 376 2402 les
388 2368 569 2411 Presbyteri
582 2369 642 2405 sint
655 2369 912 2405 Dominicarum
926 2369 1039 2402 ovium
1052 2368 1206 2404 pastores.

329 2418 499 2466 Qodltic
515 2419 787 2454 eminenstitulus
810 2418 886 2455 solis
903 2417 1073 2461 Episcopis
1095 2416 1208 2452 debea-

330 2479 381 2502 tur
401 2470 432 2503 ἀ
460 2468 672 2511 quadret,est
695 2469 785 2511 supra
813 2467 1068 2503 demonstratum
1083 2492 1094 2508 ,
1120 2468 1207 2502 &im

330 2521 421 2564 super
440 2517 586 2562 plurimis
611 2518 703 2561 poffit
732 2517 943 2554 demonstrari
973 2541 981 2553 .
1018 2517 1209 2552 Etiamnum

330 2568 429 2603 hodie
452 2570 603 2605 Romana
626 2567 766 2603 Ecclesia
786 2566 986 2609 parochiales
998 2567 1209 2610 presbyteros

331 2631 400 2653 non
424 2618 585 2663 appellat,
608 2618 664 2653 nisi
688 2617 905 2652 Parocbmlc'um
932 2617 1126 2659 Eccleſsarum
1151 2621 1206 2653 Re-

330 2670 442 2706 δῖονη.
506 2668 618 2703 uintus
634 2678 720 2702 error
733 2667 778 2702 est
802 2669 835 2700 in
860 2668 911 2702 liis
932 2667 1036 2703 verbis
1055 2677 1089 2703 ut
1117 2669 1213 2712 legiti-

331 2730 412 2754 mum
439 2722 484 2753 Do
530 2729 609 2753 rem.
637 2717 693 2753 Est
711 2717 808 2753 solius
822 2718 973 2763 Episcopi
998 2717 1132 2752 titulus.
1166 2717 1209 2754 Et

332 2769 412 2804 hinc
431 2768 591 2808 formula,
613 2779 667 2813 per
688 2778 785 2812 quam
807 2767 1001 2803 Gallicanus
1015 2769 1096 2802 olim
1113 2778 1210 2812 popu-

334 2820 403 2860 lus,
424 2830 479 2855 aut
496 2820 515 2857 a
536 2819 687 2855 Domino
709 2817 803 2862 Rege
817 2842 828 2861 ,
859 2828 914 2853 aut
928 2817 946 2854 ὲ
965 2818 1118 2853 Domino
1138 2818 1210 2854 Me-

333 2869 489 2911 tropolita
511 2868 695 2912 postulabat
706 2867 904 2911 Episcopum
916 2893 926 2908 ‚
944 2867 1053 2911 pamm
1070 2867 1209 2902 habebat

335 2918 650 2961 hujusmodiverba:
676 2922 822 2961 Rogamus
849 2916 933 2951 nobis
959 2919 1030 2951 dari
1045 2918 1209 2952 narrarem.

334 2969 488 3006 Omnino
511 2969 619 3004 nullus
632 2968 855 3003 parochialem
869 2967 893 3003 P
903 2967 1098 3010 resbyterum
1112 2993 1122 3011 ‚
1143 2969 1210 3011 plu-

335 3019 408 3051 rimi
426 3019 580 3054 Canones
594 3018 790 3062 Episcopum
803 3017 965 3060 appellant
975 3041 985 3059 a
1005 3029 1042 3051 ac
1055 3019 1210 3052 mandant

335 3069 400 3102 esse
418 3070 595 3104 Donorem
619 3092 626 3101 .
653 3069 780 3117 Qanti
806 3069 964 3103 Doctores
987 3066 1046 3100 fint
1069 3068 1210 3103 Gallica-

335 3128 425 3158 rum,
456 3118 641 3154 Forenfium
675 3118 845 3160 praesertim
862 3142 872 3157 ,
890 3116 1125 3154 Parochiarum
1143 3118 1210 3161 qui-

335 3167 410 3202 dam
431 3168 580 3204 Rettores
611 3167 793 3211 Presbyteri
815 3192 825 3208 ,
848 3168 975 3204 utinam
1002 3167 1212 3203 nesciremus.

336 3219 454 3253 Sextus
475 3227 563 3251 error
579 3217 623 3251 est
642 3218 675 3250 in
697 3218 747 3252 liis
769 3217 875 3253 verbis
897 3230 904 3253 z
932 3227 964 3252 ut
990 3219 1130 3261 Angelum
1157 3221 1211 3251 Do-

338 3273 413 3301 mim'
426 3292 433 3299 .
460 3266 528 3303 Hic
542 3266 655 3302 titulus
675 3268 718 3301 est
738 3268 819 3302 adeo
831 3269 1001 3308 eminens,
1023 3268 1105 3303 ue&
1118 3265 1211 3303 Chri·

338 3317 403 3355 stus
428 3317 595 3352 Dominus
612 3317 650 3349 [it
669 3317 773 3352 distas
804 3321 908 3362 Magni
929 3316 1046 3358 Confilli
1063 3318 1187 3360 Angelus
1204 3342 1211 3352 .

272 3390 276 3394 ‹
340 3367 427 3400 Eum
454 3368 488 3403 in
516 3366 711 3410 Apocalypsi
744 3369 876 3403 sanstus
902 3368 1044 3413 Joannes
1070 3366 1211 3409 Aposto-

340 3416 390 3453 lus
416 3415 637 3455 communicat
664 3416 770 3457 „etiam
806 3417 974 3462 Episcopis
992 3442 1000 3450 .
1033 3414 1210 3453 Anthemi-

339 3477 418 3518 eutn
454 3468 649 3516 Scriptoreru
673 3490 684 3512 ‚
722 3466 779 3516 qui
823 3467 929 3515 ipsum
962 3465 1210 3506 Parochialibus

842 131 1184 196 Exniiurio
1218 127 1302 179 SS.
1339 131 1650 181 Curionum

1284 218 1485 264 Presbyteris
1505 217 1801 259 communicaverit
1813 243 1825 262 ,
1850 231 1919 258 non
1935 222 2071 260 memini
2084 248 2094 258 .

1332 271 1414 306 Non
1431 271 1497 304 sine
1517 268 1735 310 fundamento
1755 269 1826 304 dixi
1837 271 2015 311 secundum
2023 283 2167 310 errorem

1282 321 1345 356 effe
1367 320 1642 363 Schismaticum,
1662 318 1732 356 imo
1752 318 2002 360 &haereticurm
2028 324 2166 360 Etenim

1284 370 1464 408 Eusebiana
1483 369 1683 408 Arianorum
1708 371 1826 411 factio,
1861 370 1897 407 in
1921 372 2094 410 sardicensi
2105 374 2167 418 Sy-

1282 420 1372 456 nodo
1391 421 1575 458 restitutum
1596 419 1615 454 ὲ
1636 420 1666 458 S,
1687 419 1776 467 Julio
1798 420 1964 458 Pontifiee
1994 424 2163 472 Magnum

1283 468 1492 509 Athanasium
1505 470 1614 505 noluit
1625 471 1801 517 agnoscere
1813 480 1849 506 ut
1864 471 2080 518 Episcopum,
2102 473 2168 512 nee

1278 521 1448 558 admittere
1459 521 1499 558 ad
1511 519 1702 565 suffragium
1717 543 1728 560 ,
1749 531 1809 556 nec
1818 520 1874 564 ipsi
1889 523 2054 559 confidere
2067 548 2076 558 .
2087 525 2166 561 Cla·

1280 571 1380 606 mavit
1397 571 1590 619 degradatos
1614 570 1656 606 ab
1676 568 1842 607 Orientali
1867 572 2006 618 Synodo
2032 574 2167 618 Episco-

1282 631 1337 663 pos
1358 631 1426 657 non
1449 623 1536 666 poffe
1558 619 1696 667 reparari
1709 630 1764 664 per
1774 620 1962 659 Romanam
1977 623 2164 661 Ecclesiam:

1279 670 1363 707 hanc
1384 670 1564 708 alienorum
1596 668 1879 714 patriarchatuum
1910 675 2053 719 negotiis
2092 687 2165 711 non

1279 723 1365 763 posse
1386 721 1522 758 misceri.
1552 720 1593 756 Et
1613 722 1649 758 in
1683 716 1997 764 Philippopolitano
2007 724 2166 759 Conven-

1278 770 1379 806 ticulo
1400 773 1542 808 firmavit
1564 771 1633 807 haec
1657 769 1795 806 solemni
1818 770 1960 807 Decreto
1974 797 1984 805 .
2011 775 2054 809 Et
2075 774 2164 811 istud

1277 821 1454 858 Decretum
1480 823 1590 857 omnis
1614 821 1754 856 Ecclesia
1777 819 1935 863 judicavit
1946 822 2159 859 Haereticum.

1274 871 1347 918 Jure
1364 872 1484 908 merito
1501 895 1508 904 .
1536 872 1669 907 Etenim
1693 869 1947 906 Ecclesiasticam
1974 872 2160 908 Hierarchi·

1273 932 1349 963 am,
1370 932 1466 965 quam
1490 921 1637 956 Christus
1662 922 1830 955 Dominus
1851 922 2003 956 fundavit
2026 923 2164 958 Menan

1275 970 1421 1012 ehicam,
1443 973 1543 1009 factio
1565 973 1704 1008 tentavit
1727 970 1954 1007 transformare
1978 971 2013 1006 in
2036 973 2164 1007 Aristo·

1273 1020 1445 1057 craticam.
1476 1022 1518 1056 Et
1542 1020 1682 1057 habebat
1705 1021 1830 1065 aliquid
1853 1022 1945 1063 fuci,
1970 1022 2095 1066 aliquid
2109 1033 2163 1057 co·

1274 1071 1352 1109 loris
1367 1097 1374 1105 .
1399 1071 1490 1119 Qia
1516 1071 1632 1115 nempe
1652 1070 1987 1116 quisquePatriarcha
2010 1076 2048 1108 fit
2058 1083 2158 1117 caput

1272 1122 1333 1158 suae
1357 1121 1535 1158 Dioecefios
1556 1147 1564 1156 .
1593 1121 1663 1157 II-ste
1684 1124 1778 1157 fucus
1801 1121 1845 1154 est
1871 1123 2015 1166 palmare
2047 1122 2161 1157 funda-

1273 1181 1420 1207 mentum
1440 1172 1539 1207 etiam
1564 1170 1721 1208 photiani
1740 1169 1953 1207 ‘Schismatis.
1981 1173 2075 1222 Qin
2089 1171 2160 1208 Ro·

1276 1232 1392 1257 manus
1403 1221 1560 1257 Pontifex
1575 1233 1627 1265 per
1642 1230 1778 1255 omnem
1791 1222 1887 1255 suum
1901 1222 2150 1258 patriarchatu·

1271 1271 1387 1308 habeat
1411 1270 1624 1317 pleniffimam
1645 1266 1824 1306 exhibendi
1848 1281 1887 1305 ac
1910 1271 2055 1316 delegati
2075 1272 2152 1306 iau

1269 1320 1460 1358 thoritatem
1481 1343 1493 1360 ,
1512 1319 1700 1356 Graecorum
1734 1318 2024 1356 Schismaticorum
2058 1332 2162 1356 nemo

1272 1372 1322 1407 vel
1345 1372 1494 1409 dubitat.
1523 1370 1566 1406 Et
1587 1382 1663 1421 ecce
1675 1378 1785 1412 nunc,
1808 1371 1920 1406 nescio
1942 1371 2022 1417 qui,
2041 1370 2161 1408 volunt

1271 1422 1374 1457 videri
1403 1419 1593 1461 Catholici,
1614 1421 1648 1455 ὅ(
1670 1420 1817 1465 garriunt
1837 1420 1999 1457 Romame
2013 1421 2160 1457 Ecclesiae

1270 1472 1394 1515 aliquas
1422 1472 1470 1506 sui
1504 1470 1746 1506 Patriarchatus
1786 1469 1976 1505 Provincias
1998 1483 2035 1505 ac
2060 1471 2160 1506 Paro-

1270 1521 1362 1559 chias
1387 1522 1450 1556 effe
1468 1520 1610 1562 alienas,
1638 1521 1778 1566 ideoque
1804 1517 1873 1555 illic
1892 1533 1946 1564 per
1959 1522 2159 1558 Pontificem

1272 1584 1339 1609 non
1367 1570 1768 1616 poffedelegarianimas,
1797 1581 1858 1605 nec
1885 1571 2161 1616 dariprivilegia.

1320 1621 1480 1665 iniquitas
1498 1620 1555 1654 sibi
1580 1621 1633 1666 ipfi
1646 1621 1804 1655 mentitur
1817 1645 1826 1655 .
1853 1620 1989 1656 Etenim
2001 1622 2024 1656 fi
2036 1622 2164 1658 Roma-

1270 1683 1309 1706 na
1336 1671 1475 1705 Ecclefia
1492 1669 1674 1705 Ordinibus
1694 1668 1969 1707 Mendicantibus
1998 1682 2068 1707 non
2083 1670 2164 1716 poso

1269 1721 1305 1754 fit
1327 1719 1529 1766 parochialis
1549 1721 1662 1755 Officii
1686 1728 1809 1763 partem
1834 1719 2010 1765 delegare.
2027 1732 2089 1756 nec
2114 1721 2163 1767 ip-

1271 1771 1320 1805 sos
1349 1770 1484 1805 istarum
1507 1768 1722 1804 Ecclefiarum
1747 1768 1941 1805 Restoribus
1954 1770 2161 1807 accumulare

1273 1818 1470 1862 Adiutores3
1497 1818 1597 1862 longe
1622 1819 1731 1852 minus
1751 1816 1927 1861 Adiutores
1952 1820 2174 1861 accumulare.

1270 1868 1388 1913 poterit
1415 1867 1633 1911 Episcopo&
1647 1867 1891 1910 Metropolitis.
1919 1869 2038 1915 Longe
2049 1870 2160 1907 minus

1271 1918 1387 1961 poterit
1410 1918 1470 1952 hos
1487 1918 1596 1963 aliqua
1619 1916 1784 1968 potestatis
1796 1929 1915 1963 ,quam
1942 1929 1998 1964 per
2018 1919 2162 1965 Aposto-

1270 1970 1352 2005 licos
1373 1967 1528 2004 Canones
1554 1966 1698 2011 habent,
1718 1967 1872 2012 portione
1894 1978 2044 2005 truncare
2068 1995 2076 2004 .
2106 1970 2161 2006 Ex

1271 2030 1338 2063 quo
1371 2020 1473 2064 igitur
1492 2018 1569 2052 caelo
1597 2018 1711 2062 ¹lapsus
1743 2016 1789 2052 est
1829 2017 1992 2055 primatus
2013 2020 2163 2056 Ecclefiae

1270 2069 1465 2105 Senonenfis
1486 2070 1499 2104 ?
1539 2067 1588 2101 Ex
1617 2069 1825 2112 quopelago
1851 2070 1977 2104 emersit
1996 2070 2162 2105 primatus

1273 2119 1520 2163 Lugdunensis,
1546 2118 1736 2154 Viennensis
1758 2141 1769 2157 ,
1790 2118 1997 2154 Bituricensis
2016 2121 2030 2154 ἒ
2061 2119 2164 2156 Certe

1272 2168 1320 2203 isti
1335 2169 1497 2205 primatus
1511 2168 1678 2204 manifeste
1703 2168 1822 2204 laeduut
1841 2169 1967 2204 sextum
1984 2169 2162 2206 Nieaenum

1273 2220 1466 2253 Canonem:
1491 2217 1631 2257 &ipsos
1657 2229 1756 2253 nemo
1776 2220 1900 2261 erexit,
1925 2220 1982 2255 nisi
2008 2220 2162 2256 Romana

1274 2268 1430 2304 Ecclesia.
1457 2267 1668 2303 Curistarum
1682 2268 1811 2303 Sedium
1833 2269 1985 2313 Episcopi
2006 2281 2064 2313 pro
2087 2271 2161 2316 ἱρῆς

1273 2329 1444 2363 pugnant,
1465 2328 1502 2352 ut
1530 2330 1587 2360 pro
1605 2316 1680 2352 Aris
1702 2318 1734 2351 &
1754 2318 1868 2352 focis?
1895 2319 1963 2353 Cur
1980 2320 2068 2362 ipsos
2090 2331 2161 2354 noa

1271 2370 1402 2403 censent
1412 2367 1618 2411 apocryphos
1626 2379 1724 2412 atque
1736 2368 1951 2403 fictitiosmur
1964 2369 2042 2403 istos
2053 2368 2163 2404 Nicae·

1275 2430 1321 2452 nae
1334 2416 1458 2461 synodi
1471 2411 1740 2462 pravaridatorios
1752 2417 1865 2452 titulos
1877 2429 1944 2452 non
1958 2418 2157 2462 deponunt?

1322 2468 1364 2503 Et
1383 2466 1514 2515 quidem
1539 2478 1593 2509 per
1612 2466 1672 2500 hos
1695 2466 1856 2501 Primatus
1887 2467 2034 2511 subjectis
2063 2469 2162 2513 Epis-

1272 2519 1362 2562 copis
1380 2541 1391 2557 ‚
1414 2516 1581 2560 praesertim
1603 2516 1854 2561 Metropolitis,
1879 2529 1947 2553 non
1980 2519 2161 2558 solummo-

1272 2569 1317 2603 do
1350 2568 1602 2605 accumulantur
1623 2566 1822 2609 Adiutores,
1849 2567 1903 2603 sed
1923 2568 2052 2613 insuper
2073 2579 2161 2603 trun-

1273 2629 1363 2653 catur
1383 2616 1552 2662 originalis
1563 2613 1742 2652 authoritas
1755 2627 1853 2660 atque
1866 2617 2029 2662 dignitas.
2055 2615 2162 2667 Qod

1272 2669 1362 2704 enim
1385 2667 1636 2711 Metropolitam
1659 2665 1714 2703 sibi
1727 2666 1897 2702 Praelatum
1917 2666 2055 2712 habeat,
2068 2669 2161 2714 quod

1275 2720 1341 2754 (ine
1365 2716 1605 2760 ejusexamine
1617 2717 1651 2752 &
1677 2717 1798 2760 placito
1812 2717 1997 2751 consecrari
2008 2730 2076 2753 non
2090 2719 2163 2762 pos·

1274 2770 1309 2802 sit
1326 2769 1345 2806 ὲ.
1370 2766 1717 2811 Comprovincialihus
1736 2790 1746 2808 ,
1769 2778 1826 2800 nec
1850 2766 1934 2810 ipsos
1956 2769 2160 2810 consecrare,

1274 2818 1362 2861 quod
1382 2818 1423 2854 ab
1447 2819 1516 2861 ipso
1534 2817 1665 2853 evocari
1690 2816 1808 2861 poffit,
1830 2816 1921 2861 quod
1950 2816 2082 2852 fratrem
2107 2819 2162 2853 de·

1275 2870 1347 2903 beat
1362 2870 1503 2911 accipere
1527 2867 1561 2902 in
1586 2877 1706 2909 patrem
1728 2879 1738 2910 3
1764 2867 1809 2901 est
1838 2878 1906 2902 non
1932 2867 2063 2903 modica
2093 2878 2155 2904 au·

1275 2918 1438 2953 thoritatis
1469 2930 1507 2952 ac
1533 2916 1702 2961 dignitatis
1727 2917 1930 2951 decurtatio.

1323 2968 1417 3017 Qid
1441 2968 1640 3012 generalium
1653 2964 1862 3011 synodorum
1883 2966 2081 3013 Canonibus
2089 2979 2159 3002 ma-

1276 3018 1325 3063 gis
1346 3019 1537 3056 adversum,
1563 3028 1660 3060 quam
1685 3017 1931 3051 nominationes
1949 3017 1990 3051 ad
2002 3017 2160 3053 Sacerdo-

1277 3071 1320 3102 tia
1341 3069 1358 3101 ?
1384 3069 1466 3104 Sunt
1492 3068 1580 3102 enim
1604 3067 1714 3111 gratiae
1734 3065 1936 3109 expestativae
1952 3091 1963 3107 ‚
1996 3078 2076 3108 quas
2100 3079 2161 3102 nu-

1276 3119 1410 3161 perrime
1429 3143 1440 3159 ‚
1461 3119 1494 3152 &
1517 3117 1648 3161 quidem
1671 3117 1783 3149 acriter
1807 3139 1818 3155 ‚
1840 3117 2019 3158 proscripsit
2057 3118 2159 3153 etiam

1276 3168 1428 3204 Trident.
1452 3167 1623 3210 Synodus-
1651 3167 1741 3214 Quid
1768 3165 1917 3211 ejusdem
1932 3166 2072 3211 Regulis
2092 3177 2161 3202 ma-

1272 3219 1324 3263 gis
1346 3218 1511 3254 adversum
1534 3241 1545 3256 ,
1576 3215 1654 3259 quid
1681 3216 1755 3248 Di).
1781 3214 1949 3259 Episcopis
1972 3218 2075 3262 magis
2101 3217 2161 3251 du·

1275 3280 1345 3303 rum
1359 3292 1369 3308 ,
1391 3279 1489 3312 quam
1506 3267 1592 3311 ipsos
1614 3264 1750 3307 peristas
1776 3265 2032 3300 Nominationes
2048 3263 2162 3314 grava·

1248 3325 1252 3329 ’
1275 3319 1320 3359 ri,
1346 3318 1445 3351 etiarn
1474 3317 1507 3350 in
1536 3315 1671 3359 propriis
1698 3315 1884 3350 mensibus?
1905 3315 1975 3351 Cur
1999 3315 2050 3351 isti
2076 3316 2160 3350 San·-

1274 3370 1397 3403 storum
1422 3366 1601 3400 Canonum
1628 3364 1827 3399 Protectores
1880 3365 1921 3400 ad
1956 3364 2022 3401 haec
2048 3364 2089 3399 ab
2116 3364 2162 3397 A·

1277 3418 1435 3462 postolico
1460 3414 1606 3450 Thro‘no
1645 3412 1870 3459 extorquenda
1895 3426 2027 3449 omnem
2054 3424 2160 3448 aerem

1276 3468 1412 3517 implent
1439 3490 1454 3510 ,
1485 3465 1648 3503 &caelos
1674 3466 1819 3503 tundunt
1843 3466 1916 3503 altis
1934 3463 2159 3501 clamoribus?

2031 3513 2120 3566 Qia
