2366 3736
65 2566 192 2611 L4-c-

63 2625 122 2665 3¹*

561 158 749 198 cruca
784 141 1303 197 Paenicirmnw
1336 144 1635 197 Renoua.

208 231 351 280 ipsorum
372 243 459 270 error
480 233 767 269 altiffimeclamat
795 227 992 275 praedicandi
1013 229 1081 262 offi-

206 288 296 319 cium
317 285 438 329 semper
457 283 658 328 competiiffe
688 280 869 317 ordinibus
892 277 1082 313 Mendican-

209 333 319 377 tibus,
346 335 381 369 dc
406 336 498 370 fuisse
523 333 564 368 ab
588 333 659 377 ipsis
685 330 866 366 fidelissime
891 340 929 365 ae
944 328 1083 372 diligen·

208 383 326 418 tiffime
344 385 509 428 expletum
521 409 528 416 .

257 433 345 469 Istud
370 434 487 469 horum
497 431 662 469 ordinum
676 431 833 465 Officium
855 428 942 463 idem
963 428 1034 471 pius
1046 438 1083 461 ac

208 484 356 519 eruditus
377 481 625 518 Nicolausinfra
642 491 681 515 ex
705 481 844 524 profefl'o
864 479 1085 521 exponitzre-

212 539 262 567 m'o
282 545 359 569 nunc
379 535 424 567 ad
445 533 649 565 mendicantes
668 554 678 570 ‚
702 536 757 573 qui
772 541 809 563 ex
843 528 1012 570 Profeffione
1039 538 1084 560 ar·

211 584 339 624 fiiffimae
355 587 548 625 paupertatis
573 593 659 615 veros
665 579 698 623 se
717 578 826 617 chtisti
849 577 1024 621 Discipulos,
1036 589 1086 611 ve-

214 632 317 675 rosque
326 638 490 666 imitarores
502 633 552 674 esse
558 632 681 674 judlant
693 630 974 673 atquc-gloriantur:
991 630 1086 671 ,Quip-

209 691 251 725 pe
266 686 320 724 qui
339 681 578 722 confidamus,
601 689 633 715 ur
645 679 700 722 ipfi
715 681 826 718 aiunt,
847 678 924 712 illud
943 681 1087 720 Evange-

213 733 327 773 licum}x
342 731 381 766 Sl
403 731 476 766 VIS
498 728 783 766 PERFECTUS
807 728 925 767 ESSE,
950 725 1089 761 VADE

214 780 284 816 ET
308 776 478 816 VENDE
497 780 659 816 OMNIA
671 778 800 825 QJAE
827 776 1004 816 HABES,
1023 775 1090 812 ET

213 827 445 878 SEQUERE.
471 832 563 873 Mlz;
590 834 729 867 Omnium
749 827 936 870 poffeffionum
955 824 1090 869 suarum,

218 892 373 923 rerumque
392 882 596 924 temporalium
605 878 708 922 spreta
715 876 836 920 sarcina
848 900 858 915 ‚
880 887 1090 919 onorequegra·

218 931 352 972 vffmo,
371 937 422 974 qut
441 931 550 965 eruditi
565 935 715 972 praetereae
737 932 770 972 in
793 929 919 959 Divinis
942 929 1091 966 Litteris,

220 980 328 1024 quibus
339 988 416 1022 pene
422 979 479 1023 soli
489 979 573 1012 bodie
596 975 758 1021 insudant,
772 977 907 1017 poculum
926 977 1012 1010 verbi
1024 976 1092 1016 Dei,

219 1040 277 1073 quo
293 1029 397 1074 populi
414 1029 586 1071 reficiuntur
597 1051 610 1068 ‚
631 1026 740 1066 affldua
766 1027 982 1068 praedicatione
1005 1031 1090 1058 mini-

214 1079 333 1122 strant:
359 1082 447 1114 Viam
464 1084 507 1114 eis
517 1076 628 1121 salutis
641 1087 763 1111 aeternae
776 1100 788 1117 ,
807 1087 899 1118 quam
909 1086 991 1112 nemo
1013 1077 1094 1108 altus

221 1129 307 1163 aaut
319 1152 331 1169 ,
352 1133 512 1172 aperiunt,
523 1127 668 1170 justorum
690 1128 781 1171 digna
798 1132 927 1168 praemla
948 1150 960 1166 ,
994 1131 1095 1167 impio-

222 1188 347 1221 rumque
363 1178 512 1226 supplicia
531 1175 730 1217 demonstrant
757 1201 764 1207 .
789 1178 892 1218 sicque
913 1181 1032 1209 animas
1058 1174 1097 1210 ab

223 1233 353 1263 interim
369 1227 548 1270 sempiterno
564 1236 620 1270 per
640 1237 744 1261 veram
749 1232 962 1268 penitentiam
981 1235 1097 1260 revoca-

226 1286 278 1312 tas
298 1279 343 1311 aed
362 1281 459 1316 Deum
480 1281 613 1314 converti
629 1275 752 1318 faciunt
767 1301 775 1308 .
801 1280 940 1318 Denique
955 1274 1013 1318 soli
1034 1273 1098 1317 ipsi,

229 1337 264 1362 ut
280 1327 406 1371 offerunt
426 1352 437 1368 ‚
472 1337 643 1362 caeterorum
664 1332 794 1360 omnium
823 1325 950 1366 Ecclefia
969 1324 1099 1369 segniter

229 1377 440 1411 dormientium
457 1379 547 1420 officia
561 1385 711 1422 peragunt
729 1400 739 1415 ‚
759 1385 897 1412 exercent
919 1399 930 1416 ‚
950 1372 1101 1416 eorumque

231 1426 359 1469 delicia,
379 1433 564 1472 ignorantias
574 1451 585 1467 ,
595 1429 629 1464 (ct
641 1427 830 1469 nigligentlas
836 1424 994 1467 supplent.
1018 1424 1101 1471 Qae

229 1476 345 1512 omnia
370 1478 493 1512 rursum
517 1475 665 1509 altiffime
684 1475 891 1515 exclamant,
909 1473 997 1518 quod
1010 1475 1100 1508 Divi·

229 1526 269 1562 ui
290 1525 394 1562 Verbi
421 1527 458 1561 in
489 1523 674 1561 parochiali
706 1523 850 1560 Ecclesia
869 1523 1024 1559 audiendi
1045 1523 1101 1559 ob·

228 1575 352 1621 ligatio
363 1598 375 1615 ,
391 1586 473 1610 tunc
484 1587 551 1609 non
575 1574 749 1610 excluserit
772 1574 929 1608 Ecclefias
937 1574 1103 1608 ordinum

228 1625 520 1661 mendicantium:
537 1625 631 1670 quod
653 1624 726 1658 talis
741 1624 902 1668 cogitatio
914 1633 994 1657 tunc
1006 1623 1107 1658 nemi-

230 1676 273 1712 ni
297 1676 345 1710 vel
367 1675 543 1711 occurrerit
555 1700 563 1708 .
592 1674 695 1706 Porro
706 1672 865 1708 Nicolaus
876 1682 944 1708 non
955 1671 1039 1706 male
1057 1672 1103 1709 di-

231 1726 295 1760 cit:
306 1724 446 1771 Jao‘lant
464 1733 554 1767 atque
573 1723 742 1767 gloriantur
763 1747 770 1754 .
796 1728 835 1755 Ut
861 1721 916 1764 ipfi
931 1724 1039 1764 ajunt.
1067 1725 1106 1759 Ut

231 1775 380 1819 affcrunt.
407 1775 543 1811 Etenim
561 1771 783 1812 demonstrat,
803 1784 841 1805 ac
864 1783 906 1805 ex
927 1774 1041 1806 animo
1066 1772 1106 1804 la·

236 1834 402 1859 mentatur
425 1834 527 1857 omne
550 1831 630 1854 tunc
652 1820 801 1856 Ecclesiae
823 1820 939 1854 statum
955 1820 1046 1860 suifl'e
1071 1821 1107 1853 in

240 1873 411 1917 disciplina
430 1881 617 1915 corruptum
629 1895 639 1910 ,
654 1870 793 1913 ideoque
803 1870 902 1904 etiam
913 1868 1107 1907 Mendican-

238 1934 289 1959 tes
307 1922 451 1958 Ordines
471 1922 598 1967 eguisse
609 1931 690 1954 tunc
712 1920 883 1964 disciplina
898 1943 907 1951 .
933 1920 1108 1972 Qodfuit

238 1975 382 2008 omnino
404 1982 536 2008 verum.
565 1970 690 2006 Eorum
710 1979 790 2008 tunc
812 1969 947 2008 morbos
966 1971 1054 2006 vides
1074 1969 1108 2006 iu

237 2023 358 2059 eodem
379 2022 484 2058 libro.

293 2071 398 2122 Qod
416 2071 538 2109 Fidelis
561 2070 832 2116 populus,etiam
852 2072 885 2107 in
898 2072 1051 2108 maximis
1063 2081 1109 2107 to·

240 2123 309 2162 tius
329 2123 409 2158 anni
430 2122 693 2161 Festivitatibus,
719 2123 861 2165 potuerit
891 2122 926 2156 in
946 2123 1112 2157 ordinum

242 2172 510 2208 Mendicantium
526 2196 538 2213 ,
554 2180 622 2205 non
636 2171 745 2206 minus
763 2183 862 2214 quam
884 2174 919 2206 in
940 2170 1113 2207 Parochia-

237 2222 346 2265 libus,
373 2222 526 2261 Eccleiiis
545 2221 611 2256 Dei
632 2221 781 2256 Verbum
801 2222 935 2264 audire,
948 2221 1113 2267 insigniter

237 2282 327 2315 patet
345 2283 386 2306 ex
407 2272 560 2315 responso
583 2296 595 2315 2
614 2273 700 2315 quod
719 2271 905 2308 Graecorum
945 2272 1114 2317 Episcopis

236 2322 418 2359 Ferrariam
439 2321 582 2358 advestis
593 2321 632 2355 ad
652 2322 826 2365 Synodum
838 2346 849 2362 ‚
875 2322 1036 2356 dederunt
1051 2322 1112 2356 Eu·

236 2373 355 2417 genius
367 2371 436 2407 JV.
449 2370 608 2407 Pontifex
619 2396 630 2411 ‚
647 2383 684 2410 ac
707 2372 887 2416 Episcopus
899 2371 1113 2407 Ferrarienfis.

233 2422 383 2457 :Inflabat
399 2432 478 2456 tunc
501 2419 667 2454 Paschalis
690 2422 878 2456 solemnitas
893 2446 904 2461 ,
919 2422 1068 2465 atqueita
1080 2423 1112 2456 in

237 2471 423 2507 Florentini
436 2471 584 2505 Concilii
602 2469 736 2504 historia
746 2471 855 2506 scribit
866 2472 1024 2513 sylvester
1035 2474 1114 2518 Sgu-

234 2522 397 2565 xopulus,
421 2520 579 2564 Cruciger
610 2520 781 2555 Diaconus
805 2522 1112 2566 Constantinopoli-

237 2567 324 2606 tanae
347 2566 524 2605 Ecclefiae':
550 2570 728 2603 Patriatcha
751 2573 771 2602 ἃ
792 2573 881 2612 Papa
895 2570 1025 2614 poposcit
1045 2582 1114 2605 tem-

234 2622 325 2666 plum
335 2633 372 2654 ex
395 2632 452 2653 uno
469 2618 706 2658 Monastcriorum
727 2619 921 2663 augustum&
938 2619 1114 2664 spatiosum,

241 2683 299 2715 quo
316 2670 457 2714 solemnia
480 2667 636 2711 Paschatis
658 2672 726 2710 jam
747 2679 815 2712 prae
835 2669 956 2711 foribus
982 2670 1114 2714 cumsuts

237 2730 398 2766 perageret
409 2745 417 2753 .
440 2719 594 2763 Poposcit
604 2719 747 2761 aliquam
761 2720 937 2754 Ecclesiam
950 2720 1114 2756 Ordinum

240 2769 507 2809 Mendicantium
518 2794 525 2802 .
554 2766 700 2803 Hienim
711 2769 770 2804 soli
783 2770 933 2804 Ferrariae
945 2772 1026 2805 inter
1039 2771 1115 2805 Mo-

244 2818 675 2859 nachoshabent·Ecc1efias
694 2820 846 2865 augustas
864 2822 899 2855 ἀ
919 2821 1058 2864 amplas.
1078 2827 1116 2855 At

241 2877 331 2915 Papa
350 2870 525 2914 respondit:
549 2870 644 2914 ,Quod
655 2875 748 2912 petiit
769 2870 952 2912 Pqtriarcba
974 2873 1016 2903 ad
1018 2870 1051 2914 se
1062 2878 1115 2904 mi-

243 2925 324 2959 nime·
341 2927 509 2965 pertinere,
526 2918 580 2961 sed
604 2921 649 2952 ad
672 2918 847 2963 Episcopum
874 2920 1115 2963 Ferrarienfiem,

243 2985 336 3017 quare
357 2984 412 3015 quo
432 2971 536 3004 debeat
556 2994 566 3010 ,
589 2970 768 3011 postulatum
796 2972 967 3012 transferat
991 2997 998 3004 .
1027 2974 1118 3015 ,Quod

245 3033 279 3057 ut
297 3022 433 3065 praessittt
450 3019 629 3054 patriarcha
642 3044 653 3060 ‚
673 3019 724 3054 boc
734 3021 773 3054 ab
799 3019 944 3063 Episcopo
953 3020 1116 3064 responsum

248 3075 389 3107 rulitssn
396 3073 562 3115 grandiora
586 3069 798 3103 Manacborum
817 3069 956 3113 sacraria
982 3084 1039 3104 non
1060 3071 1116 3114 soli

249 3122 405 3161 Monacln,
430 3119 488 3163 sed
511 3132 600 3162 quam
622 3122 746 3162 plurlml
767 3124 944 3163 Magnam,
970 3124 1115 3165 &ingens

248 3174 404 3208 multitudo
420 3171 589 3211 populorum
614 3172 658 3203 ad
681 3174 802 3204 Divina
828 3173 930 3212 Officia
953 3171 1115 3211 confluunt.

247 3229 286 3258 In
306 3221 481 3266 solemnibus
494 3224 566 3253 vero
585 3220 678 3262 feriis
690 3223 784 3254 multa
802 3223 1010 3265 frequentiora
1022 3246 1032 3262 ,
1043 3223 1116 3256 adeo

243 3283 278 3308 ut
304 3283 354 3306 nec
394 3269 450 3311 ipfi
470 3270 608 3304 Monacbi
629 3269 695 3313 suls
721 3275 865 3316 Liturgiis
883 3296 894 3311 ,
920 3272 1033 3309 hymnis
1050 3297 1061 3312 ,
1083 3275 1117 3305 (τ

245 3320 445 3358 Cantlonibus
470 3329 592 3353 careant
614 3343 624 3358 ‚
650 3330 705 3354 aut
731 3323 822 3355 alium
847 3322 976 3355 habeant
1002 3325 1116 3361 locum,
1141 3328 1142 3332 ’

244 3385 302 3417 quo
322 3386 358 3405 ea
375 3369 530 3412 perficiant
552 3393 563 3409 ,
588 3381 624 3402 ne
648 3377 698 3413 qui
724 3382 812 3404 extra
838 3372 1044 3412 monasterium
1071 3377 1114 3405 vi·

245 3433 325 3459 vum
351 3428 384 3454 in
407 3425 554 3458 civitate,
579 3417 642 3461 sun
659 3418 754 3463 solitis
781 3426 960 3456 Concionum
985 3424 1018 3456 (15
1043 3419 1112 3463 Mis:

243 3474 348 3520 sarum
367 3469 483 3514 solatiis
509 3467 711 3508 destituantur
731 3494 738 3502 .
765 3471 851 3506 Ecce
874 3473 952 3515 quid
976 3481 1056 3506 tunc
1075 3472 1115 3506 de

322 3519 429 3561 christ.
443 3522 524 3561 Lupi
535 3522 633 3558 opera
643 3522 783 3553 TomXI.

1890 149 1978 204 2'91

1146 228 1256 263 audita
1276 251 1288 269 ,
1314 228 1414 262 etiam
1440 231 1474 264 in
1500 231 1570 275 ipso
1597 226 1750 265 Paschali
1776 228 1873 265 Festo
1897 255 1909 271 ,
1933 233 2019 276 apud

1147 278 1290 313 Ordines
1318 277 1544 315 Mendicantes
1571 281 1745 315 concione
1771 281 1925 315 senserint
1950 284 2021 316 Fer·

1148 327 1290 362 tarienfis
1316 328 1496 372 Episcopus
1518 354 1529 370 ,
1565 343 1603 365 ac
1630 331 1718 375 Papa
1745 331 1911 375 Eugenius
1930 355 1937 363 .
1975 330 2023 366 Ee

1149 377 1282 422 quidem
1310 378 1366 412 ille
1394 379 1572 422 Episcopus
1600 392 1667 414 non
1695 380 1758 415 fuit
1784 392 1825 415 ex
1850 381 2021 415 communi

1150 439 1307 462 numero.
1332 428 1410 462 Fuit
1437 430 1525 462 enim
1553 428 1662 464 beatus
1689 430 1828 474 Joannes
1852 429 1894 464 de
1919 430 2024 465 Coffi·

1151 478 1251 512 niano
1275 501 1286 517 ,
1312 480 1361 510 vir
1387 476 1487 522 longe
1513 480 1717 513 saniliffimus
1737 504 1747 519 ,
1772 480 1807 512 ὃ(
1833 480 2026 514 clariffimus-

1150 526 1320 562 miraculis.
1331 527 1380 560 lta
1392 527 1512 561 docent
1525 528 1641 563 tabulae
1654 529 1850 563 Ferdinandi
1861 529 2018 574 Ughelli.

1203 579 1248 611 Et
1261 575 1345 611 hanc
1357 577 1526 611 Ordinum
1545 578 1812 612 Mendicantium
1832 579 2025 621 potestatem

1153 627 1298 672 praedicat
1318 627 1473 661 &laudat
1497 627 1531 661 in
1557 628 1602 660 sui
1618 627 1802 661 Florentini
1816 628 1960 662 Concilii
1973 629 2027 663 ad·

1154 675 1279 712 versum
1290 676 1396 711 Marci
1409 675 1563 721 Ephefini
1579 675 1826 721 Archiepiscopi
1847 678 2028 712 calumnias

1155 728 1320 772 Apologia
1334 727 1514 771 Gregorius
1525 727 1811 770 Proto-Syncellus
1826 739 1833 759 -.
1855 729 1974 760 Utinam
1982 738 2030 760 no-

1155 778 1203 810 bis
1227 784 1269 810 tot
1298 777 1385 820 effent
1401 781 1627 810 Concionatores
1640 783 1672 809 in
1683 774 1811 816 Ecclefia
1832 776 1933 809 diebus
1942 776 2031 818 festis

1153 837 1187 860 ac
1205 829 1368 860 Dominicis
1386 828 1532 869 populum
1545 829 1681 860 docentes
1693 852 1703 867 ,
1731 827 1811 869 quod
1815 824 1839 868 s
1835 838 1932 859 umma
1936 826 2033 867 felici·

1155 884 1216 909 tate
1226 874 1366 918 visuntur
1377 882 1409 909 in
1437 879 1556 909 Latina
1570 876 1698 917 Ecclesia
1709 901 1719 916 ,
1745 885 1872 919 quotque
1894 876 2033 911 Monachs

1155 934 1321 964 extremam
1342 927 1474 968 amplexi
1481 934 1711 968 paupertatem.
1740 926 1850 960 Etiam
1871 923 1924 959 hic
1948 926 2034 959 Gre·

1158 977 1269 1021 gorius
1284 988 1351 1009 non
1363 975 1425 1011 fuit
1437 977 1510 1011 talis
1521 975 1638 1019 qualis.
1671 975 1803 1010 Etenim
1823 977 1890 1018 ejus
1904 977 2035 1019 Apolo·

1159 1028 1218 1071 giae
1230 1025 1349 1059 Paulus
1363 1024 1576 1060 V.Pontifex
1586 1026 1669 1068 juffit
1682 1026 1801 1070 praefigi
1816 1025 1880 1060 hoc
1891 1026 2037 1060 encomi-

1160 1087 1236 1109 um:
1265 1079 1422 1119 Gregorius
1436 1076 1694 1110 Hiero-Monachus
1705 1101 1715 1117 ,
1739 1088 1865 1119 magnus
1877 1074 2038 1118 Protosjm-

1161 1126 1245 1159 cellus
1259 1150 1270 1165 ,
1281 1127 1314 1159 Θ
1325 1128 1345 1158 ἃ
1359 1124 1586 1167 Confesfionibus
1599 1149 1610 1165 ,
1624 1131 1675 1168 qui
1683 1125 1859 1168 postmodum
1870 1136 1986 1159 creatus
1999 1124 2039 1165 est

1165 1174 1345 1210 Patrios-cha
1354 1200 1365 1216 ‚
1389 1176 1422 1208 ὑ
1433 1179 1535 1209 Romae
1554 1174 1691 1219 sepultus
1703 1175 1864 1220 coruscavit
1874 1176 2040 1208 miraculis.

1166 1226 1254 1259 Dum
1264 1226 1368 1258 Graeci
1383 1249 1394 1264 ‚
1404 1225 1603 1260 excutiendo
1612 1223 1725 1260 fastam
1739 1227 1771 1260 in
1784 1227 1974 1261 Florentina
1984 1226 2042 1267 Sy-

1166 1276 1255 1309 nodo
1267 1276 1431 1309 unionem
1447 1299 1458 1315 ,
1483 1276 1734 1319 compleverunt
1754 1277 1807 1310 sua
1831 1286 1960 1319 peccata
1972 1300 1983 1315 ‚
2009 1275 2044 1310 δε

1168 1325 1293 1359 Divina
1320 1323 1448 1367 lustitia
1458 1326 1588 1367 parabat
1601 1326 1683 1368 ipsos
1703 1325 1737 1358 in
1748 1325 1931 1358 Turcicam
1947 1325 2047 1367 capti-

1167 1375 1298 1410 vitatem
1310 1373 1446 1412 tradere,
1459 1373 1513 1408 hic
1524 1373 1703 1418 Gregorius
1713 1374 1730 1409 e
1744 1372 2049 1418 Constantinopoli,

1167 1433 1332 1466 tamquam
1344 1423 1426 1457 alter
1437 1423 1528 1458 Loth
1551 1424 1570 1459 e
1584 1424 1757 1464 Sodomis,
1785 1424 1963 1458 subtractus
1991 1424 2047 1457 est:

1168 1474 1300 1517 reliquit
1312 1474 1388 1507 Deo
1395 1483 1432 1506 ac
1446 1474 1593 1507 Ecclefiae
1600 1473 1750 1507 rebellem
1760 1474 1918 1518 posqulum
1931 1474 1964 1507 δε
1976 1473 2051 1507 Cle-

1169 1534 1252 1563 rum,
1265 1522 1407 1556 Romam
1420 1522 1513 1563 abiit,
1525 1523 1598 1556 istic
1609 1522 1778 1558 defunctus
1789 1525 1834 1558 est
1847 1524 2053 1566 sanctiffime,

1168 1574 1201 1607 &
1212 1573 1282 1616 post
1294 1581 1436 1606 mortem
1451 1571 1616 1607 miraculis
1630 1573 1831 1607 coruscavit.
1844 1574 1980 1608 Tantus
1990 1575 2054 1608 Ec-

1170 1622 1267 1656 clefiae
1279 1620 1424 1656 Antistes
1448 1621 1480 1655 &
1504 1621 1631 1655 Doctor
1642 1621 1874 1657 Mendicantes
1887 1623 2058 1669 Regulari-

1172 1682 1227 1707 um
1238 1671 1381 1705 Ordines
1394 1695 1406 1711 ‚
1433 1671 1641 1714 ipsorumque
1654 1672 1687 1704 in
1702 1673 1790 1705 sacro
1803 1673 1891 1706 verbi
1915 1674 2057 1708 ministe-

1173 1723 1222 1755 rio
1231 1720 1442 1764 diligentiam
1453 1720 1636 1764 gratulatur
1650 1720 1776 1754 Latinae
1790 1722 1938 1758 Ecclefiae
1948 1747 1959 1764 ‚
1972 1734 2058 1758 eam-

1172 1770 1311 1812 demque
1325 1768 1512 1803 felicitatem
1528 1779 1663 1812 exoptat
1678 1770 1737 1806 suae
1750 1771 1883 1805 Graecae.
1915 1774 1959 1807 Et
1979 1783 2057 1808 ecce

1173 1819 1226 1854 hic
1238 1818 1408 1853 Tenebrio
1422 1819 1523 1862 garrit
1546 1818 1622 1853 istas
1635 1819 1828 1855 Conciones
1848 1821 1964 1857 diebus
1986 1823 2056 1857 Do-

1175 1868 1306 1903 minicis
1321 1879 1358 1902 ac
1370 1867 1458 1902 festis
1472 1869 1670 1913 frequentari
1696 1880 1763 1903 non
1778 1871 1864 1914 poffe
1875 1896 1887 1912 ,
1909 1873 2057 1914 adeoque

1174 1919 1208 1955 &
1226 1918 1454 1953 Occidentalis
1476 1919 1510 1952 &
1534 1919 1715 1956 orientalis
1727 1920 1875 1958 Ecclefiae
1895 1922 2056 1968 judicium

1177 1980 1245 2006 non
1262 1967 1419 2014 erubescit
1432 1968 1605 2005 damnare.

1400 2069 1432 2104 C
1459 2069 1491 2106 A
1517 2072 1544 2107 P
1572 2072 1612 2109 U
1640 2072 1678 2108 T
1736 2075 1833 2111 V11.

1202 2118 1411 2162 Praefatarum
1432 2119 1648 2164 ftntentiarum
1667 2128 1685 2167 j
1691 2124 1789 2165 ustttia
1816 2129 2031 2170 demonstratur

1337 2175 1427 2203 etiam
1452 2183 1489 2205 ex
1518 2174 1682 2215 apostolicis
1705 2178 1877 2222 privilegiis
1888 2204 1896 2212 .

1292 2219 1387 2253 Olim
1400 2221 1513 2255 omnia
1528 2224 1798 2260 Mendicantibus
1810 2228 1995 2264 Ordinibus
2016 2227 2057 2264 ad

1309 2269 1376 2303 Dei
1391 2271 1526 2305 verbum
1541 2273 1781 2316 praedicandum
1806 2278 1881 2313 data
1893 2290 1947 2322 per
1966 2282 2059 2322 Apo-

1179 2320 1328 2353 stolicarn
1344 2320 1460 2354 Sedem
1472 2322 1642 2367 privilegia
1656 2324 1709 2358 hic
1720 2337 1882 2369 exponere
1894 2352 1901 2359 .
1931 2329 1984 2361 13st
1997 2330 2057 2362 irn-

1181 2371 1328 2403 mensum
1341 2380 1424 2413 opus
1436 2394 1444 2401 .
1457 2372 1631 2407 Adducam
1641 2375 1811 2409 dumtaxat
1824 2378 1889 2415 illa,
1900 2389 1968 2420 quae
1982 2380 2057 2413 sunt

1178 2420 1282 2453 clausa
1296 2420 1328 2452 in
1343 2419 1490 2462 Corpore
1501 2422 1605 2463 Iuris,
1627 2424 1775 2466 adeoque
1797 2426 1966 2460 adversum
1989 2439 2057 2471 quae
2094 2447 2098 2450 f

1179 2470 1289 2502 nullus
1300 2469 1393 2511 possit
1405 2472 1561 2513 grunnire
1574 2497 1581 2504 .
1596 2472 1682 2506 Nam
1693 2475 1725 2507 &
1740 2476 1806 2518 ipsa
1820 2477 1918 2513 nostri
1934 2477 2057 2511 Catho-

1180 2518 1234 2551 lici
1245 2518 1352 2563 Reges
1364 2519 1545 2561 frequenter
1555 2522 1730 2558 sanxerunt
1743 2524 1977 2561 inviolabiliter
1999 2528 2057 2562 ob-

1182 2569 1315 2603 servari.
1343 2568 1400 2602 Eis
1409 2567 1603 2605 addiderunt
1614 2572 1646 2605 ὅ(
1659 2573 1725 2606 vim
1740 2575 1833 2619 legiS.
1858 2575 2057 2614 Praemittere

1181 2629 1290 2653 tamen
1306 2619 1385 2652 volo
1398 2620 1584 2661 primaevum
1595 2623 1763 2657 Ordinum
1787 2625 2054 2662 Mendicanrium

1181 2680 1239 2712 pro
1252 2669 1319 2702 Dei
1329 2668 1428 2701 verbo
1440 2669 1646 2712 praedicando
1659 2697 1669 2713 ‚
1686 2674 1892 2719 privilegium
1903 2701 1913 2717 ,
1935 2677 2053 2720 ipsum.

1181 2729 1244 2760 que
1255 2718 1366 2761 paucis
1376 2718 1556 2754 dilucidare
1569 2744 1576 2753 .
1588 2721 1760 2757 Honorius
1772 2735 1850 2769 ergo
1862 2726 1917 2758 111.
1931 2727 1964 2759 dc
1975 2728 2054 2761 Gre-

1180 2768 1292 2813 gorius
1312 2768 1372 2801 lx.
1384 2768 1534 2806 Patribus
1545 2770 1812 2807 Praedicatoribus
1834 2777 1979 2810 fecerunt
1997 2788 2053 2810 au-

1181 2819 1369 2853 thoritatem
1391 2819 1738 2866 praedicandiubique‚
1766 2835 1832 2857 non
1843 2826 2056 2861 solummodo

1180 2871 1215 2902 in
1228 2869 1363 2912 propriis
1375 2892 1387 2909 ‚
1413 2870 1466 2903 sed
1477 2870 1575 2909 etiarn
1588 2872 1622 2905 in
1635 2872 1880 2909 parochialibus
1890 2876 1922 2910 &
1935 2876 2054 2911 Cathe-

1179 2919 1321 2952 dralibus
1333 2918 1478 2954 Ecclesiis
1490 2932 1502 2953 .-
1526 2932 1623 2955 etiam
1637 2922 1747 2956 invitis
1758 2924 1888 2959 istarum
1904 2926 2054 2960 Ecclefia-

1180 2979 1250 3003 rum
1262 2968 1456 3006 Restoribns
1466 2993 1473 3002 .
1489 2969 1545 3003 Eis
1558 2972 1748 3014 Apostolica
1762 2975 1858 3008 Sedes
1870 2976 2052 3018 inhibebat,

1183 3030 1223 3053 ne
1256 3018 1422 3062 praedicare
1445 3021 1609 3053 volentem
1635 3023 1858 3064 praesumerenr
1879 3026 2054 3068 impedire.

1176 3069 1308 3108 ,Eodem
1320 3069 1388 3112 jure
1408 3070 1558 3103 &modo
1580 3071 1807 3109 Praedicarores
1825 3075 1948 3117 ubique
1971 3078 2055 3111 loco-

1181 3130 1249 3153 rum
1259 3129 1411 3162 ‘poterant
1422 3121 1572 3162 excipere
1581 3121 1608 3153 F
1612 3121 1745 3157 idolium
1761 3125 1986 3160 Confell'iones
1999 3150 2008 3165 ,
2020 3127 2053 3161 δε

1181 3170 1298 3213 quaevis
1317 3179 1445 3213 peccata
1482 3170 1646 3205 absolvere
1660 3197 1667 3203 .
1695 3173 1773 3208 Haec
1794 3177 1897 3217 gratia
1925 3177 2054 3220 quibus·

1180 3220 1255 3253 dam
1269 3219 1456 3262 Episcopis,
1480 3231 1516 3252 ac
1529 3220 1778 3258 parochialibus
1788 3225 1951 3269 praesertim
1966 3225 2054 3260 Pres-

1180 3268 1490 3313 hyterisgravissime
1503 3270 1666 3312 displicuit
1677 3297 1687 3313 ,
1701 3273 1838 3316 ideoque
1848 3277 1929 3318 passa
1942 3275 1986 3309 est
1996 3275 2056 3310 du-

1179 3332 1229 3353 ros
1240 3320 1372 3353 obices.
1400 3318 1441 3350 Et
1463 3318 1542 3351 hinc
1566 3322 1715 3362 praesatus
1738 3325 1917 3367 Gregorius
1933 3325 1973 3359 ad
1989 3336 2059 3360 om·

1176 3380 1238 3404 nes
1250 3368 1310 3403 sub
1321 3369 1403 3402 ccelo
1419 3369 1614 3414 Episcopus,
1641 3370 1793 3407 Pxaelatos
1805 3398 1814 3413 ,
1842 3385 1879 3407 ac
1892 3374 2061 3417 Presbyte-

1182 3431 1232 3454 τος
1259 3421 1376 3462 adjecit
1404 3418 1487 3451 hanc
1517 3420 1603 3462 Em}
1614 3421 1730 3456 clicam
1757 3423 1946 3466 epistolam:
1982 3428 2062 3468 ,Quo-

1187 3478 1268 3503 niam
1294 3469 1465 3505 abundavit
1489 3473 1633 3513 iniquitas
1655 3496 1666 3512 ,
1706 3474 1739 3506 (tt
1766 3472 1902 3517 refriguit
1928 3474 2060 3508 charitas

1601 3522 1628 3554 B
1657 3524 1676 3556 b
1732 3534 1756 3559 2
1949 3525 2015 3567 plu-
