2366 3736
659 126 743 172 Dr.
780 127 1044 171 Simorum
1082 122 1653 170 MONASTERIORUM.

213 209 347 249 Clerici>
356 236 368 253 ‚
393 211 451 253 qui
464 218 505 245 ex
517 209 648 244 alterius
657 205 848 242 Monasserii
861 205 1026 238 novitiatu
1038 205 1088 240 ad·

211 266 324 299 duetus
338 263 476 296 Beccum
491 286 502 302 ,
527 273 565 296 ae
577 260 696 300 ibidem
712 258 866 299 professus
888 253 1090 297 repetebatur

209 315 228 348 ὲ
243 311 338 356 priori
352 313 580 350 Monasserio,
607 308 725 349 scriplit
749 305 790 340 ad
811 305 878 347 ejus
902 304 1089 340 Abbatem:

203 362 402 407 fipraedic‘lus
410 365 538 395 Clericus
551 357 698 400 nobiscum
707 356 857 406 ¹manserit
868 379 880 395 ‚
897 357 941 390 θ
954 366 1000 388 res
1009 358 1090 396 ejus,

210 425 285 456 quas
293 419 384 455 prius
394 437 405 454 ,
441 420 498 446 icat
505 407 634 453 seipsum
646 432 657 447 ‚
687 408 768 440 nobis
782 408 868 441 dedit
878 427 888 443 ‚
906 417 997 448 quam
1006 409 1092 447 apud

204 475 263 500 vor
272 469 448 505 petitionem
470 462 504 494 ό·
528 469 631 492 votum
650 456 786 491 Manat-hi
800 457 919 500 faceret
932 481 942 496 ,
967 462 1090 490 retinere

210 515 384 553 volueritis,
410 512 553 544 nullama
575 507 716 552 nobismet
737 509 918 541 calumniam
943 504 1088 550 sustinebi-

209 570 252 598 tis
265 590 272 597 .
300 564 428 604 Nempe
446 559 688 595 Monastetium
711 558 793 592 illud
812 558 847 591 in
873 557 980 590 fratris
993 580 1004 596 ,
1033 558 1088 602 qui

210 615 379 649 dumtaxat
393 611 552 646 Novitius
562 611 688 649 fuerat,
716 609 802 643 bona
829 607 957 640 nullum
979 607 1030 650 jus
1041 620 1090 642 ac·

209 664 400 709 quifiverat:
431 661 511 697 hinc
533 660 711 694 Anselmus
735 658 788 692 iila
810 657 888 692 licet
911 660 1023 691 omnia
1045 670 1091 694 re-

209 712 356 747 mitteret
382 712 468 747 dixit
494 712 533 745 ad
573 712 664 744 suum
694 706 896 743 Coenobium
920 708 1056 750 speaare
1086 732 1092 739 .

207 763 302 811 Qia
314 761 392 796 huic
405 773 460 805 per
471 761 698 806 profeffionem
718 760 775 792 ille
787 782 798 798 ,
823 758 856 792 δε
868 759 941 792 se&
963 758 1016 791 sua
1038 757 1091 792 de-

210 814 302 848 derat
316 838 324 845 .
351 812 414 846 Hae
434 813 631 846 donationes
654 812 728 843 sunt
747 808 926 848 diffinitat,
953 807 1093 851 ideoque

209 863 288 898 licet
301 874 355 907 per
367 864 496 907 profeffi
521 860 767 895 translationem
789 859 891 901 prima
914 859 1055 893 solvatur
1082 882 1093 898 ‚

207 914 293 947 solvi
308 926 376 948 non
400 913 495 947 debet
519 911 723 946 &secunda
756 910 855 943 Hanc
877 908 1010 953 leges&
1032 908 1093 941 Ca-

211 974 337 1005 nones,
364 964 442 997 ut&
453 963 562 1006 primae
574 960 733 996 solutioni
747 959 961 1003 impedirent,
982 958 1095 993 nolue-

209 1025 286 1048 runt
306 1014 409 1047 solvi.

258 1062 351 1097 Idem
363 1062 600 1097 censuerunt&
624 1063 800 1096 sanxerunt
814 1058 940 1102 antiqui
967 1059 1094 1102 Hybet-

34 1132 99 1169 [ὦ
140 1129 181 1169 ¹8
210 1123 328 1147 norum
341 1114 520 1148 Canones:
546 1114 578 1145 si
589 1118 655 1156 quis
678 1112 932 1146 commendaverit
952 1117 1091 1142 animam

33 1192 70 1218 ‘a
131 1181 154 1219 6
184 1157 191 1165 ⁵
205 1160 314 1206 suam,
341 1165 376 1198 ό·
396 1172 502 1205 corpus
517 1187 528 1203 ‚
555 1165 590 1196 Θ·
611 1168 710 1195 omnia
731 1173 801 1204 quae
817 1160 907 1194 babet
922 1184 934 1199 ,
974 1164 1035 1194 Deo
1061 1162 1096 1194 <⁸7

31 1218 33 1220 ’
73 1194 102 1227 Ρ’
156 1207 164 1214 ’
211 1217 370 1255 ier-incipi,
399 1215 434 1245 id
442 1213 503 1253 est,
533 1213 643 1246 Abbati
647 1211 774 1255 santio,
802 1209 970 1252 &fipollea
990 1216 1098 1243 exierit

211 1264 258 1297 ad
268 1264 393 1297 alterum
409 1264 553 1297 abbatem
567 1288 578 1304 ‚
603 1265 637 1297 (9
646 1263 899 1295 commendaverit
910 1260 956 1293 illi
964 1268 1099 1293 animam

207 1312 296 1357 suam
308 1337 318 1352 ,
345 1315 380 1347 ό·
391 1317 490 1346 omnia
504 1325 572 1356 quae
579 1314 697 1356 poffidet
709 1336 719 1352 ‚
745 1313 830 1351 cujus
854 1319 941 1344 erunt
956 1311 1019 1344 baec
1040 1322 1098 1343 om·
1119 1351 1123 1357 ἡ

212 1371 266 1396 nia
280 1363 296 1394 ?
323 1365 436 1395 Prioris
447 1369 549 1407 utique
574 1362 701 1395 abbatis
724 1366 824 1395 omnia
841 1359 916 1402 sua.
942 1362 974 1392 51
996 1368 1100 1394 tamen

216 1424 321 1446 votum
341 1415 407 1452 ejus
418 1414 468 1444 illo
480 1418 607 1445 vivente
621 1423 679 1445 non
695 1418 790 1444 tat-uit
801 1434 809 1441 .
838 1414 872 1442 N
876 1411 1001 1449 oviffimo
1027 1412 1100 1445 'verri⁴

215 1463 325 1496 Abbati
335 1462 515 1503 relinquitur
524 1462 558 1495 (π
567 1468 672 1502 corpus
682 1461 750 1501 ejus
762 1484 774 1500 ,
800 1459 835 1493 Θ
855 1458 1063 1498 vestimentum
1090 1483 1101 1499 ,

1940 136 2001 184 57

1150 203 1199 248 git
1211 204 1252 239 ad
1275 204 1514 248 disponendum
1534 209 1575 242 de
1597 208 1661 242 suis
1680 205 1802 242 bah}
1824 206 1901 241 δοκι·
1922 206 2199 251 quide.Tom.10.

1146 254 1204 297 sua
1214 257 1420 298 qualicumque
1426 265 1608 297 paupertate
1621 283 1632 298 ,
1657 258 1739 301 quod
1755 258 1936 299 statuerant,
1964 270 2027 292 nec·
2045 259 2147 291 Hom.

1151 305 1385 348 dumfecerunt.
1415 313 1457 342 Hi
1464 305 1536 348 sunt
1547 311 1657 342 Valens
1672 312 1819 342 Diaconus
1832 333 1842 348 ,
1868 309 1902 341 (3·
1925 310 2028 340 Patri-
2047 317 2102 353 50.
2153 304 2196 340 de

1151 361 1212 388 cius
1224 365 1314 398 nepos
1325 368 1409 389 meus
1421 356 1620 390 subdiaconus
1637 384 1643 390 .
1671 363 1782 391 Matris
1797 365 1866 392 vita
1887 360 2027 399 impedie—
2045 358 2158 392 divetss

1151 404 1204 438 bat
1214 431 1226 447 ‚
1251 412 1323 450 quia
1334 409 1405 441 inde=
1416 407 1540 439 vivebat
1554 431 1561 438 .
1589 410 1820 449 Expeeiabatur
1836 416 1868 441 in
1877 410 1925 441 illo
1937 413 2030 442 etiam

1151 457 1291 499 legitimae
1303 463 1405 490 aetatis
1419 457 1544 499 accessus
1560 481 1570 496 ,
1594 467 1630 490 at
1652 461 1732 499 quod
1745 460 1885 501 faceret,
1908 457 2031 501 firmiffi-

1152 508 1199 539 me
1201 506 1322 548 faceret
1338 531 1346 539 .
1373 508 1520 539 Nondum
1533 515 1630 540 autem
1639 508 1735 549 fecit,
1762 515 1834 551 quia
1853 509 1931 553 ipsos
1953 509 2033 552 agel-

1150 556 1194 588 los
1206 555 1299 588 haber
1319 556 1445 600 cumsuo
1454 559 1566 590 Fratre
1576 567 1741 590 communes
1753 583 1763 599 ,
1790 558 1885 600 &sab
1897 555 2034 601 indiviso

1151 617 1198 639 eos
1207 607 1366 649 posfident.
1393 607 1539 641 Proinde
1550 608 1705 649 professus
1718 620 1796 641 tunc
1811 609 1958 643 Clericus
1974 617 2036 642 aut

1153 656 1346 690 Monachus
1385 657 1490 692 solum
1529 659 1658 691 suarum
1684 658 1913 700 poffeffionum
1942 660 2037 691 usum

1154 707 1364 740 transferebat
1377 708 1411 740 in
1426 708 1665 742 Monasterium
1681 733 1690 748 ,
1717 710 1948 751 proprietatem
1964 708 2037 751 ple-

1155 768 1201 790 no
1212 757 1269 791 fibi
1279 758 1349 800 jure
1361 758 1522 792 retinebat
1532 783 1540 791 .
1569 758 1802 792 Transferebat
1815 758 1906 791 usum
1923 772 1929 791 :
1957 759 2036 801 quia

1156 807 1256 840 vitam
1270 818 1480 842 communem
1505 820 1543 842 ac
1566 819 1785 852 paupertatem
1810 810 1966 851 professus
1988 819 2040 841 ne-⁴

1156 857 1228 900 quit
1241 857 1484 892 administrare.
1510 858 1645 893 Poterat
1668 871 1780 892 tamen
1804 857 1845 891 de
1858 860 2038 901 proprieta-

1155 918 1188 942 te
1203 907 1398 951 disponere:
1425 910 1458 942 &
1484 910 1566 943 inter
1587 910 1698 947 vivos,
1724 911 1756 943 ὅσ
1776 920 1833 952 per
1855 918 2041 950 extremam

1159 958 1361 992 voluntatem
1375 983 1382 990 .
1413 959 1522 992 Etiam
1536 961 1709 993 excludere
1732 959 1895 1002 proprium
1920 960 2039 992 Mona-

1158 1007 1303 1042 sterium.
1333 1008 1426 1042 Hinc
1442 1009 1650 1053 Augustinus
1671 1010 1782 1043 scribit
1805 1010 1846 1043 de
1870 1011 1928 1042 suo
1952 1008 2040 1042 Pres-

1159 1058 1277 1101 bytero
1302 1059 1448 1102 Leporio
1472 1073 1482 1093 :
1521 1059 1610 1092 Vobis
1632 1062 1697 1094 dico
1713 1065 1765 1102 qui
1778 1059 1864 1100 forte*
1886 1058 2003 1102 nescitis
2033 1083 2041 1091 .

1160 1114 1247 1142 Nam
1259 1109 1389 1149 vestrum
1396 1111 1522 1151 plurimi
1530 1110 1629 1152 ftiunt
1636 1111 1845 1153 presbyterum
1858 1113 2016 1151 Leporium
2030 1134 2043 1150 ,

1161 1165 1304 1202 quamvls
1324 1158 1424 1202 saeculi
1455 1161 1610 1193 natalibus
1634 1162 1746 1195 clarum
1769 1184 1780 1200 ,
1807 1163 1842 1194 6·
1868 1162 1953 1202 apud
1970 1159 2043 1204 suos

1161 1208 1342 1249 bonestiffimo
1351 1210 1411 1243 loco
1424 1221 1531 1243 natum
1545 1234 1555 1250 ‚
1581 1219 1681 1244 tamen
1688 1213 1759 1251 jam
1772 1215 1834 1244 Deo
1840 1208 2022 1252 servientem
2035 1232 2046 1247 ,

1161 1259 1275 1292 cunHis
1285 1271 1352 1301 quae
1366 1259 1492 1293 babebat
1513 1261 1644 1299 relu‘in,
1669 1268 1788 1302 inopem
1803 1259 1941 1302 suscepi.
1970 1265 2044 1292 Non

1161 1314 1234 1351 quia
1246 1310 1326 1341 nihil
1333 1309 1463 1349 habuit,
1484 1309 1543 1352 sed
1563 1316 1637 1351 quia
1652 1313 1731 1350 jam
1742 1310 1863 1351 fecerat
1874 1311 1954 1350 quod
1962 1310 2046 1342 Ιεᾶιο

1162 1359 1214 1399 ista
1221 1357 1384 1402 persuadet
1397 1383 1405 1391 .
1435 1365 1492 1395 Hic
1501 1371 1563 1392 non
1568 1359 1648 1400 fecit
1659 1383 1669 1397 ,
1691 1358 1749 1402 sed
1761 1370 1814 1391 nos
1825 1358 1935 1403 scimus
1946 1358 2057 1401 ubife1

1157 1415 1205 1444 cit
1219 1434 1227 1441 .
1255 1413 1365 1443 Unitas
1377 1408 1529 1443 Christi&
1554 1408 1690 1450 Ecclefiae
1710 1421 1773 1443 una
1791 1409 1829 1450 eft
1842 1433 1852 1448 ,
1863 1431 1869 1441 .=
1879 1408 2050 1451 ubicumque

1155 1459 1233 1502 ferit
1244 1459 1354 1493 benum
1365 1467 1440 1502 opus
1461 1483 1471 1499 ,
1497 1466 1630 1500 pertinet
1640 1461 1684 1492 ad
1693 1471 1745 1492 nos
1759 1484 1769 1499 ,
1796 1470 1831 1492 ut
1850 1459 1907 1501 fibi
1929 1471 2053 1503 congau-

214 1514 250 1546 Θ
261 1522 350 1554 equus
361 1535 372 1551 ,
399 1513 432 1544 ὁ·
449 1521 554 1544 vacca.
585 1510 639 1544 Vel
643 1508 673 1551 fi
680 1515 761 1542 tanti
775 1508 893 1542 bonoris
900 1508 999 1549 fuerit
1012 1535 1022 1550 ,
1045 1509 1103 1542 duo.
1121 1535 1125 1540 .
1157 1512 1289 1544 decimus
1300 1535 1307 1541 .
1340 1514 1451 1545 Hortus
1463 1509 1499 1549 el}
1513 1522 1588 1542 unus
1603 1533 1613 1548 ,
1639 1511 1692 1543 ubi
1706 1510 1828 1548 novistis
1844 1534 1855 1549 ‚
1881 1510 1923 1543 ibi
1945 1514 2052 1543 Mona—

212 1568 283 1603 equi
299 1572 363 1594 cum
385 1572 472 1594 curru
486 1586 496 1601 ‚
522 1562 555 1595 ὁ*
568 1570 776 1593 ornamentum
782 1558 834 1602 sui
844 1559 966 1601 lechii,
993 1561 1028 1593 ὁ·
1041 1571 1100 1592 vas
1157 1560 1281 1601 sterium
1299 1557 1362 1602 suis
1373 1560 1544 1601 constituit,
1571 1566 1644 1602 quia
1658 1563 1691 1594 Θ
1714 1559 1770 1602 ipsi
1787 1562 1850 1594 Deo
1866 1560 2008 1604 serviunt
2037 1584 2053 1592 ,η

212 1614 251 1645 de
262 1623 318 1653 quo
330 1611 444 1643 biberat
456 1635 462 1642 .
492 1614 605 1643 Tamen
615 1616 699 1652 prior
710 1609 809 1642 abbas
822 1607 927 1649 'offerre
948 1618 1006 1651 pro
1030 1615 1103 1642 ani·-
1166 1611 1218 1644 Ille
1231 1610 1333 1643 hortus
1344 1612 1388 1643 ad
1399 1609 1558 1651 Ecclesiam
1573 1622 1629 1642 non
1638 1616 1774 1651 pertinet
1785 1636 1794 1650 ,
1822 1622 1873 1644 nec
1885 1613 1930 1644 ad
1939 1609 2047 1653 ipsum.

216 1674 266 1695 ma
271 1659 320 1704 sui
348 1659 488 1695 Monacbi
509 1659 686 1704 disi-edentis
706 1659 744 1693 ab
759 1671 789 1693 eo
803 1660 907 1693 debet.
939 1659 1007 1693 Hic
1031 1668 1101 1699 me-

215 1713 335 1746 morati
352 1711 588 1754 Hybernorum
611 1720 717 1744 mores
738 1713 811 1743 tunt
826 1710 883 1743 suo
906 1709 981 1743 loco
993 1721 1103 1754 expo2

217 1761 319 1796 nendi
334 1786 341 1794 .
370 1762 451 1795 Haec
463 1761 557 1796 verba
572 1785 583 1800 ‚
601 1758 630 1803 fi
638 1770 738 1795 tamen
750 1768 850 1794 votum
861 1761 927 1801 ejus
955 1761 1012 1794 (σε.
1038 1761 1104 1799 edi-
1122 1790 1124 1794 ,

1156 1657 1210 1698 {Ee
1225 1663 1345 1695 dixerit
1353 1662 1468 1704 aliquis*

1158 1712 1202 1752 ‚est
1211 1736 1221 1751 ,
1248 1712 1456 1752 nonasterium
1466 1737 1474 1745 .
1778 1742 1781 1745 ,
1883 1742 1886 1743 ⁷

1216 1762 1311 1796 Hinc
1322 1763 1479 1796 discimus
1491 1761 1577 1804 plura
1589 1786 1596 1794 .
1627 1762 1740 1796 Primo
1752 1785 1762 1800 ‚
1788 1762 1877 1804 quod
1886 1761 2050 1805 Leporius

1484 1686 1494 1705 ‚
1512 1663 1559 1694 Ad
1583 1672 1670 1704 quem
1684 1662 1701 1694 ,ἕ
1730 1661 1885 1702 adilina,
1911 1663 1993 1704 quod
2011 1661 2055 1693 ibi

215 1822 296 1846 cunt
307 1811 396 1855 quod
421 1811 507 1854 prior
530 1810 643 1845 Abbas
665 1811 815 1845 debuerit
840 1810 985 1846 secundo
1009 1812 1101 1845 suum
1166 1811 1230 1854 jam
1244 1812 1434 1846 Monachus
1445 1813 1485 1846 de
1498 1813 1558 1846 suis
1576 1812 1824 1856 posseffionibus
1835 1812 2050 1855 disposuerit.

214 1862 265 1907 jus
278 1872 356 1895 ante
369 1862 564 1896 transeuntis
575 1859 739 1896 Monachi
754 1872 892 1895 mortem
906 1861 1066 1895 insinuare
1095 1886 1102 1894 .

215 1913 343 1956 Spectat
369 1911 435 1946 hoc
454 1911 497 1946 ad
521 1911 608 1946 solos
633 1911 870 1955 Hybernorum
894 1922 1020 1951 mores,
1047 1913 1101 1955 qui

1171 1862 1343 1896 Eratenim
1364 1874 1444 1897 tunc
1467 1863 1543 1897 Deo
1568 1865 1725 1896 serviens.
1757 1862 1826 1896 Hic
1850 1863 1966 1896 titulus
1979 1872 2057 1895 erat.

1169 1923 1248 1947 tunc
1271 1914 1448 1948 consuetus
1459 1913 1651 1947 Monaflico
1678 1913 1871 1956 Proposito.
1897 1912 2054 1946 Secundo

216 1973 399 2006 numquam
420 1962 611 1996 subfuerunt
636 1961 794 1995 Romano
819 1961 981 2005 Imperio,
1008 1961 1103 1996 ideo·
1168 1962 1347 2002 discimus,
1374 1963 1462 2007 quod
1474 1974 1514 1997 ex
1529 1965 1591 1997 suis
1606 1963 1702 1997 bonis
1715 1964 1900 1996 fundaverit
1927 1972 2056 1997 novum

217 2022 281 2055 que
303 2012 371 2054 ejus
389 2012 478 2055 leges
500 2013 733 2056 ignoraverunt
746 2034 754 2045 .

421 2107 697 2146 CAPUT
798 2108 900 2143 Vll.

219 2217 268 2247 An
299 2214 445 2252 antiquus
469 2203 604 2243 Eccleeiae
623 2214 729 2243 Canon
749 2216 805 2240 aut
827 2220 889 2242 mos
921 2215 1021 2243 omnia
1037 2220 1103 2252 pro-

263 2261 330 2305 feffi
350 2259 486 2293 Monaehi
509 2258 585 2292 bona
601 2267 657 2299 per
675 2258 877 2300 profeffionem
903 2261 1054 2297 devolve-

318 2319 362 2345 ret
382 2316 414 2343 in
432 2309 556 2355 firmam
573 2314 791 2355 proprietatem
813 2309 1007 2350 Monasterii?

323 2409 500 2454 Espondeo
512 2409 597 2444 circa
621 2407 687 2444 hoc
707 2409 790 2444 olim
815 2409 907 2447 fuiss'e
930 2410 1035 2445 varios
1054 2423 1104 2446 va-

345 2462 465 2500 riarum
479 2459 671 2504 Regionum
683 2470 720 2493 ac
733 2460 951 2497 Eccleliarum
978 2473 1102 2499 mores.

221 2514 355 2546 Etenim
377 2519 500 2554 partem
533 2509 761 2547 affirmativam
780 2510 967 2545 constanter
988 2513 1103 2546 docuit

219 2561 368 2605 Magnus
382 2559 529 2593 Basilius.
559 2560 637 2602 Ejus
661 2559 756 2597 verba
783 2559 906 2597 adduxi
930 2563 1074 2604 superius

221 2613 336 2658 Qare
352 2609 480 2655 videtur
493 2619 560 2643 uon
573 2607 791 2644 dubitandum
804 2633 814 2648 ‚
841 2611 921 2653 quin
946 2613 1004 2645 issa
1025 2625 1104 2647 con-

221 2659 358 2696 suetudo
372 2658 553 2695 obtinuerit
566 2669 619 2702 per
629 2669 764 2693 omnem
780 2659 951 2697 Ponticam
974 2663 1100 2698 Dioece·

219 2712 300 2750 iim,
327 2710 451 2748 Eadem
465 2709 568 2754 viguit
581 2709 665 2752 apud
679 2709 757 2743 alias
771 2710 927 2745 Ecclefias
947 2736 958 2753 ,
984 2714 1017 2746 &
1039 2713 1099 2748 La·

220 2762 307 2795 tinas
321 2760 354 2793 &
368 2761 495 2797 Graecas
507 2783 518 2799 ,
548 2760 658 2793 verum
670 2770 746 2793 cum
759 2760 866 2804 aliqua
890 2761 1068 2797 formidine

220 2812 404 2854 &plurium
417 2809 678 2846 contradictione
691 2832 699 2841 .
726 2810 774 2843 lta
786 2811 880 2845 fuisse
895 2814 928 2844 in
954 2813 1069 2846 Africa
1096 2836 1107 2853 ,

221 2859 353 2899 abunde
381 2871 443 2894 nos
465 2860 562 2893 docet
584 2860 649 2902 jam
673 2860 817 2903 expofita
834 2863 1105 2898 coutentiointer

222 2912 365 2947 sanetum
380 2909 604 2953 Augustinum
615 2921 653 2946 ac
667 2910 811 2944 sanctum
826 2910 993 2955 Alipium.
1030 2913 1103 2947 Ali-

222 2961 294 3006 pius
304 2960 455 2995 constans
467 2959 618 2996 tuebatur
642 2961 740 2994 sancti
756 2961 862 2995 Bafilii
885 2963 1104 3004 sententiam,

222 3011 256 3046 ἃ
277 3012 376 3055 ipsam
394 3009 599 3055 Augustinus
626 3021 691 3043 nou
703 3009 901 3052 damnabat,
929 3013 982 3047 sed
993 3024 1102 3048 tamen

224 3060 374 3095 censebat
385 3059 519 3094 dubiam
534 3085 542 3092 .
570 3060 681 3094 Etiam
696 3060 979 3098 multicensebant
1001 3075 1103 3107 oppo-

223 3110 340 3146 fitum:
362 3112 395 3146 ἀ
407 3109 457 3145 his
468 3110 524 3145 ille
538 3111 570 3145 in
586 3111 675 3155 praxi
688 3112 720 3145 se
731 3112 961 3151 conformabat
974 3139 981 3146 .
1010 3115 1104 3148 Hinc

225 3161 361 3203 permisit
373 3161 508 3195 Privato
528 3159 701 3196 Monacho
716 3161 862 3196 Fratrem
874 3162 1102 3199 AEmilianum

225 3210 411 3244 succedere.
438 3211 540 3259 Qod
560 3211 665 3254 ipsum
682 3211 810 3246 volebat
833 3213 959 3247 etiama
983 3215 1105 3249 Fratris

226 3259 394 3293 Honorati
411 3258 609 3302 haetedibus,
635 3262 669 3296 ἀ
682 3263 893 3306 generatim&
905 3265 1030 3298 condis
1053 3265 1102 3300 fie-

224 3309 270 3343 ri.
299 3309 383 3359 Qae
393 3309 459 3352 ejus
470 3322 559 3345 meus
574 3312 767 3350 lucidissime
783 3324 869 3356 patet
892 3316 992 3348 etiam
1003 3327 1043 3349 ex
1064 3315 1104 3348 se-

223 3359 336 3396 eundo
361 3363 506 3394 lermone
528 3361 568 3395 de
590 3364 763 3396 communi
789 3364 851 3397 vita
864 3363 1069 3399 Clericorum

221 3409 350 3443 Omnes
389 3410 484 3448 suos,
511 3408 584 3445 licet
606 3411 670 3453 jam
714 3414 894 3456 professos,
924 3415 1105 3460 Regulnres

222 3458 372 3495 clericos
384 3458 454 3495 istic
465 3457 567 3495 donat
581 3460 682 3497 libera
692 3464 853 3499 facultate
865 3487 877 3506 ,
904 3465 976 3501 imo
1001 3467 1035 3501 ἀ
1054 3478 1107 3502 co·

1170 2014 1408 2046 Monaflerium
1421 2037 1430 2046 .
1457 2013 1580 2046 Tertio
1592 2015 1681 2056 quod
1697 2015 1799 2055 ipsum
1817 2013 2002 2047 fundaverit
2017 2013 2057 2047 in

1171 2063 1275 2096 horto.
1288 2063 1367 2096 Hoc
1377 2063 1435 2102 est,
1448 2063 1479 2095 in
1494 2063 1606 2106 aliquo
1619 2062 1812 2097 Suburbano
1830 2062 1901 2096 .1ta
1914 2072 1992 2096 tunc
2008 2064 2057 2096 soz

1171 2113 1275 2147 lebat.
1303 2113 1600 2158 Qartdrdiscimus
1614 2137 1624 2152 ‚
1637 2115 1726 2157 quod
1739 2113 1922 2147 istiusmodi
1935 2114 2057 2148 Mona«

1169 2162 1336 2196 steriorum
1351 2163 1437 2196 bona
1452 2174 1492 2196 ex
1506 2173 1585 2198 tunc
1599 2173 1666 2195 non
1681 2164 1858 2206 spestareut
1886 2163 1926 2196 ad
1940 2162 2057 2196 Ecclez

1169 2213 1245 2248 fiam
1260 2237 1270 2251 ,
1297 2212 1444 2254 adeoque
1458 2224 1518 2247 nec
1529 2213 1568 2246 ad
1582 2213 1904 2246 administrationem
1919 2213 2055 2255 Episco-

1171 2264 1200 2306 pi
1220 2286 1226 2293 .
1255 2262 1295 2296 Et
1312 2261 1481 2296 hinclucet
1497 2263 1553 2296 ista
1568 2263 1771 2296 Monastetia
1786 2263 1877 2296 fiaiffe
1891 2274 1958 2297 uon
1983 2263 2057 2297 Cle-

1172 2313 1281 2346 ricalia
1303 2312 1336 2345 in
1360 2313 1463 2346 domo
1493 2313 1644 2357 Episcopi
1664 2338 1673 2354 ,
1690 2314 1752 2346 sed
1777 2312 1993 2347 Monachalia
2018 2314 2053 2346 in

1171 2364 1276 2407 agris.
1306 2362 1538 2398 Illustriffimus
1550 2365 1655 2398 Lucas
1681 2363 1876 2397 Holstenius
1897 2363 1931 2397 in
1956 2374 2054 2406 prot:-¹

1173 2413 1263 2448 miali
1302 2411 1342 2446 ad
1360 2414 1596 2447 'Monasticum
1635 2414 1844 2447 Venerabilis
1884 2412 2056 2448 Benedicti

1173 2463 1371 2499 Anianenfis
1391 2464 1530 2497 Abbatis
1540 2464 1692 2499 codicem
1715 2464 1950 2498 Differtatione
1975 2462 2058 2497 affin-

1172 2523 1239 2547 mat
1259 2513 1362 2556 prima
1386 2513 1605 2547 Coenobiricae
1632 2514 1707 2546 vitae
1728 2513 1865 2547 exordia
1904 2513 1998 2547 fuisse
2019 2513 2055 2546 in

1173 2564 1330 2608 AEgypto
1349 2564 1494 2606 plantata
1519 2575 1573 2607 per
1598 2565 1739 2597 sanetum
1763 2564 1953 2597 Antonium
1977 2588 1988 2603 ,
2014 2564 2057 2598 ab

1170 2614 1242 2648 aliis
1252 2614 1344 2647 suifse
1357 2614 1502 2650 traducta
1515 2625 1571 2657 per
1580 2625 1696 2649 omnes
1714 2613 1773 2648 iub
1784 2614 1868 2648 coelo
1884 2613 2055 2654 Ecclefias,

1169 2675 1268 2706 atque
1288 2663 1458 2708 adjungit.
1487 2667 1518 2696 Ε
1541 2668 1694 2705 Capraria
1718 2662 1842 2706 Insula,
1879 2665 1931 2698 ubi
1948 2676 2054 2708 greges

2074 2605 2156 2651 Cap.
2171 2617 2201 2645 2.

1161 2714 1251 2758 fuisse
1274 2713 1481 2746 monachorum
1507 2717 1624 2747 indicat
1648 2715 1783 2746 Rutilius
1799 2719 2013 2748 Numantinus
2041 2738 2053 2755 ,

1168 2764 1237 2806 miffi
1249 2765 1292 2796 ad
1303 2763 1490 2807 augustinum
1504 2764 1644 2798 Monacbi
1668 2765 1702 2796 id
1725 2765 1895 2803 Instinctam
1919 2771 1951 2798 in
1976 2764 2055 2806 Afri-

1167 2824 1232 2846 cam
1252 2815 1418 2846 intulerunt
1443 2839 1450 2847 .
1478 2817 1570 2857 ,Quod
1590 2815 1633 2847 ibi
1653 2823 1802 2856 receptum
1821 2815 1859 2854 est
1883 2839 1895 2854 ‚
1933 2816 2053 2856 nequid-

1167 2875 1256 2906 quam
1271 2864 1432 2903 Donatistis
1443 2864 1640 2904 obfistentihus
1656 2889 1662 2896 .
1691 2864 1866 2902 monasteria
1892 2864 2053 2908 Cartbagi-

1168 2925 1225 2953 ne,
1251 2914 1406 2958 Thagastae
1419 2939 1436 2956 ,v
1458 2914 1698 2957 Hipponaefmffe
1720 2914 1845 2953 testatur
1866 2918 2017 2948 Paulinus
2042 2939 2052 2950 .

1168 2963 1313 2997 Primum
1326 2964 1369 2998 est
1397 2977 1507 2999 verum
1522 2990 1532 3005 ,
1559 2967 1757 3008 postremum
1779 2966 1889 3008 aperte
1909 2967 2019 3000 deviat
2044 2989 2053 2999 .

1172 3013 1300 3048 Etenim
1313 3016 1519 3049 manifestum
1531 3016 1576 3049 est
1592 3015 1677 3058 apud
1694 3015 1794 3049 Afros
1817 3016 1910 3049 fuiffe
1933 3017 2055 3050 Mona·

1167 3064 1266 3098 steria·
1295 3076 1372 3099 ante
1411 3065 1616 3099 Gildoniana
1647 3076 1793 3109 tempora
1813 3077 1851 3099 ac
1875 3065 2052 3101 adventum

1167 3114 1311 3148 Fratrum
1326 3115 1603 3159 Caprarienfium.
1633 3115 1763 3159 Nempe
1788 3117 1915 3150 tanetus
1938 3118 2053 3160 Augu-

1169 3164 1269 3199 stinus
1283 3190 1293 3205 ,
1320 3165 1410 3206 juxta
1423 3167 1617 3200 consuetum
1633 3166 1723 3199 istius
1736 3169 1892 3209 temporis
1906 3178 2030 3200 morem
2041 3189 2053 3205 ,

1167 3226 1241 3248 cum
1256 3216 1425 3259 Baptismo
1438 3217 1620 3259 suscepit&
1635 3216 1909 3250 Monachismum
1924 3242 1932 3256 ,
1949 3217 2054 3259 ipsum

1169 3267 1309 3308 portavit
1330 3278 1371 3299 ex
1395 3267 1485 3300 ltalia
1511 3266 1544 3300 in
1568 3265 1717 3301 Africam
1734 3291 1744 3307 ,
1785 3268 1944 3310 plantavit
1967 3265 2054 3307 apud

1169 3313 1371 3361 Thagastam
1386 3339 1397 3356 ‚
1423 3317 1455 3350 ὅ(
1481 3317 1559 3350 varii
1575 3328 1630 3360 per
1649 3329 1767 3351 omnes
1782 3319 1956 3351 Africanas
1976 3315 2057 3349 Pro-

1170 3366 1293 3400 vincias
1332 3366 1565 3400 traduxerunt.
1594 3366 1688 3400 Hinc
1727 3367 1929 3406 Petilianus,
1968 3365 2057 3399 Con-

1171 3415 1374 3450 stantinensis
1388 3416 1636 3450 Donatistarum
1653 3417 1836 3460 Episcopus
1850 3441 1860 3455 ,
1887 3417 1920 3450 ἃ
1942 3426 1981 3449 ex
1996 3416 2058 3450 ista.

1149 3463 1157 3501 Ι
1171 3467 1313 3502 fastione
1325 3466 1430 3511 plures
1443 3467 1626 3503 clamarunt
1642 3467 1744 3511 ipsum
1759 3469 1820 3501 effe
1833 3463 2057 3500 Monachisrni

1920 3517 2007 3560 apud
