2366 3736
157 639 163 645 “
220 637 339 682 judicia
351 661 360 669 .
387 635 443 671 Ad
455 637 618 669 summum
634 633 843 667 habent'vim
856 630 1106 666 interlocutoriae

59 991 124 1035 EP·
136 1006 193 1048 73.

15 2761 17 2764 v
39 2692 200 2760 Capi-2·
217 2718 396 2752 catholica
406 2717 643 2750 Fraterninate.
675 2716 718 2749 Et
731 2714 817 2749 hanc
838 2716 935 2749 sancii
961 2716 1094 2759 Cypria-

43 2775 118 2815 3-4-

686 152 770 198 DE
805 151 989 195 OPINI
1013 162 1125 193 ONE
1162 142 1516 190 Paommn.

227 241 359 278 nituisse
372 264 383 281 ,
409 235 606 285 proscribere
627 234 668 270 nd
689 228 828 267 inferos.
854 230 958 279 Qod
981 229 1057 264 absit
1070 240 1105 264 ut

227 293 411 336 cogitetur.
439 288 516 323 Fuit
537 295 623 322 error
633 283 816 317 innocuus.
844 283 888 315 Et
910 292 1007 324 quem
1022 282 1104 314 tanti

226 341 422 376 Christianae
441 334 625 388 Religionis
640 332 810 376 Principes
821 341 998 376 potuerunt
1008 330 1103 364 doce-

1944 165 1964 196 Ι
2005 159 2008 165 .

1164 228 1349 262 adversatur
1360 225 1559 260 naturalibus
1570 226 1716 272 legibus.
1743 227 1875 263 Etenim
1893 167 2041 278 Evan3gef
2065 245 2066 249 ¹

1164 278 1267 322 gelica
1280 276 1331 310 lex
1343 278 1376 310 in
1390 276 1484 309 nullo
1498 278 1640 320 unquam
1651 288 1767 312 eventu
1779 304 1790 321 ,
1814 291 1855 313 ex
1866 280 1955 314 nulla
1967 293 2043 315 cau-

1165 329 1196 361 sa
1211 326 1350 370 permisit
1374 325 1456 360 solvi
1475 324 1562 359 istud
1581 325 1745 381 vjnculum
1767 353 1778 369 ‚
1815 328 1962 374 adeoque
1983 331 2042 373 qui

198 1729 239 1772 sn
253 1730 288 1762 in
301 1727 495 1769 Ecclesiam,
520 1728 583 1762 esse
606 1727 711 1770 passos
730 1727 835 1761 ullum
857 1726 1066 1771 dispendium
1092 1751 1099 1758 .

170 3090 173 3093 <
215 3069 387 3111 ostenditur
408 3068 488 3111 quod
504 3065 659 3099 catholica
673 3064 800 3105 Ecclesia
806 3064 924 3108 semper
936 3064 1092 3108 admiserit

224 403 259 427 re
269 392 334 425 sine
345 384 632 431 criminesfidelis
644 383 782 427 populus
804 382 904 427 longe
918 381 1021 425 magis
1045 391 1113 429 po·-v

222 442 287 475 tuit
298 441 363 479 fine
383 438 518 474 crifflne
540 434 648 478 sequi.
675 434 786 467 Etiam
810 443 893 466 vana
915 433 961 465 est
975 431 1106 464 venatio

222 490 361 534 Ioannis
380 491 522 528 Lnunoy
544 508 556 524 ,
594 483 708 527 quiex
731 480 910 517 istiusmodi
931 480 1106 523 Rescriptis

222 539 328 574 studet
337 547 478 571 evertere
490 533 759 568 infallibilitatem
771 531 969 576 Apostolicae
990 528 1107 564 Cathe-

222 590 303 624 drae.
333 586 464 621 Etenim
476 585 543 628 ipsa
555 584 722 627 Rescripta
747 593 814 617 non
838 583 913 615 sunt
932 581 1106 615 diffinitiva

219 687 403 721 sententiae.
431 686 588 719 Praeterea
611 695 680 718 non
706 684 779 717 sunt
800 683 960 716 Romana:
984 679 1104 714 Cathe-

217 737 305 777 drae,
330 737 384 771 sed
413 736 511 770 solius
534 734 662 778 Papalis
675 733 817 776 personae
841 732 941 765 Asta:
966 730 1107 764 &inter

218 785 306 820 hanc
329 787 499 830 personam
523 796 561 819 ac
580 783 673 818 islam
687 781 886 817 Cathedram
908 782 971 815 effe
984 779 1107 825 grande

219 836 393 870 discrimen
405 858 416 876 ‚
444 835 490 869 est
502 829 801 868 demonstratum'in
824 831 964 866 Scholiis
983 828 1024 864 ad
1039 830 1106 863 Di-

219 888 341 920 statum
354 885 451 920 sancti
466 884 618 928 Gregorii
634 883 784 926 septimi.

269 938 353 970 Haec
375 935 486 969 omnia
509 935 634 967 fannus
654 933 839 976 Cyprianus
859 929 966 965 valide
990 931 1108 963 confir-

219 987 336 1020 matin
349 985 466 1019 litteris
476 984 515 1017 ad
533 983 725 1027 Jubajanum
740 982 937 1026 Episcopum
952 993 959 1012 :
986 980 1103 1012 seddi-

217 1042 258 1070 cit
270 1037 380 1078 aliquis
391 1060 402 1076 ,
429 1035 503 1077 quid
508 1045 574 1077 ergo
583 1033 635 1076 fier
645 1034 682 1066 de
695 1032 742 1065 bis
756 1058 766 1073 ,
792 1038 842 1074 qui
864 1037 899 1064 in
917 1035 1105 1073 praeteritum

215 1086 254 1120 de
265 1084 368 1127 baeresi
374 1087 417 1118 ad
427 1082 582 1124 Ecclefiam
595 1085 748 1116 venientes
765 1106 776 1122 ‚
798 1081 861 1123 fine
874 1078 1031 1123 Baptismo
1052 1080 1105 1111 ad·

215 1134 391 1178 missisunt?
417 1138 526 1168 Potens
538 1133 575 1174 est
598 1137 742 1166 Dominus
767 1131 968 1174 misericordia
982 1128 1039 1172 sua
1063 1138 1106 1160 m·

221 1187 404 1229 dulgentiam
429 1187 523 1225 dare,
548 1184 640 1217 &eos
662 1188 713 1225 qui
734 1182 772 1216 ab
789 1179 916 1222 Ecclesia
942 1179 1108 1221 simpliciter

216 1237 330 1275 admtffi
343 1259 354 1275 ,
380 1242 413 1268 in
433 1233 559 1275 Ecclesia
577 1234 762 1267 dormierunt
781 1256 793 1272 ,
820 1232 859 1264 ab
883 1228 1017 1270 Ecclesiae
1038 1226 1104 1270 suae

215 1285 384 1319 muneribus
396 1297 453 1318 non
461 1284 600 1327 separare
611 1308 619 1315 .
649 1287 721 1316 Non
733 1293 836 1315 tamen
855 1286 928 1322 quia
941 1278 1106 1320 aliquando

215 1344 350 1378 erratum
363 1335 400 1375 est
413 1359 423 1374 ,
435 1337 500 1366 ideo
506 1332 623 1375 semper
634 1333 798 1365 errandum
808 1329 845 1369 est
857 1353 865 1360 .
878 1331 1005 1361 Datum
1017 1326 1102 1368 apud

215 1382 385 1417 haereticos
397 1383 561 1422 Baptisma
573 1383 699 1414 sanstus
711 1379 898 1419 Cyprianus
911 1374 1103 1409 constantis·

212 1431 293 1464 {ime
303 1429 452 1463 censebat
470 1426 619 1467 irritum,
648 1426 790 1470 ideoque
809 1425 878 1469 ejus
897 1425 1103 1459 iterationem

213 1480 280 1514 effe
292 1478 389 1523 rigidi
401 1476 552 1520 Praecepti
562 1503 573 1517 ‚
601 1488 639 1510 ac
650 1477 714 1510 fine
728 1476 839 1510 salutis
850 1475 1021 1519 dispendio
1032 1486 1100 1509 non

210 1530 305 1574 posse
315 1528 464 1572 praeteriri
475 1551 483 1559 .
512 1527 556 1559 Et
574 1536 683 1561 tamen
696 1526 873 1560 Africanos
885 1525 1064 1570 Episcopos
1090 1550 1101 1566 ‚

211 1580 273 1623 qui
295 1578 379 1613 istud
391 1587 468 1612 ante
491 1575 666 1621 Agrippini
698 1587 845 1620 tempora
864 1588 932 1611 non
954 1576 1100 1620 repetive-

212 1638 290 1664 rant
303 1653 314 1670 ‚
338 1627 463 1662 censuit
475 1638 543 1661 non
558 1627 696 1671 peccasse
710 1640 721 1660 .·
749 1638 809 1661 nec
822 1628 900 1662 item
923 1627 1018 1666 illos,
1044 1626 1100 1670 qui

213 1689 257 1712 ex
269 1677 370 1712 haeresi
385 1678 556 1712 redeuntes
566 1687 657 1711 erant
677 1676 744 1711 fine
754 1676 924 1712 iteratione
937 1677 1100 1711 intromis-

211 1778 308 1824 Qia
329 1776 447 1822 nempe
468 1789 509 1812 ex
535 1778 673 1820 simplici
693 1789 731 1812 ac
751 1777 838 1811 bona
859 1778 924 1811 fide
945 1786 1100 1822 egerant,

209 1827 307 1872 iuxta
318 1828 518 1871 probabilem
529 1838 609 1862 tunc
620 1827 704 1873 acin
719 1827 857 1862 Ecclesia
869 1827 971 1861 libere
991 1825 1101 1861 ambu-

210 1877 338 1912 lantem
352 1878 543 1912 sententiam
556 1904 563 1910 .
591 1877 754 1912 Pacificus
767 1878 1011 1921 Cyprianusita
1034 1878 1103 1911 sen·

211 1928 252 1962 lit
263 1939 330 1962 non
343 1928 552 1962 solummodo
573 1927 713 1968 deillis,
738 1928 794 1972 qui
817 1939 893 1962 ante
922 1927 1097 1971 Agrippini

211 1986 361 2020 tempora
371 2003 382 2019 ,
409 1978 462 2012 sed
474 1979 572 2012 etiam
580 1978 621 2012 de
633 1979 777 2019 cunstis,
807 1979 863 2022 qui
875 1979 934 2012 suo
957 1988 1101 2020 tempore

212 2036 272 2068 per
283 2026 434 2069 plurimas
443 2037 535 2058 extra
550 2028 696 2056 Africam
720 2027 878 2054 Ecclesias
887 2044 899 2059 ‚
925 2036 963 2054 ae
985 2028 1020 2054 in
1033 2025 1099 2064 ipsa

211 2075 295 2109 item
317 2076 429 2108 Africa
439 2082 531 2106 erant
541 2071 646 2104 taliter
656 2070 801 2108 mortui,
827 2081 866 2102 ac
885 2070 921 2100 in
946 2069 1015 2102 dies
1032 2082 1098 2103 mo·

214 2125 394 2158 riebantur.
424 2122 515 2156 Nam
537 2121 569 2154 ὅ(
589 2118 623 2152 in
641 2118 709 2160 ipsa
732 2117 844 2150 Africa
868 2116 1001 2159 quidam
1023 2118 1100 2160 Epi-

212 2174 306 2215 scopi
326 2172 424 2203 istum
453 2166 700 2210 Rebaptismum
731 2165 985 2200 constantiffime
1018 2176 1098 2200 tunc

213 2220 456 2255 aversabantur.
485 2217 637 2250 Romana
660 2215 801 2249 Ecclesia
814 2215 944 2259 insuper
966 2215 1098 2250 damna-

213 2267 290 2306 bat.
318 2270 476 2303 Attamen
497 2267 514 2301 ὲ
538 2265 693 2309 Stephani
715 2265 890 2300 Pontificis
908 2291 918 2306 ,
946 2267 979 2299 in
1001 2277 1097 2309 quem

211 2332 284 2356 non
306 2320 375 2353 fine
395 2315 562 2352 stomacho
589 2313 803 2350 invehebatur
823 2341 834 2357 ‚
860 2318 1098 2350 communione

213 2370 401 2415 Cyprianus
412 2369 442 2402 se
453 2379 521 2400 non
533 2366 707 2406 discrevit,
730 2365 817 2400 &ab
838 2365 909 2409 ipso
931 2366 1010 2399 citra
1035 2367 1098 2400 Re·

213 2419 413 2464 baptismum
423 2418 576 2452 admissos
588 2415 752 2450 haereticos
772 2428 841 2450 non
858 2416 984 2450 censuit
1003 2427 1088 2450 tran·

212 2470 385 2515 sgreffores
411 2492 423 2509 ‚
461 2479 522 2501 nec
542 2466 678 2502 exclusit
695 2466 713 2499 a
733 2466 798 2499 Dei
819 2466 941 2510 Regno
955 2491 962 2498 .
990 2467 1094 2513 Qod

212 2520 333 2563 :nempe
344 2531 384 2552 ex
396 2516 532 2561 simplici
546 2517 590 2551 ob
602 2515 804 2560 probabilem
816 2516 1007 2550 sententiam
1027 2529 1094 2559 cor-

215 2569 259 2603 de
293 2568 465 2603 obedirent
502 2567 626 2608 iudicio
652 2568 783 2600 suorum
811 2565 1056 2609 Praepofitorurn
1085 2592 1091 2598 .

216 2619 329 2659 Etiam
342 2619 427 2661 ipsos
439 2617 631 2658 Praepofitos
641 2641 651 2657 ,
678 2616 756 2653 licet
767 2617 908 2650 censeret
918 2617 1093 2659 plurimum

216 2668 370 2707 deviare,
397 2666 486 2700 neca
508 2666 627 2710 Regno
651 2665 714 2700 Dei
735 2666 889 2707 exclusit,
917 2677 978 2700 nec
1000 2666 1018 2699 a
1040 2668 1093 2700 sua

216 2769 251 2802 ni
265 2768 445 2802 doctrinam
462 2766 577 2811 probat
598 2790 609 2806 ,
636 2765 744 2799 laudat
756 2790 766 2805 ,
791 2775 888 2808 atque
898 2765 1037 2799 elucidat
1059 2767 1092 2799 in

217 2821 339 2861 quinto
350 2817 390 2851 de
403 2817 447 2850 Ba
453 2817 600 2859 ptismate
610 2826 724 2851 contra
736 2815 922 2850 Donatistas
931 2814 1013 2849 libro
1028 2817 1097 2850 san·

216 2869 285 2902 (tus
299 2867 509 2924 vAugustinus
520 2890 527 2898 .

416 2964 691 3001 CAPUT
798 2964 893 3000 V11.

264 3119 430 3162 probabiles
450 3117 616 3161 sententias
630 3122 722 3150 etiam
734 3122 810 3149 circa
823 3118 876 3156 λιιι
888 3117 1024 3149 naturale
1035 3139 1042 3148 .

315 3218 347 3251 N
375 3230 465 3252 nova:
491 3217 561 3262 post
592 3216 752 3262 dimissam
774 3215 952 3250 adulteram
974 3215 1093 3258 nuptiae

341 3268 535 3302 naturalibus
558 3266 764 3302 adversentur
783 3266 910 3310 legibus
925 3291 935 3306 ,
961 3265 1093 3309 quidam

225 3317 358 3350 censent
378 3318 438 3351 ene
456 3318 665 3362 ambiguum.
698 3317 781 3351 Non
800 3316 847 3350 est
867 3316 1061 3360 ambiguum
1087 3340 1093 3346 .

226 3366 272 3399 Et
295 3364 428 3399 Divinis
445 3367 650 3402 adversantur
670 3368 702 3401 &
722 3366 920 3401 naturalibus
942 3389 950 3398 .
986 3365 1094 3399 lnvol-

227 3425 311 3450 vunt
321 3414 408 3449 duo:
436 3416 469 3448 &
481 3416 632 3460 legitimae
642 3417 791 3461 conjugis
803 3417 1018 3460 abjectionem
1030 3440 1041 3456 ,
1059 3416 1092 3449 &

230 3464 455 3502 sunultaneam
466 3464 658 3509 digamiam.
686 3466 748 3500 Ista
772 3466 1002 3512 Evangelicis,
1028 3464 1093 3499 haec

327 3513 436 3554 Christ.
448 3518 525 3557 Lupi
543 3519 642 3558 Opera
657 3519 737 3549 Tom.
760 3518 818 3550 XI.

1167 377 1271 424 ipsum
1284 376 1328 411 ob
1341 376 1567 419 superveniens
1578 376 1769 414 adulterium
1781 403 1792 419 ,
1818 391 1855 413 ac
1867 382 2041 423 praesertim

1166 427 1210 461 ob
1222 427 1499 470 supervenientem
1518 426 1669 459 morbum
1690 438 1745 462 aut
1766 429 1954 465 affinitatem
1967 455 1979 471 ,
1996 442 2044 469 ac

1166 478 1244 510 item
1263 476 1308 510 ob
1332 475 1553 519 superductam
1576 474 1796 513 Monasticam
1814 481 2043 522 profeffionern

1167 526 1378 570 permiserunt
1389 525 1493 566 solvi,
1521 527 1685 559 autetiam
1697 526 1886 571 solverunt„
1909 530 2046 564 manife-

1167 575 1211 609 ste
1223 576 1427 619 impegerunt
1439 577 1472 608 in
1487 575 1592 619 legem
1605 576 1763 622 Divinam
1773 600 1783 609 .
1808 576 1951 613 Forsitan·
1961 580 1996 615 δι
2008 579 2044 613 in

1168 627 1364 660 naturalem.
1393 626 1526 659 Etenim
1538 625 1703 667 primitiva
1715 625 1846 660 Divinae
1866 628 2045 670 Maiestatis

1168 678 1201 710 in
1215 676 1361 718 paradiso
1372 675 1467 710 verba
1479 699 1491 715 ,
1520 677 1645 716 Propter
1657 675 1707 708 hoc
1720 677 1864 718 relinquet
1884 674 1967 709 homo
1988 681 2049 710 Pa-

1166 734 1240 759 trem
1252 728 1285 760 cb·
1298 729 1427 758 Matrem
1439 750 1451 766 ,
1477 727 1511 759 (τ
1523 724 1690 758 adhaerebit
1702 731 1790 758 uxori
1803 724 1868 768 sitae
1882 751 1893 767 ‚
1917 728 1952 760 (9⁶
1962 734 2048 760 erunt

1167 778 1223 808 duo
1245 781 1279 808 in
1300 787 1387 809 carne
1410 786 1493 815 una,
1520 775 1654 809 edicunt
1689 777 1887 819 naturalem*
1907 776 2013 821 legem
2039 802 2049 811 .

1168 824 1311 872 Qidam
1326 825 1457 859 censent
1467 824 1550 858 edici
1566 824 1695 868 plenam
1709 826 1859 869 conjugii
1880 825 2051 860 indissolu-

1166 874 1328 908 bilitatem
1340 900 1347 908 .
1375 874 1449 908 Nec
1460 875 1525 908 sine
1536 875 1770 909 fundamento.
1798 873 1975 922 dequid
1986 877 2022 909 sit
2034 900 2047 918 ,

1168 924 1357 959 simultanea
1372 936 1427 968 per
1437 925 1625 959 sceleratum
1646 924 1937 960 Lamechinducta
1958 924 2050 970 diga·

1169 975 1234 1009 mia
1257 974 1360 1018 palam
1374 974 1556 1009 adversatur
1572 985 1692 1009 naturae
1714 974 1859 1020 legibus.
1891 975 1948 1009 Est
1969 977 2049 1010 co'n-

1169 1025 1356 1059 stantiffima
1369 1024 1518 1058 Ecclesiae
1531 1026 1691 1060 sententia
1702 1050 1709 1056 .
1736 1023 1882 1059 Proinde
1895 1025 1950 1068 qui
1964 1025 2049 1068 abje-

1167 1077 1221 1109 Rae
1231 1074 1381 1109 adulterae
1389 1075 1486 1108 aliam
1500 1086 1635 1109 uxorem
1647 1075 1813 1119 superduci
1825 1077 2049 1120 permiserunt,
2104 1102 2106 1104 ,

1168 1136 1222 1158 aut
1232 1137 1274 1159 ex
1284 1125 1403 1169 quovis
1415 1124 1514 1159 titulo
1526 1125 1782 1169 superduxerunt
1792 1151 1802 1167 ,
1831 1125 1938 1170 palam
1949 1126 2051 1169 impe-

1167 1185 1282 1218 gerunt
1295 1175 1328 1207 in
1340 1175 1414 1208 istas
1427 1174 1514 1219 leges
1525 1200 1532 1207 .
1562 1176 1606 1209 Et
1618 1187 1727 1210 tamen
1738 1173 1805 1209 haec
1815 1175 2050 1228 olim-§permisit

1166 1224 1274 1256 omnis
1286 1223 1460 1257 Gallicana
1476 1224 1617 1258 Ecclesia
1631 1250 1638 1257 .
1668 1226 1849 1260 Etcuntstus
1865 1221 1932 1268 ejus
1944 1235 2049 1268 popu·
2071 1264 2084 1281 a
2125 1226 2135 1234 ³
2174 1208 2200 1247 ‘a

1166 1273 1214 1305 lus
1225 1272 1305 1305 vixit
1317 1271 1430 1305 existo
1442 1272 1598 1306 Canone.
1630 1275 1738 1307 Etiam
1762 1276 1834 1308 aliae
1853 1270 2048 1306 Eeclefimas:

1165 1322 1219 1355 alii
1232 1322 1364 1364 populi.
1393 1321 1437 1353 Et
1457 1331 1580 1355 certum
1601 1321 1646 1354 est
1670 1322 1761 1362 illos,
1787 1320 1877 1365 quod
1900 1318 2052 1364 probabi-

1166 1372 1229 1405 lem
1243 1371 1539 1413 tuncsequerentur
1560 1372 1774 1411 sententiam,
1801 1382 1843 1404 ex
1866 1371 1925 1406 ista
1954 1371 2051 1406 causa

1167 1433 1233 1455 non
1245 1421 1337 1455 fuisse
1347 1420 1503 1455 alienatos
1515 1420 1533 1454 ὲ
1545 1421 1610 1455 Dei
1621 1431 1724 1465 regno
1734 1446 1744 1461 ‚
1771 1418 1909 1464 ideoque
1932 1430 2050 1457 morta-

1166 1472 1239 1505 liter
1252 1483 1319 1505 non
1341 1471 1503 1515 peccasse.
1533 1471 1625 1506 Rem
1647 1482 1678 1504 ct
1691 1471 1752 1505 aiis
1775 1471 1984 1515 simplicitas,
2010 1482 2050 1505 ac

1165 1522 1298 1564 simplex
1320 1521 1356 1555 in
1381 1521 1539 1556 Divinam
1562 1521 1670 1566 legem
1698 1520 1837 1557 charitas
1857 1520 1915 1557 ista
1935 1522 2051 1560 omnia.

1165 1579 1401 1615 cooperuerunt
1412 1581 1509 1615 atque
1518 1582 1696 1617 purgarunt
1707 1599 1716 1607 .

1213 1622 1252 1656 In
1263 1622 1425 1666 trigesima
1438 1622 1541 1665 prima
1553 1623 1716 1657 Oratione
1730 1624 1853 1658 sanctus
1863 1622 2048 1670 Gregorius
2067 1611 2148 1667 Capi
2160 1625 2195 1671 3:

1164 1672 1396 1707 Nazianzenus
1407 1671 1538 1706 adducit
1548 1673 1659 1708 locum
1670 1673 1920 1710 proverbiorum
1932 1688 1944 1708 .·
1971 1677 2050 1708 Mul-

1159 1737 1199 1768 ge
1215 1724 1262 1756 Iac
1275 1748 1286 1764 ‚
1313 1725 1414 1757 &erit
1425 1723 1576 1762 butyrum.
1606 1724 1907 1759 Etcommendatur
1923 1737 1931 1756 ε
1958 1727 2047 1759 Sedu-

1162 1776 1192 1808 lo
1207 1779 1327 1816 exquire
1335 1771 1349 1814 '‚
1376 1776 1409 1808 (τ
1421 1773 1542 1816 sortasse
1551 1779 1583 1805 in
1592 1780 1634 1807 ets
1653 1772 1850 1816 faeculentius
1863 1776 1980 1818 aliquid
1997 1780 2046 1809 m·-

1164 1830 1269 1858 venies
1279 1849 1286 1856 .
1316 1828 1380 1856 Hac
1389 1829 1467 1856 enim
1479 1830 1610 1858 oratione
1617 1823 1762 1867 secundas
1775 1830 1898 1866 nuptias
1909 1826 1982 1861 mihi
1993 1826 2045 1859 de·

1161 1879 1280 1916 precari
1294 1874 1419 1907 videtur
1432 1899 1438 1906 .
1464 1876 1498 1907 51
1513 1880 1591 1908 enlm
1603 1877 1658 1908 duo
1670 1874 1779 1915 Christi
1785 1874 1858 1918 sunt
1868 1898 1879 1914 ‚
1905 1876 1964 1910 duo
1974 1884 2045 1917 quo-

1163 1935 1218 1967 que
1230 1923 1370 1967 virisunt
1380 1948 1391 1963 ‚
1419 1926 1453 1958 (τ
1463 1926 1531 1958 duae
1541 1936 1664 1959 uxores.
1693 1927 1712 1958 5
1715 1930 1725 1957 i
1735 1935 1835 1959 autem
1856 1937 1933 1959 unus
1956 1924 2044 1958 chr}-

1156 1973 1219 2014 stur
1229 2000 1240 2014 ‚
1266 1985 1357 2007 unum
1369 1973 1501 2015 Ecclefiae
1514 1984 1603 2018 caput
1616 2000 1626 2015 ,
1652 1986 1711 2008 una
1721 1982 1813 2010 etiam
1835 1986 1900 2008 caro
1912 1975 1953 2017 fit
1963 2000 1974 2016 ‚
1998 1974 2045 2018 se-

1163 2025 1259 2052 cunda
1271 2033 1371 2053 aurem
1381 2023 1536 2063 respuatur·
1549 2049 1557 2055 .
1579 2024 1864 2066 ,Quodfisecundam
1871 2024 2041 2067 probibeat,

1163 2071 1199 2101 de
1211 2076 1300 2101 tertia
1312 2070 1388 2110 quid
1395 2072 1551 2103 dicendum
1559 2073 1596 2111 est
1608 2074 1625 2103 ἒ
1653 2075 1786 2105 Primum
1795 2075 1845 2107 lex
1855 2075 1894 2114 est
1904 2099 1914 2114 ‚
1937 2073 2040 2116 secun-

1162 2119 1233 2149 dum
1243 2116 1374 2149 venia&
1395 2118 1583 2159 indulgentia
1594 2144 1606 2157 ,
1631 2129 1752 2154 tertium
1777 2129 1923 2161 imquitas
1937 2147 1944 2154 .
1972 2124 2037 2164 ,Qut

1162 2176 1261 2199 autem
1272 2165 1347 2198 bunc
1368 2176 1518 2198 numerum
1537 2168 1652 2200 excedit
1662 2192 1672 2207 ,
1694 2173 1833 2209 porcina!
1849 2171 1943 2211 plane*
1963 2171 2000 2210 est
2025 2196 2037 2212 ,

1160 2217 1259 2257 utpote
1270 2227 1307 2248 ne
1317 2216 1410 2248 multa
1418 2214 1536 2257 quidem
1546 2222 1615 2250 vitii
1625 2219 1761 2260 exempla
1772 2218 1886 2253 babens
1895 2244 1903 2251 .
1933 2220 2045 2267 Qiar-¹

1161 2276 1231 2299 tum
1253 2265 1445 2311 eonjugium
1470 2266 1609 2300 affirmat
1629 2270 1691 2302 effe
1703 2269 1870 2311 porcinam
1895 2269 1995 2304 vitam
2023 2296 2036 2312 ‚

1160 2316 1304 2358 adeoque
1314 2316 1479 2349 adversam
1492 2327 1612 2351 naturae
1632 2317 1761 2362 legibus
1771 2344 1778 2351 .
1808 2320 1940 2354 Etenim
1954 2321 2036 2354 teile

1159 2366 1268 2399 scribit
1280 2367 1403 2399 sanstus
1414 2366 1619 2410 Augustinus
1636 2381 1643 2400 :
1671 2373 1796 2402 Natura
1815 2375 1928 2411 pecoris
1940 2370 1976 2410 est
1987 2375 2036 2403 vi-

1157 2421 1231 2447 tium
1241 2414 1367 2448 hominis
1382 2441 1388 2447 .
1411 2415 1504 2450 Hinc
1517 2417 1716 2451 naturalibus
1728 2419 1854 2463 legibus
1866 2420 1970 2462 palam
1980 2419 2036 2453 ad-

1157 2467 1298 2499 versatur
1321 2491 1328 2498 .
1363 2465 1528 2510 Gregorio
1551 2469 1709 2502 consonat
1732 2469 1768 2502 in
1791 2469 1970 2503 Canonicis
1990 2469 2033 2504 ad

1158 2517 1300 2549 sancium
1311 2515 1586 2559 Amphilochium
1608 2517 1721 2551 litteris
1731 2530 1869 2564 magnus
1880 2518 2013 2553 Basilius
2023 2531 2034 2552 τ

1157 2568 1360 2608 Trignmorum
1371 2567 1405 2599 Θ
1417 2567 1633 2608 Polygamorum
1643 2569 1767 2601 eundem
1785 2572 1940 2604 canonem
1960 2569 2034 2611 defi·
2055 2580 2134 2627 Cap·
2147 2586 2195 2629 με

1156 2621 1253 2648 nimus
1265 2640 1277 2655 ,
1303 2628 1388 2658 quem
1398 2621 1431 2648 in
1442 2617 1587 2659 digamis,
1612 2625 1669 2658 pro
1679 2624 1864 2659 proportione
1878 2643 1885 2651 .
1912 2624 2032 2654 Annum

1155 2671 1232 2698 enim
1244 2671 1276 2697 in
1287 2668 1433 2708 dlgami53
1460 2666 1515 2698 alii
1537 2677 1609 2699 vero
1635 2668 1707 2700 duos
1731 2680 1826 2702 annos
1839 2694 1846 2701 .
1874 2672 2031 2712 Trigamor

1156 2723 1254 2748 autem
1260 2713 1341 2757 saepe
1350 2714 1445 2748 tribus
1457 2717 1491 2749 Θ
1500 2725 1625 2758 quatuor
1636 2723 1724 2750 annis
1728 2716 1887 2762 segregant
1897 2743 1905 2751 .
1932 2720 1972 2752 ld
1979 2732 2032 2754 au·

1156 2776 1216 2798 tem
1228 2776 1285 2797 non
1295 2766 1423 2806 amplius
1436 2767 1601 2810 conjugium
1610 2791 1621 2807 ,
1645 2766 1705 2810 sed
1719 2769 1910 2812 polygamtam
1930 2772 2031 2811 appet-

1156 2815 1245 2864 lan,
1271 2816 1321 2848 vel
1329 2816 1430 2856 potiris
1454 2815 1624 2859 castigatam
1637 2817 1879 2858 fornicationem.
1905 2821 1951 2852 Et
1961 2821 2028 2853 ideo

1159 2865 1300 2897 Dominus
1321 2867 1542 2905 samaritam,
1579 2877 1645 2908 quae
1666 2872 1794 2910 quinque
1817 2874 1940 2902 maritos
1954 2871 2028 2910 jam

1155 2913 1318 2955 babuerat,
1345 2919 1459 2957 inquit:
1488 2916 1599 2962 Qem
1623 2928 1711 2951 nunc
1732 2917 1829 2951 habes
1845 2944 1856 2959 ,
1885 2929 1955 2953 non
1977 2920 2026 2953 est

1156 2966 1286 2998 maritus
1297 2989 1304 2997 .
1330 2966 1448 3006 Nempe
1458 2967 1539 3007 quod
1546 2966 1628 3009 digni
1638 2966 1759 3008 nonfint
1780 2973 1830 3010 qui
1841 2981 1861 3002 ae
1881 2971 2026 3013 digamiae

1154 3013 1289 3057 mensura
1301 3016 1495 3055 exciderunt,
1521 3024 1555 3048 ut
1578 3017 1630 3049 vel
1649 3023 1769 3058 mariti,
1796 3020 1848 3052 vel
1864 3025 1964 3053 uxoris
1975 3030 2025 3053 no-

1154 3069 1231 3098 mine
1242 3065 1425 3107 appellentur
1433 3089 1440 3097 .
1471 3063 1687 3107 consuetudine
1696 3077 1795 3101 autem
1818 3074 1978 3111 accepimus
1989 3076 2024 3104 in

1152 3120 1287 3157 rrtgamn
1297 3119 1491 3157 quinquennii
1496 3112 1728 3159 segregationem
1738 3141 1750 3157 ,
1778 3129 1835 3151 non
1847 3120 1866 3151 ἃ
1877 3123 1999 3155 Canone
2009 3145 2024 3163 ‚

1148 3162 1205 3207 sed
1228 3165 1267 3197 ab
1283 3176 1399 3204 eorum,
1425 3169 1476 3206 qui
1490 3173 1733 3208 praeoccuparunt
1750 3191 1761 3207 ,
1788 3167 1987 3211 consequentia:
2015 3196 2025 3203 .

1154 3218 1273 3256 Oportet
1284 3222 1381 3247 autem
1391 3225 1437 3248 eos
1448 3226 1505 3247 non
1515 3219 1630 3248 omnino
1641 3228 1737 3250 arcere
1753 3218 1790 3250 ab
1802 3217 1924 3259 Ecclesia
1938 3243 1949 3259 ‚
1963 3218 2022 3262 sed

1153 3266 1272 3308 dignari
1285 3265 1438 3297 auditione
1446 3263 1557 3297 duobus
1569 3267 1621 3299 vel
1629 3265 1725 3300 tribus
1735 3273 1826 3300 annis
1836 3282 1846 3301 :
1873 3272 1916 3300 Et
1923 3270 2022 3310 postet?

1151 3320 1287 3356 permitti
1304 3315 1419 3356 quidem
1433 3312 1604 3356 Consistere,
1626 3315 1680 3359 seu
1693 3317 1867 3359 infidelium
1887 3320 1937 3360 esse
1957 3329 2025 3351 con-
2064 3339 2066 3342 -

1150 3371 1335 3408 gregatione3
1362 3365 1580 3398 ‹iBonltamen
1589 3371 1783 3400 communione
1792 3367 1946 3406 abstinere.
1973 3371 2021 3400 Be

1152 3414 1190 3457 fic
1207 3414 1357 3456 postquam
1374 3419 1559 3455 poenitentiae
1570 3416 1707 3458 fruc‘lum
1726 3416 1921 3457 ostenderint,
1946 3427 2020 3449 com-

1157 3470 1304 3498 munionis
1314 3464 1369 3498 loco
1379 3462 1539 3504 restituere.

1652 3516 1679 3549 Β
1768 3515 1772 3518 ⁴
1877 3514 2000 3559 Loqui-
