2366 3736
147 752 220 785 Lib.
246 751 278 787 6.

151 814 218 846 cap.
249 811 303 848 19

369 108 463 155 228

324 203 383 233 re,
411 194 465 227 seu
488 192 589 228 totius
612 191 691 237 legis
713 173 930 237 adimplendae
945 192 1066 227 viribus
1079 191 1210 236 pollere,

325 244 417 278 aliud
438 245 519 277 reste
536 244 674 283 vivere,
703 240 794 284 supra
807 241 946 277 abunde
960 243 1121 278 ostensum
1140 242 1209 282 est,

327 295 422 329 &res
438 296 502 338 ipsa
515 294 650 327 clamat.
679 290 792 327 Petrus
802 294 922 336 quippe
945 293 1145 337 Apostolus,
1171 292 1209 326 li-

327 355 379 379 cet
394 344 513 378 viribus
523 343 590 375 istis
605 341 753 376 nondum
767 343 940 378 instructus
953 369 964 383 ,
992 343 1091 384 usque
1102 343 1141 377 ad
1154 354 1209 375 an-

328 394 410 429 cillae
444 392 579 426 ostiariae
613 391 903 439 interrogationem
923 395 957 431 δε,
977 403 1101 427 metum
1125 391 1209 428 reestc

326 442 468 480 omnino
497 442 598 475 vixit.
628 441 828 490 Qinimmo
850 444 1002 487 plurimi,
1027 454 1109 486 quos
1121 453 1207 477 nem·

326 505 366 539 pe
386 493 403 525 ὲ
425 491 662 527 tentationibus
685 493 812 528 infirma
835 496 888 529 sua
901 493 1056 528 charitate
1068 492 1207 527 fortiori-

325 543 383 576 bus
404 541 545 576 custodit
569 543 696 577 Divina
719 544 878 587 protestio
893 569 903 585 ‚
928 545 1027 584 usque
1050 543 1089 577 ad
1103 553 1207 578 extre·

324 603 417 625 mum
440 593 587 636 spiritum
609 593 693 628 reste*
710 594 777 628 fine
790 594 853 627 illis
865 605 968 639 agunt
980 618 991 634 ‚
1021 593 1126 628 fauste
1142 604 1210 626 mo-

323 643 475 683 fiuntur,
501 642 702 688 feliciterque
724 642 906 684 decedunt,
935 645 1012 677 licet
1034 655 1099 676 non
1115 641 1207 686 plene

324 693 395 735 puri
413 717 424 733 ‚
452 702 560 727 tamen
577 692 760 738 purgandi,
787 694 827 729 ad
846 695 1031 728 Dominum
1041 694 1150 726 Deum
1173 693 1205 726 ἀ

323 742 390 786 ejus
403 754 541 790 regnum
553 769 560 776 .
592 744 634 778 Et
646 744 686 779 de
699 745 762 778 illis
773 746 818 777 ait
833 744 1037 787 Augustinus
1063 744 1094 775 in
1119 742 1206 775 libris

325 793 476 828 adversus
489 793 651 836 Julianum
666 807 673 825 :
696 793 806 827 Potest
820 793 922 827 homo
934 795 986 836 esse
994 794 1136 826 corrcc‘lus
1151 817 1161 832 ,
1173 795 1206 826 (at

323 844 401 878 νεέῖἑ
413 849 520 877 vivere
528 869 537 884 ‚
565 846 689 876 necdum
705 853 805 876 tamen
816 845 970 884 remissione
978 852 1161 885 peccatorum
1174 845 1204 875 li·

323 895 461 929 beratus
490 895 659 950 Qosdam
683 893 946 927 catechumenos
970 894 1082 927 multis
1105 893 1203 926 fideli·

322 945 384 979 bus
410 946 516 978 vivere
537 943 692 985 sanctius,
719 942 826 1001 aperte
847 944 965 977 docet
957 956 991 977 in
1006 943 1204 987 nonagesimi

320 994 445 1031 Psalmi
468 993 738 1036 commentario,
766 994 801 1027 in
824 1004 942 1039 quarto
960 995 1095 1028 tractatu
1116 994 1205 1037 super

316 1046 423 1092 >saneti
447 1044 580 1088 Joaunis
594 1044 839 1088 Evangelium‚
865 1056 903 1077 ac
914 1043 1145 1083 aliisinlocis‚
1171 1044 1203 1078 &

323 1095 422 1138 ndjcw
428 1096 477 1139 git
492 1107 499 1126 :
526 1098 572 1130 Et
582 1103 683 1127 tamen
696 1098 794 1126 omnia
801 1102 924 1135 peccata
932 1093 1019 1136 super
1037 1095 1101 1127 illos
1109 1092 1183 1136 sunt
1195 1119 1204 1134 ‚

325 1145 437 1186 &nist
444 1149 582 1177 venerint
591 1146 634 1177 ad
641 1142 801 1187 salutarem
827 1142 1037 1187 Baptismum,
1065 1143 1116 1176 ubi
1133 1151 1203 1185 pec—

324 1205 393 1227 cata
411 1193 591 1237 solvuntur,
618 1205 683 1227 cum
705 1192 910 1228 omnivitae&
923 1205 1053 1227 morum
1065 1193 1205 1227 excellen-

324 1247 369 1277 iia
384 1242 443 1286 sua
456 1256 513 1276 non
521 1245 591 1289 poss
580 1254 624 1276 nt
635 1250 751 1278 intrare
761 1250 792 1275 in
804 1255 927 1291 regnum
936 1242 1204 1291 coeiomm.Q10d

322 1305 442 1337 nempe
456 1294 512 1327 ista
524 1293 721 1328 excellentia
734 1295 768 1327 sit
786 1293 957 1328 dumtaxat
970 1294 1058 1330 bona
1069 1293 1149 1327 citra
1160 1293 1203 1337 ju-

317 1345 406 1379 'stam
431 1344 471 1377 de
497 1343 651 1390 gravibus
670 1344 809 1387 lapsibus
826 1345 986 1387 querelam
1008 1344 1074 1378 vita
1094 1366 1105 1382 ‚
1132 1355 1201 1377 nec-

312 1394 404 1439 *dum
416 1394 519 1428 torius
531 1393 612 1437 legis
622 1393 838 1437 adimpletio,
859 1395 912 1428 seu
927 1393 1080 1437 perfestio
1100 1392 1202 1427 chari-

319 1444 400 1480 tatis
415 1466 424 1476 .
449 1444 494 1479 Et
507 1444 580 1479 talis
591 1444 655 1486 jam
667 1443 711 1477 est
725 1443 811 1480 filius
822 1444 905 1478 Dei:
935 1444 1016 1478 Non
1030 1453 1084 1487 per
1095 1454 1200 1486 pecca-

313 1491 433 1528 ‘torum
466 1489 685 1529 remiffionem
707 1518 718 1534 ,
754 1493 804 1528 sed
827 1504 880 1537 per
909 1492 1039 1528 actualis
1068 1493 1201 1527 exordia

312 1543 508 1579 eharitatis.
535 1543 638 1579 Varia
660 1541 746 1587 apud
757 1543 910 1588 antiquos
923 1543 1070 1578 Ecclefiae
1093 1541 1202 1577 Patres

320 1593 369 1629 est
382 1595 447 1629 Dei
466 1593 605 1633 filiatio,
633 1593 885 1636 variiqueipfius
895 1593 1033 1638 gradus:
1062 1592 1151 1627 Nam
1170 1594 1209 1627 &2

312 1643 466 1680 ffiaeretici
489 1645 563 1678 sun't
589 1642 656 1676 illis
669 1643 728 1678 filii
743 1643 838 1683 Dei,
865 1643 918 1678 sed
931 1641 1086 1677 rebelles:

373 1693 570 1730 Audiamus'
579 1693 613 1727 δε
634 1692 786 1727 ultimum
799 1692 940 1727 Domini
954 1690 1139 1728 Cardinalis
1159 1699 1201 1724 ar

312 1753 540 1790 gumentum:
569 1740 714 1782 Postrema
738 1748 911 1786 opponimus
932 1744 985 1783 id,
1012 1743 1094 1784 quod
1114 1745 1204 1773 etiam

311 1792 546 1840 adversarius,
557 1792 647 1835 surita
660 1802 856 1826 memoratus
869 1791 979 1825 nescio
992 1791 1066 1834 quis
1075 1790 1203 1823 Dossor

311 1843 542 1882 Catholicus,
567 1844 726 1882 admittit,
751 1847 784 1874 in
805 1841 930 1874 articulo
951 1843 1078 1878 mortis,
1097 1838 1126 1880 fi
1147 1850 1204 1871 non

309 1888 399 1936 adfit
418 1900 469 1936 qui
491 1892 652 1928 reconciliet
680 1895 876 1927 Poenitemem
902 1892 953 1924 vel
967 1890 1101 1932 baptizet
1119 1893 1201 1921 Cate-

316 1940 516 1984 ibumenum,
540 1935 615 1985 posse
642 1952 688 1974 eos
708 1950 765 1983 per
786 1952 889 1975 veram
915 1945 1130 1974 Contritionem
1139 1949 1204 1972 cum

322 1993 466 2037 defiderio
478 1995 700 2026 Sacramentum
707 1993 915 2034 percipiendi
941 2002 998 2023 non
1016 1987 1200 2033 solumJ'usti-
1208 2001 1210 2004 ⁴

318 2043 607 2089 ficari,sedee1eim
614 2044 747 2076 continu&
759 2043 804 2074 ad
813 2049 956 2075 aternam
964 2042 1092 2085 gloriam
1099 2048 1193 2080 perve

322 2099 408 2129 nire
437 2098 476 2127 At
486 2096 564 2128 certe
574 2104 631 2126 non
644 2091 681 2131 est
695 2092 836 2125 articulus
849 2097 970 2132 mortis,
998 2096 1048 2133 qui
1073 2089 1202 2121 homines

314 2138 488 2188 justificat,
510 2142 576 2186 sed
585 2143 660 2176 vera
670 2140 813 2184 converso
825 2143 964 2176 &cordis
978 2144 1115 2174 contritio
1134 2150 1203 2171 cum

315 2191 463 2240 desiderio
474 2195 493 2226 5
495 2196 654 2229 aeramenti
663 2192 864 2234 percipiendi.
881 2192 1027 2224 Articulus
1040 2195 1119 2222 enim
1129 2199 1199 2220 mor-

317 2250 370 2289 jis
387 2246 407 2277 ἃ
425 2239 984 2294 pravaricationepraeceptiexcusat,
1011 2241 1045 2272 (vt
1059 2238 1144 2280 facit
1170 2248 1203 2270 ut

320 2296 414 2329 'noni
393 2293 420 2334 Γ
415 2304 428 2327 ι·
441 2304 510 2326 rcus
523 2296 705 2326 sacramenti
716 2304 774 2325 non
781 2294 934 2336 ρεηεριι
923 2316 934 2333 ‚
962 2296 1012 2333 qai
1025 2289 1094 2322 idest
1102 2289 1121 2321 5
1123 2299 1192 2322 acra

318 2341 369 2379 ‘in'-
361 2352 460 2376 ntum
480 2354 537 2375 non
558 2340 676 2382 babuit,
706 2348 775 2386 quia
798 2342 913 2382 noluit,
936 2339 1007 2384 sed
1013 2344 1082 2383 quia
1091 2351 1147 2372 non
1154 2347 1200 2381 po

323 2398 407 2426 mit.
434 2395 516 2437 Ergo
537 2392 708 2438 ubicumque
729 2393 834 2426 eadem
854 2393 948 2435 cauffa
959 2396 1143 2432 reperietur,
1170 2391 1204 2420 id

321 2440 400 2485 est,
409 2452 486 2476 vera
507 2441 640 2482 εοηῆῑὶιίο
652 2453 716 2491 cum
729 2451 796 2476 voto
805 2443 988 2475 sacramenti
994 2438 1202 2483 suscipiendi,

320 2491 407 2526 idem
427 2497 518 2525 etiam
540 2484 675 2525 continua
690 2491 831 2536 sequetur
842 2490 981 2531 effecius.
1005 2488 1203 2533 Respondeo

322 2541 520 2580 'necessitatis
531 2539 604 2576 arti
602 2543 703 2576 ulu'm
716 2543 777 2576 ne'c
789 2541 919 2585 plenam
929 2543 1008 2581 esse,
1019 2551 1079 2573 nec
1091 2539 1202 2583 partia·

323 2592 392 2628 lem
417 2592 530 2626 noflrae
548 2591 790 2636 justificationis
805 2592 973 2632 caussam,
1000 2589 1053 2624 sed
1065 2591 1130 2623 esse
1151 2600 1200 2622 oc·

325 2643 489 2678 cassonem
515 2645 578 2677 seu
590 2643 750 2676 rationem
764 2641 894 2675 Divinae
904 2640 1150 2684 dispensationis
1171 2639 1204 2671 ἀ

324 2690 462 2752 gratiae,
489 2705 551 2737 qua
573 2693 717 2726 nostrum
731 2691 924 2735 figmentum
938 2691 1104 2725 miseratus
1114 2690 1205 2722 Deus

325 2745 472 2788 optimus
493 2743 655 2777 maximus
678 2742 740 2786 legi
763 2742 823 2775 suae
848 2742 934 2785 quasi
956 2740 1112 2784 deroget,
1139 2741 1203 2781 sup·

324 2795 476 2839 pleatque
497 2793 699 2827 Sacramenti
722 2802 775 2834 per
798 2791 1014 2825 neceffitatem
1037 2792 1101 2823 (ine
1112 2788 1206 2830 culpa

325 2846 436 2879 nostra
449 2843 632 2878 deficientis
644 2842 900 2876 caussalitatern.
932 2841 1025 2874 Deus
1035 2839 1124 2873 enim
1134 2864 1143 2880 ,
1158 2841 1204 2872 uti

326 2894 482 2938 providus
507 2894 637 2928 familiae
657 2893 774 2931 Pater,
802 2891 837 2924 in
852 2889 1066 2934 Evangelicis
1091 2890 1207 2922 suisle—

327 2944 422 2988 gibus
443 2955 508 2977 non
531 2944 611 2977 solet
631 2943 697 2976 fine
718 2942 918 2984 competenti
932 2941 1039 2974 caussa
1050 2939 1206 2982 dispensa-

327 3005 362 3027 re
377 3018 384 3025 .
416 2993 553 3037 Egregia
575 2994 606 3026 ὅ(
638 2993 730 3025 omni
751 2990 843 3025 laude
865 2991 1049 3036 dignissima
1070 2989 1115 3022 est
1141 2988 1206 3021 haec

327 3043 471 3076 Domini
493 3042 675 3076 Cardinalis
699 3040 889 3076 Confeffio:
916 3043 1022 3073 Multae
1038 3038 1112 3082 sunt
1131 3039 1208 3079 obje-

327 3092 436 3125 eilanes
450 3094 483 3125 (9·
498 3103 611 3135 graves
625 3092 785 3124 adversam
806 3102 863 3132 ea,
889 3102 955 3133 quae
965 3089 1118 3132 disputata
1125 3088 1207 3131 sunt.

327 3139 413 3177 Sunt
424 3141 563 3174 omnino
574 3141 759 3184 graviffimae
772 3150 869 3184 atque
881 3139 1131 3184 irrefragabiles3
1161 3150 1210 3172 ve-

327 3193 401 3227 rum
423 3202 492 3235 quae
515 3201 569 3233 per
592 3189 744 3224 adductos
768 3191 862 3224 variae
884 3190 1050 3225 charitatis
1062 3189 1179 3233 gradus
1200 3214 1210 3229 ‚

323 3235 438 3280 scires,
465 3241 517 3274 seu
541 3241 659 3282 species
681 3239 836 3274 facillime
864 3240 1102 3275 concilientur.
1131 3239 1210 3273 Gra-

327 3290 389 3327 dus
415 3290 491 3324 istos
510 3289 654 3333 quisquis
669 3301 743 3322 curn
760 3291 950 3334 Augustino
969 3288 1210 3324 benedistinxe·

326 3343 390 3384 rit,
417 3352 485 3378 non
499 3339 602 3386 potest
618 3338 729 3374 nobisc
739 3351 792 3374 um
807 3351 874 3377 non
889 3340 1006 3377 sentire
1019 3364 1027 3373 .

888 105 1313 153 D1ssi-:RTAT10
1360 103 1734 189 DOGMAricA

1452 240 1826 279 CAPUT
1920 244 1998 282 XI.

1295 343 1496 376 Elucldantur
1520 344 1662 385 quaeda'm
1674 352 1732 386 per
1756 347 1916 379 Dominum
1937 346 2130 381 cardinalem

1345 392 1475 426 addueia
1493 392 1555 426 loca
1562 391 1743 439 sacrosanc‘li
1753 396 1878 430 concilii
1887 398 2053 430 Tridentini
2065 422 2074 430 .

1365 492 1505 528 Ominus
1516 491 1700 530 Cardinalis
1711 495 1929 532 adsertionem
1942 495 2029 530 suam
2041 495 2156 530 fundat

1391 546 1490 578 etiam
1513 543 1546 576 in
1568 544 1670 579 tribus
1692 545 1773 580 locis
1797 547 1999 581 sacrosandae
2027 545 2155 588 Synodi

1269 592 1486 628 Tridentinae.
1514 593 1641 627 Primus
1652 594 1697 628 est
1708 606 1750 630 ex
1769 597 1920 632 Seffionis
1933 598 2028 631 sextae
2050 596 2156 638 capite

1270 654 1387 687 quarto
1400 657 1407 676 :
1436 645 1596 677 Concilium
1608 646 1821 680 Tridentinum
1833 648 1967 681 declarat
1975 645 2037 688 post
2049 648 2156 678 Evan-

1264 693 1375 740 gelium
1390 694 1609 738 promulgatum
1627 701 1770 730 neminem
1790 697 2015 740 justificarifine
2028 695 2148 740 Raptis
2143 712 2158 721 -

1271 756 1316 777 mo
1334 753 1386 777 aut
1409 747 1475 785 ejus
1497 755 1584 787 ὀυτος
1611 757 1666 787 quo
1688 748 1744 779 loco
1766 748 1904 780 admittit
1920 750 1996 790 posse
2009 748 2156 781 bominem

1265 803 1320 835 per
1331 806 1434 827 veram
1447 797 1661 829 Paenitentiam
1671 807 1735 829 cum
1747 806 1814 830 voto
1824 797 1972 841 Baptismi
1986 802 2045 833 Deo
2056 811 2153 833 recon-

1269 845 1366 878 ciliari
1387 855 1548 886 antequam
1562 844 1751 892 Baptismum
1773 856 1889 889 corpore
1908 853 2031 889 recipiat
2045 874 2052 882 .
2079 850 2160 884 Res-

1271 894 1400 938 pondeo
1423 894 1452 928 id
1467 894 1607 928 omnine>
1620 897 1707 939 poss'e
1718 898 1787 932 fieri
1799 922 1809 937 ,
1838 898 1872 931 &
1894 899 1964 931 astu
1979 899 2046 932 fieri
2062 899 2094 932 in
2107 910 2163 935 ca-.

1271 945 1305 979 su
1327 945 1476 989 martyrii
1496 969 1506 985 ‚
1535 946 1569 978 in
1592 955 1741 980 extremae
1764 946 1957 982 necessitatis
1976 949 2049 982 casu
2074 973 2086 990 ‚
2122 949 2159 984 in

1269 995 1344 1028 casu
1368 993 1506 1038 perfecta
1527 994 1713 1036 charitatis,
1740 997 1774 1032 &
1798 997 1832 1031 in
1846 997 2038 1039 quibusdam
2059 999 2159 1034 etiam

1270 1042 1387 1077 casibus
1397 1043 1564 1078 charitatis
1575 1046 1619 1080 im
1623 1048 1767 1089 perfectae
1778 1072 1785 1079 .
1814 1047 1915 1081 Extra
1928 1048 2005 1082 istos
2016 1049 2093 1083 dico
2104 1060 2159 1084 vo-

1270 1103 1339 1127 tum
1361 1105 1428 1129 non
1450 1095 1593 1129 sufficere
1615 1120 1627 1136 ,
1655 1097 1707 1130 sed
1732 1098 1847 1131 actuali
1872 1096 2077 1141 Baptismatis
2102 1109 2159 1135 aut

1270 1143 1564 1179 Reconciliationis
1576 1146 1782 1181 Sacramento
1803 1148 1866 1181 effe
1888 1148 2029 1183 omnino
2040 1161 2122 1193 opus
2150 1174 2158 1182 .

1273 1194 1409 1228 Actuale
1429 1194 1671 1230 Sacramentum
1694 1197 1820 1231 cunstis
1842 1197 2027 1242 imperfecte
2038 1200 2160 1234 contri-

1270 1245 1312 1278 tis
1332 1244 1511 1288 judicatum
1523 1245 1604 1279 olim
1617 1247 1739 1289 semper
1751 1247 1813 1280 fuit
1826 1248 1908 1280 adeo
1923 1248 2132 1282 neeeffarium
2146 1274 2159 1291 ,

1270 1304 1304 1328 ut
1325 1294 1365 1328 de
1389 1294 1516 1328 laudata
1528 1306 1580 1338 pet
1595 1296 1737 1329 fanetum
1749 1295 1908 1339 jacobum
1923 1296 2122 1340 Apostolum
2146 1322 2159 1339 ,

1270 1344 1455 1386 Confitemini
1467 1346 1644 1378 alterutrum
1661 1353 1783 1386 peccata
1794 1344 1912 1386 vestra,
1938 1346 2159 1382 Sacramenta-

1271 1394 1293 1428 li
1318 1396 1383 1429 oris
1395 1394 1608 1429 Confeffione
1619 1393 1735 1428 scribat
1747 1395 1787 1429 ad
1801 1392 2067 1431 Lincolniensem
2080 1397 2158 1442 Epi·

1270 1445 1401 1487 scopum
1423 1445 1521 1478 etiam
1533 1444 1752 1478 Theobaldus
1773 1446 1990 1489 stampenfis:
2017 1451 2082 1482 Hac
2100 1459 2158 1482 au-

1269 1494 1423 1534 c‘loritate‚
1446 1493 1516 1535 ficut
1535 1495 1657 1536 quidam
1664 1502 1800 1537 putant,
1828 1507 1885 1529 non
1896 1497 2055 1536 laedtmum
2083 1503 2158 1541 quia

1269 1543 1318 1576 boc
1339 1544 1458 1578 tantiam
1473 1543 1549 1587 sanc)
1558 1546 1595 1577 de
1616 1544 1784 1578 valentibus
1807 1547 1841 1580 (τ
1853 1547 1980 1588 confiteri
1991 1547 2156 1581 nolentibus

1269 1595 1451 1638 intelligitur.
1481 1596 1567 1638 ,Quia
1590 1594 1764 1642 nimiriimfi
1777 1596 1884 1638 aliquis
1895 1605 1952 1638 pro
1964 1598 2065 1639 aliqua
2075 1597 2158 1640 infir·

1269 1652 1373 1677 mirate
1397 1668 1408 1684 ,
1428 1642 1492 1684 five
1518 1650 1607 1676 etiam
1633 1644 1672 1676 ab
1693 1644 1761 1687 ipsa
1776 1650 1942 1686 nativitate
1962 1647 2090 1688 confiteri
2112 1658 2159 1682 ore

1270 1698 1416 1735 impotens
1430 1694 1569 1735 efficiatur
1581 1718 1591 1734 ,
1617 1695 1681 1727 ciam
1691 1695 1797 1726 bonam
1809 1697 1843 1728 (⁶5
1855 1695 2011 1738 discretam
2025 1697 2160 1740 confiten-

1271 1745 1303 1776 di
1318 1755 1365 1777 ore
1385 1742 1494 1776 babeat
1512 1744 1717 1783 voluntatem,
1739 1743 1769 1786 fi
1787 1747 1872 1778 corde
1892 1746 2084 1788 confiteatur,
2112 1748 2161 1780 di·

1267 1791 1427 1836 J‘cretorum
1443 1794 1558 1834 judicio
1575 1794 1699 1835 prorsuis
1712 1795 1828 1828 alienus
1840 1797 1861 1828 ἃ
1867 1793 1965 1838 salute
1976 1807 2031 1828 non
2038 1798 2159 1837 judica·

1270 1853 1339 1875 tur.
1367 1843 1525 1876 Notanda
1547 1844 1620 1876 sunt
1641 1842 1757 1882 verba,
1777 1842 1849 1885 ficut
1872 1846 2120 1887 quidamputant
2145 1860 2157 1881 .-

1273 1891 1390 1937 Agunt
1411 1892 1445 1926 in
1470 1891 1564 1933 illos,
1589 1892 1645 1938 qui
1665 1891 1828 1927 laudatam
1851 1894 2086 1930 confeffionem
2097 1895 2158 1930 ho·

1273 1943 1355 1976 mini
1382 1942 1471 1985 lapso
1484 1941 1518 1975 in
1530 1943 1647 1986 quovis
1658 1942 1788 1986 penitus
1800 1954 1919 1977 eventu
1931 1945 1965 1981 &
1979 1945 2063 1980 statu
2084 1957 2159 1981 cen-

1271 1992 1383 2026 sebant
1415 1991 1708 2035 indispensabiliter
1738 1993 1945 2028 necessariam
1966 2018 1978 2035 ‚
2013 1996 2161 2040 solosque

1276 2042 1430 2076 naturalis
1452 2042 1654 2084 impotentiae
1664 2052 1720 2076 aut
1733 2052 1885 2077 extremae
1898 2044 2088 2080 neceffitatis
2102 2057 2158 2080 ca·-

1274 2094 1321 2126 sus
1345 2092 1444 2126 audet
1467 2090 1685 2126 Theobaldus
1707 2093 1810 2127 facere
1829 2099 2016 2137 exemptos.
2047 2096 2089 2130 Et
2100 2095 2162 2130 dat

1273 2142 1431 2176 rationem
1448 2152 1485 2175 ex
1500 2142 1608 2177 saneto
1621 2144 1832 2186 Hieronymo
1843 2146 2024 2188 :Quidquid
2034 2150 2084 2179 vis
2094 2170 2106 2187 ,
2124 2144 2163 2181 θ

1272 2204 1330 2225 non
1347 2200 1457 2234 potes,
1484 2194 1567 2224 Deus
1580 2192 1702 2233 fat‘lum
1713 2201 1882 2234 computat.
1905 2197 1986 2228 sicut
1997 2201 2076 2229 enim
2091 2195 2163 2230 deli·

1271 2243 1385 2276 beratio
1404 2252 1468 2274 eum
1495 2243 1643 2274 molimine
1665 2247 1808 2274 vitiorum
1831 2245 2019 2285 damnatur,
2042 2245 2082 2287 fic
2093 2255 2162 2287 quo·

1271 2303 1324 2335 que
1335 2292 1410 2325 bona
1422 2292 1590 2331 voluntas,
1615 2291 1680 2324 cicm
1690 2290 1766 2329 deest
1774 2296 1858 2333 copia
1869 2295 2006 2336 agendi,
2032 2302 2161 2328 remune-

1271 2352 1379 2385 ratur3
1403 2346 1476 2384 quia
1485 2353 1541 2373 non
1548 2339 1708 2383 secundum
1721 2340 1795 2381 boc,
1821 2343 1904 2384 quod
1911 2340 2031 2385 quisque
2042 2351 2157 2386 nonpo-

1270 2398 1327 2426 tuit
1339 2417 1349 2433 ,
1377 2393 1428 2425 vel
1436 2403 1492 2423 non
1503 2394 1591 2424 licuit
1593 2416 1604 2432 ,
1626 2390 1847 2434 sedfi-cundum
1856 2391 1907 2424 boc
1917 2416 1928 2432 ,
1940 2391 2090 2435 quodsum
2101 2419 2112 2434 ,
2122 2395 2157 2428 6·

1265 2441 1415 2484 *pv-*oposiat
1436 2452 1473 2474 ex
1484 2440 1675 2483 conscientia,
1703 2440 1855 2484 accusatur
1878 2444 1929 2475 vel
1948 2440 2123 2483 defenditur
2148 2466 2161 2483 ,

1269 2494 1332 2526 ciem
1345 2496 1424 2526 Deus
1433 2491 1584 2533 judicabit
1604 2493 1714 2525 occulta
1729 2490 1894 2524 hominum.
1921 2491 2001 2525 Hoc
2011 2491 2078 2531 est,
2106 2502 2163 2526 ne-

1271 2551 1434 2587 quaquam
1462 2542 1603 2583 semper,
1632 2541 1685 2574 sed
1698 2541 1869 2574 dumtaxat
1884 2541 1940 2575 ubi
1956 2541 2171 2577 faciendico-'

1273 2593 1323 2636 pia
1344 2591 1430 2626 deest
1444 2616 1455 2631 ,
1480 2601 1594 2624 votum
1615 2591 1649 2624 δι
1674 2589 1823 2624 voluntas
1834 2591 2026 2635 aequivalent
2049 2592 2135 2626 saffo
2154 2616 2162 2623 .

1274 2643 1315 2676 Et
1337 2642 1531 2676 sacrosansta
1543 2639 1743 2674 Tridentina
1754 2640 1908 2684 Synodus
1930 2640 2044 2677 dicens
2055 2667 2065 2683 ,
2092 2643 2162 2676 stne

1274 2690 1427 2735 Baptismo
1447 2699 1499 2724 aut
1521 2691 1587 2730 ejus
1599 2698 1685 2731 voto,
1712 2691 2055 2735 nequaquaminducit
2067 2691 2160 2726 alter·

1272 2743 1413 2776 nativam
1427 2766 1438 2782 ,
1464 2749 1520 2775 aut
1533 2740 1643 2774 locum
1666 2741 1745 2774 facit
1764 2741 1915 2774 electioni
1926 2765 1937 2782 ,
1963 2741 2017 2774 sed
2040 2741 2162 2776 definit

1272 2792 1420 2826 adversus
1430 2790 1587 2833 Cajanam
1599 2790 1631 2824 ἀ
1644 2790 1887 2825 Wicleffiticam
1899 2791 1917 2823 ὲ
1929 2790 2083 2825 Martino
2096 2790 2161 2824 Lu-

1272 2841 1366 2876 thero
1377 2841 1593 2875 resuscitatam
1608 2840 1746 2875 haerefim
1757 2863 1768 2878 ‚
1779 2840 1868 2874 hunc
1883 2842 2050 2884 praesertim
2064 2840 2132 2884 ejus
2143 2840 2163 2874 a

1273 2894 1398 2937 Joanne
1410 2890 1567 2926 Cochlaeo
1589 2900 1804 2924 memoratum
1816 2890 1987 2925 articulum
2005 2903 2012 2922 :
2038 2890 2162 2934 Baptis-
2177 2884 2328 2933 Λ-Ῑςῑῐὴ

1272 2955 1338 2976 mus
1356 2946 1499 2975 neminem
1504 2940 1644 2982 justificat
1656 2965 1667 2980 ‚
1689 2951 1747 2973 nec
1758 2940 1930 2982 ulliprodest
1941 2963 1951 2979 ,
1971 2939 2030 2982 sed
2033 2940 2111 2982 fides
2125 2947 2159 2975 in

1273 2992 1398 3026 verbum
1411 2991 1624 3034 promissionis,
1650 2994 1695 3024 cui
1717 2991 1844 3023 additur
1866 2987 2066 3032 Baptismus.
2094 2992 2162 3026 De·

1275 3043 1349 3076 finit
1370 3054 1408 3076 ac
1432 3043 1538 3075 firmat
1560 3041 1730 3083 antiquam
1758 3039 1907 3074 Ecclefiae
1927 3038 2024 3074 fidem
2047 3066 2058 3081 ,
2091 3053 2162 3083 quae

1274 3092 1397 3126 astuale
1410 3091 1574 3134 Baptisma
1586 3092 1618 3123 in
1632 3089 1820 3129 ordinariis,
1845 3089 1914 3132 ejus
1925 3100 2035 3124 autem
2048 3101 2162 3126 votum

1276 3143 1309 3176 in
1333 3141 1599 3176 extraordinariis
1621 3137 1789 3174 eventibus
1815 3139 1952 3173 credidit
1979 3142 2104 3184 semper
2125 3142 2162 3176 δε

1275 3192 1390 3227 docuit
1412 3192 1475 3225 effe
1498 3188 1705 3224 Contritioni
1737 3189 1946 3223 necessarium
1969 3191 2128 3224 auxilium
2150 3214 2161 3231 ‚

1275 3244 1309 3276 &
1335 3242 1540 3276 concaussam
1563 3239 1603 3274 ad
1617 3239 2045 3282 impetrandamaDornino
2055 3240 2163 3275 remis-

1278 3293 1402 3326 sionem
1417 3300 1620 3335 peccatorum
1634 3299 1657 3322 .’

1330 3342 1424 3376 Alter
1443 3340 1462 3375 a
1479 3339 1631 3373 Domino
1647 3337 1814 3374 Cardinali
1837 3337 1989 3374 adductus
2011 3339 2103 3374 locus
2112 3338 2158 3372 est

1281 3392 1314 3426 in
1336 3401 1456 3435 quartae
1477 3390 1610 3425 decimae
1621 3389 1772 3423 Seffionis
1783 3401 1899 3434 quarto
1910 3390 2037 3434 capirez
2060 3391 2162 3421 Conci-

1262 3443 1332 3482 ‚lim
1355 3440 1476 3486 disertis
1498 3439 1599 3476 verbis
1610 3439 1691 3475 docet
1702 3443 1915 3477 contritionem
1935 3438 2084 3532 cbassge
2091 3446 2162 3478 per-

2023 3499 2037 3524 e
2065 3499 2117 3522 am
