2366 3736
57 1713 130 1748 Lib.
153 1722 187 1759 4..

57 1774 124 1805 cap.
144 1763 176 1798 6.

993 77 1006 91 a

410 112 493 156 Dr.
529 109 812 167 ANriQJA
847 105 1222 150 D1sc11⁹L1NA
1262 104 1510 148 Ci-iizisr.
1543 103 1819 152 Munilia

1949 116 2011 158 95

228 199 299 230 dum
319 200 444 229 Fratris
463 190 617 234 sacrificia
636 191 751 231 placere
775 189 858 221 vidit
881 191 985 227 Cain,
1012 192 1109 219 iratus
1157 188 1367 228 linstrumenta
1402 193 1537 221 invenit.
1568 189 1690 223 Eadem
1716 187 1830 231 repetit
1853 187 1886 220 in
1914 188 2045 222 decimo

228 248 267 286 est
278 246 462 281 vehementer
475 267 486 283 ,
513 244 546 274 (7
567 242 692 274 concidit
715 239 818 271 vultus
829 239 915 277 ejus.
943 236 1105 278 Judicavit

226 294 445 339 primogeniti
477 293 545 335 jura
572 293 635 326 effe
669 288 823 321 translata
849 287 882 319 in
907 286 1068 328 juniorem
1096 311 1103 318 .

227 345 321 378 Hinc
343 345 529 377 Dominus:
558 343 662 382 ,Quare
689 342 786 369 iratus
799 338 854 370 es?
880 339 925 369 Et
945 347 996 368 cur
1019 343 1108 369 conci·

232 395 281 427 dn
294 395 394 436 facies
407 404 460 426 tua
475 394 488 426 ,>
516 395 625 428 Nonne
627 387 658 429 st
665 387 738 420 bene
751 394 845 430 egeris
855 411 866 427 ,
896 392 1019 428 recipies
1031 387 1043 419 ἓ
1054 389 1073 419 5
1076 393 1107 420 in

228 454 332 478 autem
342 445 420 477 male
440 468 452 484 ‚
472 441 577 481 statim
599 444 632 471 in
645 437 768 479 foribus
793 446 945 480 peccatum
971 438 1070 469 aderit
1096 462 1104 469 .

226 497 287 527 sed
305 494 359 537 sub
371 504 401 527 te
422 497 478 526 erit
499 494 653 530 appetitus
672 490 738 524 eius
751 512 762 528 ‚
789 490 823 524 5&
845 497 879 520 tu
901 487 1104 520 dominaberis

224 546 327 583 illius.
356 545 435 578 Non
463 539 608 584 peccati,
635 536 686 571 sed
699 538 818 571 Fratris
831 540 1016 580 appetitus:
1042 548 1108 580 per-

227 593 372 629 manebis
387 590 473 627 illius
501 589 698 631 Princeps&
711 588 878 622 Dominus
891 612 898 619 .
926 587 1107 632 Hucusque

227 655 295 678 nou
309 652 341 676 te
361 640 480 684 privavi
493 639 641 676 Primatu
653 663 663 678 ‚
692 649 751 672 nec
763 635 897 683 privabo
913 638 968 670 nisi
980 637 1024 671 ob
1038 648 1107 683 pec-

225 702 352 730 eatum,
377 690 467 735 quod
492 690 556 732 jam
581 689 698 732 incipit
734 690 774 722 ad
801 687 886 720 fores
922 689 1073 724 accedere
1100 711 1107 719 .

224 742 327 778 Istum
350 741 482 775 Genesis
522 740 633 773 locum
649 738 766 772 eodem
789 739 892 771 modo
918 738 1103 771 constanter

223 792 362 836 exponit
392 792 525 825 Sanstus
538 791 678 837 Joannes
701 787 955 831 Chrysostomus
979 813 986 820 .
1013 787 1100 833 Qa-

225 854 262 875 re
282 843 418 876 Sanstus
437 840 630 874 Philastrius
664 838 756 871 istam
777 839 1016 880 expositionem
1039 842 1104 876 line

225 892 444 928 fundamento
466 889 633 934 proscribit
656 888 696 921 ad
725 887 874 921 haereses.
915 889 1047 922 Divinae
1065 889 1107 921 as·

226 943 358 978 sertioni
371 942 456 976 Cain
472 952 539 974 non
553 938 711 977 credidit,
738 939 790 972 sed
809 939 896 975 solus
909 939 1012 971 solum
1036 939 1108 971 Fra-

227 1003 309 1026 trem
337 990 509 1028 seduxitin
523 1000 658 1032 agrum,
685 988 1003 1022 &istictrucidavit.
1030 990 1109 1022 Om-

226 1034 309 1078 nino
335 1039 473 1079 habebat
496 1039 554 1073 fibi
576 1039 721 1072 subditas
744 1049 889 1072 turmas.
937 1039 1071 1073 Etenim
1089 1039 1107 1073 ὲ

226 1091 354 1127 Divina
375 1090 498 1132 iustitia
522 1089 719 1133 proscriptus
732 1088 813 1122 abiit
838 1100 914 1122 cum
936 1089 1049 1122 illisio
1064 1099 1108 1122 re-

225 1142 363 1187 gionem
375 1141 473 1174 aliam
487 1164 497 1180 ‚
522 1141 555 1173 ὅ(
577 1139 650 1182 iplis
664 1150 760 1180 atque
774 1151 854 1174 curn
880 1138 952 1182 ipsis
974 1139 1103 1171 aedifica·

226 1193 274 1224 vit
291 1192 455 1225 civitatem
470 1215 480 1230 ‚
506 1189 595 1222 efilii
610 1189 726 1224 Enoch
752 1189 888 1223 nomine
912 1189 1106 1232 appellatam

227 1241 416 1274 Enochiam
441 1265 448 1272 .
478 1240 560 1274 Item
580 1239 746 1273 adversum
770 1240 889 1273 Fratris
916 1239 1105 1272 successores

231 1302 294 1323 nec
305 1291 466 1334 collegit,
492 1302 551 1323 nec
572 1290 666 1324 duxit
688 1291 887 1328 exercitum,
916 1301 975 1322 nec
1004 1290 1107 1326 movit

232 1340 373 1373 bellum.
405 1340 502 1374 Certe
525 1338 658 1382 superbo
681 1351 719 1372 ac
746 1340 861 1382 iniquo
884 1340 995 1372 animo
1016 1350 1106 1372 occa-

229 1391 275 1423 sio
298 1401 364 1423 non
387 1389 513 1426 deerat,
541 1391 575 1422 &
606 1389 736 1422 aderant
775 1391 880 1422 vires.
911 1387 1009 1429 Apud
1030 1389 1108 1421 istos

230 1440 416 1481 primitivos
436 1440 565 1481 generis
577 1438 677 1471 nostri
693 1438 859 1480 Principes
878 1438 967 1471 nulla
987 1438 1031 1471 est
1045 1449 1108 1471 rne-

229 1489 333 1522 moria
359 1488 456 1521 ullius
469 1487 569 1523 belli.
597 1487 650 1519 Ne
662 1486 796 1528 quidem
818 1487 836 1519 a
859 1488 1063 1531 Gigantibus
1076 1512 1083 1519 .

280 1540 391 1570 Etiam
404 1538 459 1570 diu
475 1537 543 1580 post
557 1536 718 1571 diluvium
742 1538 890 1580 ignorata
915 1539 1028 1572 mansit
1051 1538 1108 1571 ista

230 1587 410 1631 iniquitas,
439 1587 495 1620 ista
536 1588 718 1621 calamitas·
748 1587 784 1619 ln
810 1588 945 1621 laudatis
982 1589 1022 1621 de
1046 1588 1109 1621 Dei

230 1638 375 1671 Civitate
402 1637 493 1671 libris
516 1636 598 1670 reete
622 1637 732 1673 scribit
754 1638 878 1670 sanstus
891 1639 1107 1682 Augustinus:

224 1688 392 1733 Justiaus,
418 1693 469 1729 qui
495 1690 630 1719 Graecam
649 1711 659 1726 ‚
697 1689 749 1720 vel
764 1689 862 1730 potius
883 1694 1071 1731 peregrinam
1099 1714 1109 1730 ,

227 1734 355 1780 >Trogum
379 1739 554 1778 Pompejum
573 1735 708 1778 secutus,
733 1749 791 1770 non
814 1740 925 1771 Latine
950 1740 1071 1771 tantum
1098 1765 1109 1780 ,

224 1786 296 1829 sicut
317 1788 367 1819 ille
380 1812 389 1827 ,
416 1789 624 1823 verumetiam
645 1788 777 1820 breviter
796 1786 909 1830 scripfit
922 1787 1071 1827 historiam
1098 1814 1109 1829 ‚

231 1842 314 1878 Opus
339 1839 480 1869 librorum
487 1835 606 1879 suorum
611 1836 650 1878 fic
671 1843 776 1880 incipit
786 1864 793 1870 .
825 1841 977 1880 Principio
989 1850 1086 1872 rerum
1099 1862 1108 1877 ,

230 1891 372 1920 Gentium
395 1892 620 1931 Nationumque
643 1892 801 1928 Imperium
808 1897 902 1930 penes
923 1893 1015 1932 Reges
1029 1899 1109 1930 erat,

231 1949 301 1978 quos
323 1938 365 1968 ad
381 1936 537 1980 fastigium
553 1937 643 1978 hujus
658 1937 822 1978 majestatis
848 1951 905 1971 non
928 1940 1051 1971 ambitio
1059 1948 1107 1980 po-

229 1987 371 2027 pularis,
394 1985 450 2027 sed
459 1986 594 2029 [pellata
618 1994 696 2018 inter
716 1989 803 2019 bonos
828 1989 989 2019 moderatio
1003 1997 1109 2028 prove·

230 2036 340 2068 bebat.
371 2037 475 2077 Populi
498 2036 587 2066 nullis
612 2035 724 2077 legibus
746 2035 943 2069 tenebantur:
973 2037 1106 2069 arbitria

233 2089 407 2126 Principum
425 2093 480 2126 pro
506 2085 630 2128 Legibus
653 2094 758 2118 erant.
789 2090 882 2118 Fines
898 2091 1019 2127 Imperii
1034 2093 1108 2121 tueri

233 2142 330 2178 magis
350 2159 361 2174 ,
388 2136 479 2177 queim
491 2134 622 2175 proferre
644 2146 705 2166 mos
716 2146 780 2166 erat
794 2160 801 2167 .
829 2139 917 2167 Intra
937 2135 1025 2178 suam
1046 2142 1092 2168 cui

232 2196 288 2226 que
306 2187 445 2223 Patriam
457 2188 561 2226 Regna
585 2183 766 2223 finiebantur
786 2209 793 2215 .
836 2187 956 2217 Primus
976 2192 1107 2218 omnium

232 2239 338 2266 Ninus
351 2257 361 2272 ‚
389 2238 454 2265 Rex
474 2235 660 2275 Assyriorum,
689 2238 862 2268 veterem&
886 2235 971 2277 quasi
988 2243 1107 2268 avitum

235 2283 382 2316 Gentibus
405 2294 512 2315 morem
536 2295 615 2315 nova
637 2287 806 2325 imperandi
825 2289 990 2325 cupiditate
1013 2291 1097 2318 muta

234 2340 304 2367 vit.
332 2336 384 2364 Hic
405 2340 522 2375 primus
545 2335 647 2366 intulit
671 2334 748 2367 bella
766 2335 907 2377 finitimis
928 2359 939 2375 ,
965 2338 999 2371 ὑ·
1019 2338 1107 2370 rudes

232 2382 328 2418 adbuc
351 2385 395 2415 ad
416 2382 598 2422 resistendum
617 2386 738 2425 populos
776 2387 820 2418 ad
839 2392 981 2419 terminos
1019 2386 1108 2429 usque

234 2433 335 2472 Libyae
347 2435 516 2475 'perdomuit
530 2456 537 2463 .
567 2434 606 2466 Et
622 2434 717 2476 paulo
729 2436 798 2477 post
810 2461 821 2476 ‚
847 2435 975 2477 inquit:
1003 2441 1106 2469 Ninus

232 2484 472 2526 magnitudinem
487 2482 612 2525 quaefitae
627 2487 845 2518 Dominationis
858 2494 998 2520 continua
1007 2487 1106 2530 posses-

230 2531 304 2572 fione
322 2533 478 2573 firmavit.
509 2536 635 2565 Domitis
654 2539 744 2576 igitur
765 2542 914 2576 proximu
938 2561 948 2576 ‚
975 2549 1038 2569 cum
1064 2549 1105 2570 ac»

234 2583 343 2621 ceffione
365 2589 479 2614 virium
495 2581 607 2622 fortior
630 2586 674 2616 ad
684 2585 757 2616 alios
771 2584 908 2624 transtret
921 2611 931 2625 ‚
958 2589 1089 2628 &proxi

234 2644 283 2664 ma
294 2643 416 2675 quaeque
434 2632 559 2664 villaria
579 2632 800 2670 instrumentum
831 2634 983 2678 sequentis
1004 2638 1068 2680 efflet
1097 2662 1107 2676 ,

234 2689 323 2716 totius
347 2686 478 2715 Orientis
496 2683 618 2723 populos
625 2681 757 2726 subegit.
789 2686 931 2728 ,Qualibet
952 2697 1053 2719 autem
1072 2687 1104 2727 fi·

232 2733 271 2764 de
296 2731 346 2765 vel
355 2730 436 2773 ipsit,
464 2733 514 2766 vel
523 2734 631 2775 Trogus
640 2731 792 2775 scripserit
816 2738 908 2777 (nam
920 2739 1101 2778 quaedamilv

233 2783 274 2814 Ios
290 2780 381 2823 fuiffe
403 2789 538 2815 mentitos
561 2784 629 2815 aliae
647 2783 797 2824 fideliores
810 2787 920 2819 litterae
939 2785 1106 2828 oflendunt)

233 2832 340 2870 constat
360 2841 462 2865 tamen
487 2834 521 2866 (9
542 2839 618 2864 inter
639 2835 712 2865 alios
741 2837 902 2876 scriptores
930 2861 940 2875 ,
975 2841 1107 2881 Regnum

236 2882 434 2925 Affirioruma
457 2887 541 2915 Nino
563 2886 640 2925 Rege
655 2883 743 2926 fuisse
765 2887 847 2928 longe
869 2888 987 2928 lateque
1006 2896 1105 2927 porre-

67 2941 147 2975 Lib,
168 2939 219 2979 18,
235 2932 331 2966 Hum.
361 2932 401 2964 Et
424 2934 458 2965 in
483 2934 550 2966 alio
570 2932 711 2974 ejusdem
736 2937 843 2978 operis
864 2937 946 2970 libro
962 2951 972 2970 .·
1008 2941 1107 2969 Ninus

65 3003 134 3036 cap.
160 3001 189 3025 2.

237 2985 323 3021 Rex,
351 2984 417 3014 Beli
430 2981 513 3023 filius
528 3006 537 3021 ‚
565 2983 743 3025 univerfiam
770 2983 861 3023 Aliam
875 3011 884 3025 ,
923 2999 989 3028 quae
1011 2993 1099 3019 totius

237 3032 324 3064 Orbis
345 3034 388 3064 ad
407 3044 560 3066 numerum
576 3041 711 3074 partium
722 3043 834 3075 tertia,
864 3038 907 3068 ad
926 3038 1108 3079 magnitudi-

240 3092 305 3112 nem
326 3084 395 3114 vero
418 3084 545 3115 dimidia
568 3090 736 3124 reperitur,
762 3084 851 3127 usque
864 3089 908 3119 ad
928 3086 1107 3127 Libyaefines

234 3128 367 3172 subivisse
386 3135 544 3165 traditur:
573 3132 643 3176 fiilis
667 3137 777 3176 quippe?
799 3137 885 3168 Indis
912 3144 944 3168 in
961 3137 1102 3178 partibus

240 3184 372 3212 Orientis
397 3193 453 3214 non
474 3185 680 3216 dominabatur
694 3209 704 3223 ,
730 3197 800 3226 quos
822 3195 923 3219 tamen
946 3198 977 3219 eo
999 3186 1108 3228 defun‘

239 3229 283 3261 ‹Jio
293 3231 461 3264 Semiramis
483 3245 557 3266 uxor
568 3238 632 3274 ejus
660 3236 788 3278 aggressa
805 3235 861 3274 est.
892 3236 979 3270 Idem
1002 3235 1108 3270 scribit

240 3280 273 3312 in
296 3278 465 3314 Chronico
487 3284 619 3317 Sanstus
638 3284 775 3318 isidorus
791 3287 912 3320 Archi·
930 3287 1108 3330 Episcopus

239 3329 440 3370 Hispalensis
471 3344 481 3364 .-
516 3332 612 3367 Tbare
635 3347 779 3367 annorum
797 3334 988 3380 septuaginta
1008 3343 1110 3379 genuit

238 3377 409 3410 Abrabam.
441 3381 497 3412 Per
519 3382 594 3414 idem
616 3393 732 3424 tempus
746 3391 846 3420 Ninus
859 3391 927 3419 Rex
945 3387 1110 3429 Affivriorum

1172 241 1288 272 osiavo
1312 238 1396 271 libro
1415 239 1593 282 Originum
1618 265 1626 272 .
1665 238 1897 274 Theodoricus
1918 237 2046 271 Getho-

1172 300 1243 321 rum
1266 290 1299 322 iii
1323 287 1419 321 ltalia
1444 288 1562 320 Rexin
1586 290 1700 322 litteris
1711 289 1750 321 ad
1763 288 1918 324 Senatum
1936 289 2046 329 adjun-

1173 339 1240 382 git:
1269 344 1351 372 Inter
1362 336 1440 380 ipsos
1454 349 1566 379 quoque
1576 336 1763 380 adversarios
1782 362 1791 376 ,
1815 336 1961 379 ursonis,
1989 348 2045 368 non
2063 338 2133 372 Lib.
2155 351 2183 375 1.

1172 398 1260 421 erant
1280 390 1367 430 prius
1390 397 1511 419 armata
1548 395 1711 420 certamina
1733 413 1743 429 ‚
1764 387 1823 435 sed
1837 393 1948 431 pugnis
1978 384 2011 428 se
2035 409 2045 426 ,
2065 390 2124 433 Ep.
2138 398 2191 437 30.

1170 445 1309 480 quamvis
1327 438 1479 479 fervida,
1508 437 1662 478 lacessebat
1679 444 1828 471 intentio.
1856 438 2046 477 Πηᾰὲίσριι-

1167 501 1230 532 gna
1253 499 1356 521 nomen
1381 493 1490 529 accepit
1504 511 1511 517 .
1540 487 1642 525 Posteri
1663 490 1755 519 Belus
1768 487 1904 533 ferreum
1910 487 2048 531 gladium

1167 545 1286 584 primus
1297 538 1463 579 produxit,
1492 538 1579 578 siquo
1606 537 1639 568 <¹2⁹
1659 537 1767 570 bellum
1787 538 1900 578 placuit
1916 549 2049 569 nomina-

1171 594 1216 621 ri.
1249 588 1407 630 confilium
1429 595 1515 619 atrox
1528 611 1537 627 ,
1563 589 1679 619 crudele
1697 586 1866 628 praefidtum
1886 611 1896 626 ,
1936 591 2050 619 Ferina

1170 646 1314 672 contentio
1330 664 1337 670 .
1363 638 1466 686 Qiod
1488 639 1591 679 usque
1603 648 1682 670 tunc
1697 647 1750 679 per
1763 637 1851 672 solos
1866 646 1991 678 pugnos
2005 637 2051 668 lu-

1173 691 1292 722 &atum
1320 690 1436 726 fuerit,
1463 686 1637 720 inlaudato
1650 686 1931 730 Originumlibro
1944 685 2050 719 scribit

1171 740 1269 774 etiam
1292 740 1420 775 sanstus
1445 737 1602 770 isidorus.
1633 735 1775 769 Proinde
1798 735 1893 768 Belus
1904 735 2049 768 armain-

1173 789 1260 822 venit
1288 803 1295 822 :
1323 789 1435 830 utique
1458 788 1497 821 ad
1521 789 1637 820 finium
1660 785 1879 818 defensionem
1902 810 1908 816 .
1949 786 2050 830 Qod

1171 840 1272 882 aliqui
1299 839 1375 872 illos
1397 839 1461 880 jam
1484 838 1653 880 coepissent
1671 846 1814 870 tentare.
1842 835 2051 868 Successor&

1172 890 1258 922 filius
1279 888 1390 923 Ninus
1411 887 1474 921 illis
1497 888 1545 922 uti
1570 887 1669 930 coepit
1683 885 1722 920 ad
1744 886 1871 918 vicinos
1902 885 2051 917 turbato·-

1171 951 1218 974 res
1242 938 1518 981 compescendos,
1556 938 1589 971 &
1615 938 1772 980 quoniam
1794 937 1901 969 forsan
1922 946 2052 977 compe·

1173 991 1215 1023 sci
1238 988 1420 1027 nolebant,
1447 985 1793 1030 insuperinvadendos
1804 996 1840 1018 ac
1851 985 2049 1027 supprimen-

1171 1040 1252 1079 dos,
1279 1039 1477 1082 tandemque
1498 1039 1537 1070 ad
1551 1036 1966 1078 dilatandumlmperiurn.
1994 1034 2046 1068 lta

1173 1090 1308 1123 vidiotia
1333 1090 1661 1123 fuitincitamentum
1675 1099 1712 1121 ac
1733 1087 1983 1120 instrumentum
1995 1095 2053 1123 no·

1173 1141 1203 1173 vi
1223 1140 1358 1173 ausus&
1372 1138 1447 1172 belli
1461 1162 1468 1169 .

1224 1189 1277 1222 An
1301 1199 1408 1222 tamen
1434 1188 1532 1221 Belus
1546 1189 1646 1222 ferrea
1666 1185 1950 1226 armainvenerit,
1979 1197 2048 1219 non

1172 1248 1258 1273 caret
1272 1239 1439 1281 scrupulo.
1469 1239 1600 1271 Etenim
1615 1239 1647 1271 in
1664 1239 1769 1280 ptimo
1791 1238 1990 1270 stromatum
2016 1236 2053 1268 li-

1173 1289 1231 1322 bro
1251 1289 1384 1323 Sanetus
1408 1289 1563 1322 Clemens
1587 1289 1833 1321 Alexandrinus
1861 1285 1970 1319 scribit
1983 1297 2052 1317 non

1172 1339 1274 1372 solam
1299 1336 1546 1379 Philosophiam
1567 1359 1577 1374 ,
1618 1337 1671 1370 sed
1692 1338 1724 1369 ὃ(
1748 1346 1865 1369 omnes
1884 1334 1950 1368 fere
1971 1345 2054 1367 artes

1172 1389 1233 1422 effe
1259 1388 1409 1423 inventas
1424 1388 1441 1421 a
1463 1386 1635 1425 Barbaris,
1662 1396 1758 1427 atque
1781 1384 1950 1431 adjungit:
1988 1386 2050 1417 Cel-

1174 1445 1233 1470 mis
1257 1440 1290 1471 (5
1314 1442 1508 1472 Damnaneus
1523 1461 1533 1476 ,
1559 1438 1651 1469 Idaeis
1680 1435 1835 1476 Dachlis,
1853 1435 1975 1478 ferrum
1990 1440 2052 1475 pri·
2071 1432 2225 1478 Fol.306⁴

1174 1495 1215 1521 mi
1236 1494 1420 1521 invenerunt
1444 1493 1475 1523 in
1499 1491 1612 1528 Cypro.
1643 1487 1726 1518 Alius
1743 1494 1842 1518 autem
1862 1487 1961 1518 Idaeus
1971 1484 2052 1525 ferri
2072 1483 2106 1520 ὅ(
2118 1494 2196 1532 307.

1175 1545 1294 1571 invenit
1317 1546 1545 1578 temperaturam
1559 1561 1569 1575 ‚
1595 1546 1628 1570 ut
1638 1542 1683 1568 ait
1708 1536 1845 1574 Hesiodus
1865 1535 1985 1574 scytha.
2015 1539 2054 1567 Ac

1176 1589 1302 1621 Thraces
1325 1589 1445 1629 quidem
1464 1593 1558 1628 primi
1581 1598 1668 1626 eam,
1708 1598 1775 1627 quae
1797 1589 1874 1626 Arpe
1895 1595 2016 1618 vocatur
2043 1609 2055 1625 ‚

1174 1645 1372 1672 invenerunt.
1401 1636 1454 1676 Est
1467 1647 1564 1670 autem
1590 1643 1730 1670 incurvus
1750 1637 1896 1680 gladius.
1929 1637 1970 1668 Et
1994 1635 2057 1668 Eu-

1177 1689 1281 1722 sebius
1306 1688 1514 1722 Caesaraeenfis
1527 1687 1636 1721 scribit
1658 1688 1691 1719 in
1706 1686 1894 1720 Chronico:
1923 1688 2055 1719 Glaucus

1176 1738 1270 1771 Chius
1292 1745 1411 1780 primus
1429 1737 1520 1780 ferri
1532 1743 1608 1769 inter
1623 1735 1656 1779 se
1675 1746 1922 1778 temperaturam
1946 1741 2056 1778 excogi-

1175 1795 1258 1822 tavit
1281 1791 1313 1822 (a
1327 1791 1452 1829 junxit.
1482 1787 1643 1820 Convixit
1665 1790 1691 1819 is
1712 1786 1868 1821 Manassae
1896 1786 1981 1830 Regi
2002 1786 2056 1828 Ju-

1175 1838 1236 1872 da.
1267 1838 1309 1871 Et
1348 1837 1512 1881 Georgius
1536 1837 1705 1873 Cedrenus
1744 1836 1876 1873 scribit,-
1904 1840 1927 1867 Α
1963 1845 2056 1869 morte

1177 1893 1316 1921 Mercurii
1329 1889 1478 1920 Vulcanus
1500 1898 1623 1929 regnum
1645 1889 1773 1930 AEgypti
1788 1894 1846 1928 per
1868 1896 1960 1918 annos
1985 1896 2057 1927 qua-

1177 1950 1241 1971 tuor
1264 1950 1328 1971 cum
1346 1934 1455 1980 semisse
1478 1944 1571 1970 tenuit
1589 1962 1596 1969 .
1638 1941 1753 1969 Ferunt
1775 1935 1851 1969 hunc
1885 1936 2054 1969 bellatorem

1168 1988 1256 2030 fuisse
1269 2013 1280 2028 ,
1308 1989 1340 2020 (θ’
1357 1999 1420 2019 cum
1437 1999 1507 2028 equo
1529 1997 1705 2019 corruentem
1716 1986 1837 2030 fregiffe
1844 1988 1972 2027 pedem,
2000 1997 2055 2018 un-

1177 2039 1213 2070 de*
1236 2039 1280 2069 ad
1301 2045 1424 2069 mortem
1443 2034 1531 2078 usque
1565 2037 1690 2068 claudus
1728 2034 1943 2078 permanserit.
1971 2038 2054 2068 Eum

1178 2090 1315 2130 AEgyptii
1337 2094 1370 2119 in
1382 2088 1508 2119 Deorum
1520 2097 1673 2119 numerum
1686 2087 1848 2118 retulerunt
1860 2110 1869 2124 ‚
1896 2088 1975 2127 quod
1994 2090 2049 2124 eis,

1176 2145 1209 2168 ut
1233 2136 1322 2167 Plato
1343 2138 1413 2168 vult
1427 2159 1437 2174 ,
1463 2136 1626 2167 bellicorum
1649 2137 1682 2168 Θ
1705 2135 1870 2174 rusticorum
1880 2135 2053 2173 instrumen-

1175 2195 1269 2217 torum
1291 2195 1327 2217 ex
1339 2184 1426 2226 ferro
1438 2184 1673 2225 fabricationem
1692 2184 1906 2227 demonstraffit
1929 2209 1937 2216 .
1974 2188 2052 2218 Ante

1175 2233 1272 2276 ipsum
1293 2236 1372 2267 eni‘m
1392 2234 1541 2276 lapidibus
1579 2236 1613 2268 (5
1642 2233 1772 2278 fustibus
1796 2234 2018 2276 praeIIabantur
2043 2259 2051 2266 .

1178 2290 1261 2318 Hunc
1281 2284 1392 2325 mystica
1404 2286 1537 2326 quadam
1555 2291 1724 2326 precatione
1747 2295 1786 2317 ex
1820 2296 1888 2319 aere
1903 2284 2052 2326 forcipem

1175 2335 1336 2378 impetraffe
1350 2359 1359 2374 ,
1387 2345 1473 2376 atque
1486 2341 1531 2368 ita
1553 2337 1708 2379 AEgyptiis
1722 2340 1795 2368 aeris
1806 2334 1983 2375 fabricandi
2005 2347 2055 2367 ar-

1173 2394 1231 2419 tem
1247 2384 1419 2428 tradidiffe.
1450 2385 1492 2418 Et
1521 2386 1553 2418 in
1580 2388 1682 2428 prima
1707 2384 1854 2418 adversus
1874 2383 2055 2425 Imperato-

1175 2447 1237 2469 rem
1263 2436 1430 2480 Julianum
1454 2435 1614 2468 investiva
1634 2435 1766 2468 Sanfffls
1787 2434 1965 2477 Gregorius
1987 2427 2054 2468 Naj

1174 2497 1365 2519 zianzenus:
1396 2490 1472 2518 Actei
1493 2485 1658 2524 instructio,
1687 2487 1720 2517 (ν’
1738 2495 1785 2516 res
1805 2484 1947 2516 militaris
1970 2506 1980 2521 ‚
2007 2495 2052 2516 cu-

1167 2539 1222 2575 jus
1243 2534 1341 2579 sunt?
1369 2540 1477 2567 Nonne
1496 2535 1679 2575 Eubejorum
1705 2535 1717 2566 ?
1754 2536 1785 2566 51
1809 2536 1893 2567 modo
1916 2534 2050 2575 Eubejus
2068 2523 2156 2560 orat·
2183 2535 2213 2572 3·

1173 2595 1239 2619 erat
1261 2588 1307 2619 ille
1332 2588 1492 2617 multarum
1524 2596 1622 2617 rerum
1655 2589 1794 2617 inventor
1834 2584 2013 2618 Palamedes
2042 2609 2050 2617 .

1175 2638 1242 2669 Hic
1262 2637 1346 2669 vixit
1368 2634 1422 2668 diu
1447 2635 1514 2677 post
1529 2635 1678 2668 Ninum:
1706 2644 1849 2676 tempore
1873 2633 2049 2668 belliTro-

1173 2687 1256 2726 iani.
1287 2686 1394 2718 Etiam
1407 2685 1462 2717 alii
1483 2695 1599 2718 omnes
1621 2684 1693 2718 sunt
1707 2684 1800 2717 Nino
1823 2684 1922 2728 longe
1941 2683 2050 2726 junio-*-

1175 2747 1238 2768 1es.
1268 2733 1462 2778 Respondeo
1477 2734 1541 2768 haec
1553 2734 1665 2768 omnia
1679 2745 1748 2768 non
1759 2734 1885 2769 obesse.
1916 2733 2048 2767 Etenim

1177 2786 1247 2818 tetri
1270 2785 1509 2818 conflationem
1525 2809 1534 2824 ,
1561 2786 1594 2818 ὅ(
1616 2784 1698 2819 varia
1712 2795 1755 2818 ex
1779 2785 1848 2826 ipso
1871 2794 1965 2827 opera
1986 2786 2048 2818 effe

1174 2836 1300 2867 diluvio
1323 2835 1422 2878 longe
1434 2835 1621 2877 antiquiora
1635 2859 1645 2873 ‚
1671 2834 1785 2867 diserte
1799 2834 1936 2866 affirmat
1949 2833 2044 2867 Sacra

1174 2885 1306 2919 Genesis
1323 2911 1334 2926 ‚
1365 2885 1505 2919 scribens
1526 2885 1567 2917 de
1589 2883 1775 2918 Tubalcain
1802 2908 1811 2923 ‚
1838 2881 1983 2917 Lamech
2002 2894 2046 2917 ex

1174 2936 1256 2968 Sella
1279 2935 1368 2968 filio:
1399 2940 1471 2967 Fuit
1497 2935 1675 2973 Malleator,
1712 2934 1744 2965 (9
1768 2932 1869 2966 Faber
1888 2942 1923 2966 tn
1940 2932 2047 2966 cunc‘iae

1174 2995 1259 3027 opera
1281 2992 1351 3018 aeris
1364 2987 1396 3018 6·
1408 2983 1491 3026 ferri
1513 3009 1521 3017 .
1549 2984 1648 3017 Hanc
1667 2992 1767 3017 artem
1788 2983 1887 3017 etiam
1907 2983 1983 3017 Noe
2005 2994 2045 3018 ac

1174 3039 1240 3077 ejus
1261 3037 1321 3069 filii
1347 3043 1524 3073 noverant,
1553 3035 1692 3075 ideoque
1716 3033 1749 3067 &
1773 3034 1985 3067 traduxerunt
2007 3033 2044 3066 in

1169 3088 1246 3127 xsuos
1274 3086 1446 3119 Posteros.
1475 3082 1625 3117 Adducta
1658 3084 1807 3126 exempla
1830 3084 1903 3117 sunt
1925 3083 2044 3126 partim

1175 3131 1359 3172 Gentilium
1380 3136 1534 3178 figmenta
1548 3158 1559 3174 ‚
1586 3134 1702 3176 partim
1725 3133 1859 3167 laudant
1880 3133 2045 3167 inventio-

1177 3193 1247 3220 nem
1269 3196 1426 3219 novarum
1441 3184 1613 3225 specierum
1626 3184 1843 3217 artificialium
1856 3207 1866 3222 ,
1893 3194 1962 3228 quae
1975 3192 2044 3215 non

1176 3237 1318 3269 sennen:
1340 3236 1438 3277 usque
1460 3233 1499 3266 ad
1535 3234 1636 3266 finem
1660 3234 1764 3267 saeculi
1787 3259 1794 3266 .
1821 3232 1884 3267 Ista
1921 3231 2046 3276 singula.

1181 3286 1334 3319 :lucidare
1361 3296 1425 3317 non
1447 3284 1490 3316 est
1507 3286 1664 3325 praeseutis
1679 3283 1761 3317 loci.

1226 3335 1441 3369 Astertionem
1457 3334 1596 3366 nostram
1608 3334 1702 3367 tradit
1718 3335 1816 3367 etiam
1831 3331 1951 3366 Paulus
1962 3332 2049 3365 Oro-

1179 3388 1251 3419 :ius:
1284 3391 1358 3417 Ante
1371 3395 1463 3415 annos
1490 3383 1579 3416 Urbis
1600 3383 1724 3416 condc'tae
1746 3383 1824 3415 mille
1836 3390 1973 3413 trecentos
1988 3386 2048 3414 Ni-

239 3435 379 3472 regnavit
389 3453 400 3470 s
427 3436 475 3472 qui
494 3435 610 3473 primus
631 3433 708 3467 bella
731 3435 881 3478 instituit,
908 3439 941 3471 ἐν·
963 3448 1110 3471 armorum
1152 3434 1163 3449 “
1176 3447 1231 3470 nus
1255 3440 1321 3470 Rex
1339 3434 1530 3477 Assyriorum,
1550 3439 1687 3476 primus,
1713 3441 1745 3466 ut
1767 3430 1936 3474 ipfivolunt
1948 3453 1959 3470 ,
1980 3439 2049 3475 prei-¹

1899 3489 2017 3523 pagan-
