2366 3736
1831 99 1981 193 ψ335

120 362 2029 512 DISSERTATIO

670 586 860 660 DE
959 586 1536 663 SACRIS

308 684 1877 872 ‘PRO-CESSIONIB‘US

474 932 525 978 In
559 924 720 992 quibus
752 922 1059 976 circumfertur
1094 923 1434 974 Sacro-sanctum
1470 924 1748 977 Eucharistiae

940 1000 1285 1046 Sacramentum.

322 1113 954 1200 CAPUT
1083 1114 1898 1200 PRIMUM.

650 1271 833 1326 eorhpendto
857 1286 1015 1325 exponitur
1038 1285 1116 1327 origo
1141 1283 1300 1317 sacrarum
1325 1281 1531 1324 Proceffionum
1544 1306 1552 1314 .

408 1442 411 1446 v
441 1425 450 1431 ”
461 1420 572 1458 ·Aerae
594 1420 817 1456 Proceffiones
839 1421 1007 1466 originem
1030 1430 1091 1455 tra·

494 1470 578 1505 hunt
609 1482 651 1505 ex
680 1472 820 1518 antiquo
852 1471 1089 1506 Testamento.

377 1547 379 1558 .
444 1527 453 1540 *¹
491 1521 631 1555 'Etenim
655 1523 748 1556 sacrae
767 1522 862 1557 Arcae
887 1521 928 1555 ad
959 1520 1090 1555 Urbem

230 1606 237 1622 ἱ
280 1595 308 1614 ,,»
389 1590 408 1624 4
440 1572 465 1619 ᾗξ
492 1570 1094 1606 Hierichontinamcircumductiofu-

221 1611 243 1631 (κ’
306 1620 315 1634 '
359 1653 395 1679 ⁴.
387 1642 455 1681 J3
474 1631 562 1655 erat
587 1631 659 1656 vera
671 1620 857 1662 Prooeffio,
875 1619 1019 1655 &nobis
1039 1620 1092 1652 de-

346 1672 351 1686 ²
495 1670 693 1704 monstravit
720 1672 880 1704 sacrarum
910 1667 1092 1703 Proceffio-

200 1731 281 1755 num
310 1720 462 1755 virtutem
490 1728 588 1761 atque
611 1718 741 1754 effeetus
766 1745 773 1752 .
804 1719 936 1753 Etenim
959 1720 992 1752 ὅ(
1019 1720 1091 1752 nos-

206 1770 498 1814 rtaeProceffiones
519 1769 651 1802 Coeium
689 1769 889 1802 clamoribus
916 1767 1063 1801 tundunt
1081 1791 1092 1807 ‚

199 1822 232 1854 ὅ(
251 1821 403 1853 inimicos
416 1817 533 1852 nostris
554 1817 729 1851 animabus
754 1828 864 1851 muros
885 1816 1091 1860 compellunt

198 1870 241 1902 ad
269 1870 417 1911 lapsum.
447 1867 556 1902 Etiam
571 1867 644 1902 Rex
665 1868 699 1901 ὃς
722 1866 888 1910 Propheta
903 1865 1090 1901 Davidlau-

198 1920 308 1952 datam
349 1919 470 1952 Arcam
502 1926 579 1950 cum
617 1916 849 1951 solemniffima
882 1915 1091 1950 Proceffione

201 1968 363 2004 transtulit
390 1969 422 2002 in
446 1979 572 2001 novum
600 1967 846 2001 tabernaculum
874 1992 882 1999 .
923 1966 1092 2010 Antiquus

201 2020 266 2053 Dei
293 2019 431 2062 populus
454 2019 485 2049 in
512 2016 667 2050 paschate
689 2018 723 2050 δε
745 2016 940 2061 quibusdam
961 2015 1034 2050 aliis
1046 2016 1088 2050 fe-

202 2069 400 2103 stivitatibus
421 2067 559 2100 debebat
583 2067 767 2110 Templum
790 2067 940 2103 accedere
962 2090 969 2098 .
1012 2066 1089 2101 Erat

202 2121 324 2152 sacrum
339 2120 417 2151 iter.
443 2118 486 2151 Et
508 2117 572 2150 iliis
587 2141 598 2157 ‚
612 2118 667 2160 qui
689 2116 966 2162 longedistabant
986 2115 1089 2150 asan·-

201 2171 250 2203 ἂι
275 2169 446 2207 Civitate,
475 2179 542 2200 non
572 2166 760 2200 modicum.
795 2168 838 2201 Et
859 2175 988 2210 propter
1009 2164 1088 2198 uni-

202 2218 355 2253 versalem
383 2218 577 2251 concursum
600 2227 667 2250 non
691 2226 841 2259 porerant
877 2226 944 2250 non
969 2225 1087 2250 turma-

202 2270 264 2301 tim
291 2268 487 2311 procedere
517 2266 610 2300 Hinc
638 2266 772 2310 probata
798 2265 1015 2299 Hebraeorum
1029 2274 1087 2299 tra

201 2318 287 2351 ditio
308 2317 446 2351 affirmat
473 2318 631 2359 psalmum
659 2316 873 2350 centesimum
918 2316 1086 2349 decimum

200 2371 351 2401 octavum
375 2368 447 2400 effe
467 2366 485 2399 ὲ
519 2367 628 2409 Regio
650 2365 814 2409 Propheta
845 2366 1085 2408 compositum,

204 2428 239 2450 ut
264 2429 281 2450 a
302 2414 550 2459 procedentibus
571 2417 686 2449 turmis
720 2427 774 2473 per
807 2416 893 2450 viam
927 2417 1084 2449 decanta·
1099 2404 1103 2478 ξ

203 2478 309 2502 retur.
338 2467 398 2498 ista
420 2466 460 2498 de
483 2466 586 2498 caussa
608 2467 707 2499 toties
727 2468 759 2500 in
783 2466 852 2509 ipso
874 2466 1007 2500 iteratur
1027 2466 1103 2499 viae

203 2518 386 2551 memoria.-
415 2518 506 2547 Beati
516 2517 697 2548 immaculae
719 2522 751 2547 in
770 2522 846 2553 via,
868 2520 919 2555 qui
930 2513 1102 2547 ambulant

206 2574 238 2600 in
265 2567 325 2612 lege
343 2569 473 2597 Domini.
507 2569 577 2596 Ncn
588 2572 666 2597 enim
693 2571 744 2606 qut·
769 2569 1084 2606 operanturiniqm'ta-

204 2627 330 2657 tem‚1n
343 2621 406 2648 viis
417 2617 483 2656 ejus
494 2614 741 2647 ambulaverunt.
768 2618 890 2647 Utinam
915 2615 1101 2657 dirigantur-1
1144 2615 1288 2659 processit
1318 2615 1350 2648 in
1380 2614 1468 2648 hunc
1508 2613 1673 2647 Mundum
1696 2639 1707 2654 ‚

203 2674 265 2701 viae
287 2678 360 2699 meae
376 2667 420 2697 ad
438 2664 639 2705 custodiendas
661 2664 886 2706 justificationes
899 2673 969 2696 tuas
984 2688 991 2695 .
1019 2663 1084 2697 Ista

202 2728 345 2761 namque
374 2716 423 2748 via
450 2715 674 2758 praefigurabat
702 2717 842 2749 futuram
869 2713 947 2748 novi
968 2713 1101 2757 populi1

200 2767 288 2801 viam
308 2791 319 2806 ‚
352 2765 576 2808 sempiternam
604 2766 667 2798 Dei
691 2765 870 2798 Civitatem
890 2788 902 2804 ‚
942 2764 1083 2807 ideoque

199 2827 269 2852 erat
288 2814 493 2850 sacratiffima
507 2814 687 2848 Proceffio.
718 2814 842 2849 Etfieri
867 2824 935 2848 non
957 2823 1084 2858 poterat

200 2868 266 2901 fine
292 2866 428 2900 Divinis
451 2865 622 2900 laudibus.

250 2918 455 2964 Qapropter
475 2917 567 2949 sacrae
587 2914 808 2948 Proceffiones
826 2914 924 2949 etiam
946 2914 979 2947 in
993 2924 1081 2946 novo

202 2968 418 3001 Testamento
432 2964 759 3008 suntantiquiffimae.
788 2965 944 2998 Institutae
963 2964 1083 3006 abipfis

203 3017 393 3060 Apostoiis.
423 3017 487 3049 Eas
509 3016 526 3048 a
546 3016 719 3059 Synagoga
745 3026 907 3048 mutuatas
928 3013 1080 3058 Apostoli

202 3067 417 3102 traduxerunt
439 3066 471 3099 in
493 3065 669 3099 Ecclesiam
688 3089 695 3096 .
724 3064 831 3111 Qud
856 3065 944 3097 euim
969 3063 1080 3096 solem-

203 3128 260 3151 nes
285 3116 383 3149 nostri
408 3116 563 3150 sacrificii
590 3115 687 3149 Ritus
709 3114 769 3147 fint
792 3124 885 3148 tanto
918 3114 1080 3156 Mystetio

200 3168 276 3200 dara
302 3165 342 3199 ab
366 3164 536 3207 Apostolis
557 3176 748 3199 ornamenta
762 3189 772 3204 ‚
793 3165 837 3198 est
859 3165 958 3207 longe*
980 3164 1083 3197 certis·

206 3218 323 3250 simum
339 3241 346 3248 .
374 3215 472 3249 Certe
494 3218 600 3250 Sansti
621 3214 732 3260 Jacobi
766 3214 920 3258 Apostoli
947 3214 1080 3257 liturgia

203 3266 301 3300 habet
327 3264 566 3308 antiquissimos
586 3266 681 3300 restes
699 3290 709 3305 ,
733 3276 830 3308 atque
853 3263 1084 3298 authenticos,

201 3315 373 3364 Qicquid
394 3315 452 3352 fit,
473 3315 514 3347 de
543 3314 608 3348 istis
630 3315 761 3349 Ritibus
786 3314 892 3349 scribit
913 3315 946 3347 in
971 3315 1083 3347 Offici-

201 3378 295 3400 orum
329 3365 417 3400 libris
440 3366 562 3397 sanetus
591 3365 778 3399 Ambrosius
794 3365 851 3398 fibi
883 3364 975 3397 fuisse
1001 3365 1083 3397 duos

201 3427 271 3451 non
298 3415 392 3451 bonae
415 3423 499 3450 n‘otae
519 3414 781 3458 Clericos‚quos
813 3425 992 3459 numquam
1015 3425 1083 3460 per·

1149 1421 1232 1454 misit
1255 1422 1362 1456 seeum
1382 1419 1425 1455 ad
1445 1422 1530 1456 sacra
1552 1420 1727 1456 Miffarum
1749 1420 1907 1456 solemnia
1921 1430 2032 1462 proce-

1147 1472 1252 1504 dere.
1279 1472 1323 1504 Et
1346 1471 1491 1516 Magnus
1513 1472 1586 1507 Leo
1610 1471 1652 1505 de
1671 1469 1864 1506 Poffidonio
1886 1469 2034 1504 Alexan-

1149 1522 1248 1555 drinae
1269 1519 1413 1553 Ecclesiae
1433 1520 1627 1561 Presbytero
1652 1519 1764 1554 scribit
1787 1521 1829 1554 ad
1857 1519 2031 1553 novellum

1150 1571 1218 1612 ejus
1239 1568 1464 1603 patriarcham
1485 1569 1711 1603 Dioscorum:
1737 1570 1836 1602 Filius
1860 1569 1951 1608 noster
1963 1566 2034 1611 Pos-
2049 1552 2154 1598 131„st-

1146 1619 1273 1660 fidamus
1295 1617 1451 1657 Presbyter
1482 1617 1585 1659 nostris
1610 1617 1832 1659 Proceffionibus
1851 1618 2031 1660 frequenter
2049 1614 2105 1643 11.
2118 1616 2146 1639 ⁶·
2173 1614 2203 1652 3·

1149 1667 1302 1708 interfuit.
1334 1665 1463 1701 Etenim
1477 1668 1709 1707 Poffidonius,
1732 1667 2030 1706 adhucDiaconus‚

1150 1721 1309 1762 grassante
1332 1717 1525 1751 Nestoriana
1548 1717 1601 1750 lue
1620 1741 1630 1756 ,
1653 1719 1671 1749 a
1698 1716 1817 1752 Saneko
1841 1716 2031 1752 Patriarcha.

1150 1765 1280 1809 Cyrillo
1301 1766 1468 1811 Legams,
1494 1767 1677 1810 frequenter
1699 1765 1844 1801 Romam
1877 1776 2026 1801 venerat:

1152 1815 1250 1850 Haud
1270 1815 1369 1851 dubie
1405 1817 1440 1850 in
1477 1816 1567 1850 istius
1593 1816 1772 1851 Ministerii
1795 1817 1961 1862 praemium
1984 1817 2027 1850 ab

1148 1866 1265 1900 eodem
1284 1867 1452 1909 provestus
1479 1866 1512 1900 in
1541 1867 1771 1909 Presbyterum
1794 1891 1802 1900 .
1829 1867 1872 1901 Et
1898 1866 1933 1901 in
1962 1866 2030 1900 Ne-

1150 1915 1296 1950 storianae
1318 1928 1355 1950 ac
1377 1915 1593 1960 Eutychianae
1605 1915 1725 1950 haerefis
1748 1916 1914 1951 Breviario
1929 1915 2030 1951 Libe-

1149 1976 1236 2000 ratus
1256 1965 1520 2013 Carthaginenfis
1559 1966 1708 2000 Ecclefiae
1738 1965 2030 2007 Archidiaconus,

1148 2015 1253 2050 scribit
1279 2017 1369 2061 quod
1397 2017 1539 2052 Aeacius
1573 2014 1761 2051 Patriarcha
1790 2016 2030 2052 Constantino·

1149 2066 1313 2109 politanus
1344 2066 1490 2102 Vitalem
1515 2078 1553 2100 ac
1578 2066 1779 2107 Misenum,
1816 2067 1936 2101 Felicis
1967 2066 2024 2101 111.
2043 2054 2195 2103 Cap-18·

1146 2115 1320 2150 Pontificis
1343 2115 1487 2161 Legatos
1519 2116 1701 2160 Episcopos
1727 2142 1738 2158 ,
1769 2117 1881 2151 fecerit
1917 2118 2028 2152 secum

1148 2167 1318 2209 procedere
1338 2190 1346 2198 .
1389 2166 1537 2201 Eandem
1563 2165 1804 2201 Processionem
1841 2168 2027 2210 frequentet

1147 2217 1255 2250 laudat
1279 2216 1425 2273 Magnus
1451 2215 1644 2261 Gregorius.
1678 2216 1734 2250 Est
1763 2216 1919 2250 solemnis
1945 2215 2028 2249 Mis-

1147 2267 1183 2300 sa:
1210 2266 1389 2307 introitus,
1416 2277 1483 2309 quo
1509 2265 1650 2311 gloriose
1676 2276 1813 2300 ornatus
1841 2266 2025 2309 Episcopus

1145 2328 1220 2349 cum
1249 2316 1353 2349 multo
1379 2316 1477 2350 Clero
1505 2316 1651 2359 procedit
1678 2327 1719 2350 ex
1748 2314 1891 2350 Ecclesiae
1918 2315 2029 2349 Vesti-

1144 2368 1214 2399 ario
1241 2365 1296 2418 ad
1309 2366 1441 2410 Altare.
1466 2365 1658 2400 Patriarchae
1684 2365 1866 2408 procedunt
1893 2365 2025 2399 cumE·

1145 2397 1317 2458 piscopis'z
1352 2415 1576 2458 presbyteris,
1616 2415 1755 2448 Clericis
1780 2414 1930 2448 omnium
1955 2425 2027 2459 gra-

1144 2467 1262 2499 duum.
1291 2463 1532 2508 Repraesentant
1545 2466 1722 2507 speciosum
1736 2465 1844 2498 forma
1871 2476 1932 2507 prae
1945 2465 2023 2498 filiis

1145 2514 1341 2555 hominum,
1365 2514 1421 2559 qui
1449 2514 1560 2547 multis
1572 2515 1778 2558 Angelorum
1805 2514 1949 2548 millibus
1970 2525 2025 2548 co-

1144 2565 1277 2599 mitatus
1303 2563 1322 2597 e
1349 2564 1556 2599 secretissimo
1582 2575 1720 2607 paternae
1746 2564 1928 2607 Maiestatis
1953 2565 2041 2599 sinu

1745 2625 1783 2648 ac
1815 2614 1949 2648 tandem
1985 2617 2021 2649 in

1144 2665 1261 2698 Crucis
1289 2665 1495 2708 patibulum.
1525 2664 1625 2700 Hane
1652 2663 1752 2709 igitur
1778 2664 2020 2699 Proceffionem

1145 2716 1354 2748 instituerunt
1382 2714 1537 2757 Apostoli
1553 2740 1560 2746 .

1193 2763 1332 2798 Piaesens
1343 2763 1478 2808 quaestio
1504 2765 1548 2797 est
1562 2764 1728 2807 praesertim
1756 2762 1797 2796 de
1824 2764 1926 2797 Sacris
1943 2762 2021 2798 Pro·

1142 2814 1338 2848 cessionibus
1358 2838 1369 2855 ‚
1395 2826 1466 2858 quas
1492 2826 1569 2848 cum
1598 2813 1720 2857 populo
1747 2814 1779 2847 δι
1806 2814 1906 2847 Ciero
1932 2814 2019 2848 fiunt

1142 2864 1434 2899 extraEcclesiam:
1465 2864 1890 2907 perCivitates,autagr0s.
1921 2865 2019 2908 Quat·

1145 2915 1205 2948 stio
1229 2915 1275 2947 est
1299 2938 1311 2953 ‚
1347 2925 1387 2946 an
1416 2915 1478 2948 iliae
1505 2913 1623 2947 fuerint
1651 2912 1709 2946 sub
1737 2913 1925 2947 Gentilibus
1952 2914 2022 2948 Ro·

1144 2974 1315 2999 manorum
1342 2963 1548 3007 Principibus
1570 2987 1581 3004 ,
1607 2964 1682 2996 ante
1706 2963 1817 2996 datam
1841 2963 1860 2996 ἓι
1886 2964 2019 3007 Magno

1143 3014 1366 3049 Constantino
1394 3025 1504 3056 pacem
1532 3013 1704 3046 Ecclefiis?
1732 3013 1903 3047 Affirmare
1931 3014 2019 3048 vide·

1142 3073 1195 3098 tur
1220 3065 1365 3109 Magnus
1391 3063 1524 3097 Basilius
1550 3062 1583 3096 in
1612 3062 1713 3096 literis
1739 3065 1778 3097 ad
1806 3064 1940 3098 Cierum
1952 3063 2019 3097 Ne-

1125 3115 1364 3149 ·ocaesaraeenfis
1391 3113 1538 3147 Ecclefiae
1559 3137 1566 3144 .
1594 3112 1757 3146 Adversus
1786 3115 1887 3147 varias
1912 3113 2017 3147 Sabel-

1145 3165 1308 3198 lianorum
1333 3165 1365 3197 δε
1392 3163 1682 3197 Marcellianorum
1693 3164 1874 3197 calumnias
1900 3163 2016 3197 defen-

1143 3215 1191 3249 dit
1225 3215 1286 3249 suae
1322 3212 1471 3247 Ecciefiae
1499 3212 1748 3252 psalmodiam,
1782 3213 1815 3246 ὃ(
1841 3213 2012 3257 adjungit·:

1144 3265 1204 3298 Sed
1225 3264 1279 3306 ista
1304 3265 1403 3296 dicitis
1429 3272 1560 3304 tempore
1587 3266 1692 3307 Magni
1720 3267 1849 3306 Gregorii
1884 3274 1942 3295 non
1963 3261 2014 3304 fn·

1143 3315 1205 3357 isse.
1232 3315 1341 3349 Verrem
1363 3324 1457 3355 neque
1485 3317 1640 3353 Litaniae,
1667 3324 1743 3356 quas
1759 3325 1811 3344 vos
1837 3319 1869 3344 in
1895 3311 1948 3354 usu
1960 3312 2030 3346 ba·-

1144 3367 1218 3398 betis
1238 3390 1248 3405 ‚
1286 3365 1365 3396 illius
1389 3372 1518 3406 tempore
1541 3362 1686 3404 fuerunt.
1715 3363 1806 3404 ,Quod
1831 3372 1888 3394 non
1914 3371 2011 3404 repre-

1144 3414 1290 3450 hendendi
1304 3418 1409 3458 gratia
1434 3415 1585 3449 dixerim.
1616 3417 1861 3456 optarem-enim
1886 3422 1941 3445 ves
1953 3423 2034 3444 om·-

1916 3472 1966 3496 nes
