2366 3736
205 1528 281 1566 ¹99-

199 1642 277 1681 811.

150 2374 225 2410 Lib.
240 2382 271 2408 2.
282 2384 309 2408 c.

156 3377 227 3413 Lib.
241 3390 308 3428 3.c.

397 229 488 275 ¹40

942 212 1576 258 Dissctt‘rArlo

350 300 504 335 nerabilis
527 299 660 342 Regino
684 292 1024 336 AbbasPiumienfis,
1049 296 1090 332 de
1104 308 1243 344 magno¹

351 350 550 393 imperatore
559 347 681 381 Carolo
694 356 806 380 contra
818 347 947 382 Avares
958 358 1146 391 pugnaturo
1159 348 1229 382 scri-

350 399 429 434 bens
443 412 454 431 .·
481 398 605 430 carolus
618 407 683 430 cum
700 399 845 430 Exercitu
856 405 944 431 venit
969 397 1059 440 usque
1069 401 1113 431 ad
1123 396 1228 438 Anifim

347 450 472 491 fluvium
487 471 497 486 ,
523 447 575 479 ubi
587 448 760 480 triduanum
769 450 916 489 iejunium
931 460 996 481 cum
1007 448 1227 489 Litanis'sfece-

347 507 419 531 runt
432 521 442 537 ‚
465 496 639 538 postulantes
661 506 718 540 pro
734 496 832 540 salute
845 502 1009 533 Exercitus
1021 521 1030 538 ‚
1057 499 1092 532 o·
1103 500 1226 541 adjuto-

347 553 423 581 rium
437 549 513 586 Dei,
530 549 564 582 ὠ·
575 548 744 582 ’ωηάιθαηι
755 554 946 582 inimicorum.
965 548 1105 582 Est-inde*
1118 549 1222 592 dispo-

343 598 404 630 suit
431 597 622 631 Exercitum
636 622 643 630 .
672 598 713 631 Et
728 596 839 632 Abbas
864 600 983 643 pergit:
1011 603 1114 640 itaque
1126 605 1223 632 Avari

341 647 406 680 cum
418 658 460 694 ea·-
466 657 589 689 utraque
609 653 685 690 ripae
694 657 782 689 parte
809 649 949 690 vidffent
961 652 1135 682 Exercitum
1149 673 1160 689 ,
1188 653 1221 685 (xe

341 697 467 740 Cluffem
474 706 530 739 per
541 701 667 731 medium
677 697 802 740 fluvium
814 708 980 732 venientem
994 722 1005 738 ,
1032 707 1137 731 tantus
1164 708 1220 732 ter-

340 758 388 780 ror
398 772 409 788 ,
437 751 498 781 Deo
515 747 648 789 faciente
662 773 672 788 ,
699 749 762 780 illos
785 747 892 788 invasit
903 771 913 787 ‚
937 759 971 781 ut
996 750 1108 789 dImt'ffis
1120 749 1213 790 praefi*

339 798 398 829 diis
411 804 606 831 munitionum
621 823 630 838 ,
653 799 739 842 fugae
757 800 883 832 latibula
894 808 1079 840 quaterent,
1106 801 1139 833 (5
1157 800 1216 841 stc,

338 847 452 886 cbristo
463 851 531 881 duce
542 874 551 888 ‚
565 859 686 890 uterque
699 852 858 880 Exercitus
872 873 882 888 ,
891 848 1004 891 absque
1015 847 1124 889 laefione
1139 853 1214 883 Pan—

1287 304 1413 341 quierem
1427 309 1527 339 rerum
1534 299 1719 343 perturbatio
1731 297 1892 340 iranfiru,
1921 299 2070 336 Eandem
2091 310 2160 335 tem

1286 350 1396 384 laudat
1421 351 1455 383 in
1472 351 1692 384 Ecclefiastica
1708 349 1843 383 historia
1861 348 2067 392 Nannenus,
2094 351 2162 386 Ro-

1285 409 1387 434 manae
1411 400 1561 435 Ecclefiae
1589 401 1775 434 Cardinalis
1803 401 1838 434 &
1865 398 2159 436 Bibliothecarius:

1275 449 1472 493 *Philippicas
1485 449 1582 482 tribus
1598 450 1799 494 Phalangibus
1814 455 1941 483 occurrit
1949 451 1992 482 aa
1996 452 2138 492 pralium
2148 478 2159 494 ‚

1281 498 1396 542 ipseque
1410 501 1555 542 assumpta
1568 501 1711 533 Dei-virili
1715 499 1820 541 forma
1834 524 1844 539 ‚
1865 510 1954 542 quam
1964 502 2089 533 Romam
2102 513 2159 535 non

1280 549 1501 597 manu-fadum
1519 551 1714 592 pradicant,
1741 548 1905 592 discurrens
1918 557 1974 590 per
1985 561 2061 582 actes
2075 573 2085 589 ,
2111 563 2159 583 ar-

1278 604 1370 631 matis
1395 603 1546 634 Divinam
1571 599 1798 641 impertiebatur
1819 607 1967 633 virtutem
1980 623 1990 638 ‚
2020 601 2055 633 ό*
2069 599 2157 640 stans

1274 648 1335 690 post
1354 655 1468 692 aciem,
1493 650 1556 684 baec
1581 655 1715 683 retinens
1739 660 1823 682 arma
1836 673 1847 689 ‚
1873 648 2028 687 lachrymis
2052 651 2157 683 multis

1278 701 1373 732 Deum
1381 701 1547 742 placabat,
1574 704 1624 742 qui
1648 699 1799 738 coeleflium
1821 701 1971 733 ordinum
1995 702 2154 742 Principes

1277 749 1429 783 bellatores
1444 749 1605 793 adsumpfit
1617 776 1623 782 .
1636 750 1771 784 sanstus
1783 749 1913 791 Martyr
1925 748 2153 793 Theophanes

1276 800 1364 833 addit
1390 801 1562 835 Romanos
1588 801 1642 834 die
1666 798 1852 833 Dominico
1877 798 1968 833 fuisse
1993 799 2153 834 invasos&
2169 817 2322 857 Pol-218.

1276 849 1375 882 Perfis
1390 875 1400 890 ,
1425 851 1458 883 ἀ
1473 852 1696 894 prosequitur.-
1727 848 1909 891 Philippicas
1921 847 2036 890 summo
2046 852 2132 884 man?
2142 873 2153 891 ,

334 904 456 930 uoniam
483 905 619 931 introivit
634 922 639 928 .
671 899 712 932 Et
726 900 766 932 de
779 909 870 941 capta
894 899 912 931 ὲ
937 902 967 932 se
979 900 1214 941 Hierosolyma
1273 898 1418 941 composito
1429 897 1562 934 exercitu
1575 925 1585 940 ,
1612 911 1698 942 eoque
1711 905 1744 932 in
1756 907 1817 931 tria
1830 905 1952 942 agmina
1973 898 2127 937 distributo
2140 923 2152 941 ,

334 946 537 981 Gom-fridus
552 946 775 993 Lorharingiae
805 948 881 982 Dux
895 949 1003 983 scribit
1027 949 1066 983 ad
1080 949 1215 983 Pascha-

333 997 398 1031 lem
423 997 464 1030 11.
488 998 685 1032 Pontificem
701 1023 711 1038 ,
740 1010 777 1032 ac
801 1009 935 1032 omnem
962 998 1212 1034 occidentalem

332 1046 511 1082 Ecclesiam
525 1062 532 1081 :
560 1046 653 1090 Usque
669 1047 851 1090 Hierusalem
859 1057 1055 1091 pervenimus
1066 1062 1080 1090 ;
1095 1047 1214 1093 cumque

329 1102 364 1130 in
384 1097 526 1138 obsidione
551 1101 710 1133 Exercitus
732 1100 858 1132 multum
877 1100 1029 1133 laboraret
1041 1124 1050 1138 ‚
1079 1103 1213 1134 maxime*

1273 953 1303 980 in
1312 959 1447 993 pugnam
1458 952 1584 993 proreffit
1597 976 1604 983 .
1626 949 1692 993 Ipse
1703 952 1774 983 vero
1787 949 1894 987 Cbrtllt
1910 952 1965 981 Dei
1976 950 2010 981 (v
2025 948 2152 982 hominis

1272 1004 1429 1042 imaginem
1452 1001 1582 1034 brachiis
1610 1003 1770 1043 amplexus
1786 1025 1796 1039 ,
1815 999 1942 1042 singulos
1970 1007 2153 1032 armatorum

1271 1050 1400 1082 Ordines
1420 1052 1639 1092 praecurrebat,
1668 1052 1701 1084 <5
1724 1048 1863 1092 cujusque
1882 1055 1982 1081 am‘mo
2004 1050 2152 1088 Divinum

1248 1096 1250 1099 ⁴
1269 1099 1355 1130 robur
1367 1098 1558 1142 inspirabat,
1587 1101 1879 1142 arimpartiebatur.
1909 1102 1957 1131 Εο
1978 1106 2151 1142 propugna-

324 1155 450 1188 propter
460 1154 591 1189 inopiam
602 1161 690 1191 aquae
704 1172 715 1187 ,
734 1148 836 1181 habito
846 1148 967 1190 confilio
978 1173 991 1189 ‚
1012 1148 1151 1190 Episcopi
1177 1152 1216 1189 Q·>
1248 1162 1250 1167 >
1268 1149 1329 1181 cula
1339 1150 1480 1184 manibus
1488 1150 1600 1196 gestato
1612 1176 1621 1192 ‚
1648 1159 1813 1184 extremam
1835 1160 1937 1184 tenens
1947 1155 2041 1182 aciem
2054 1173 2064 1188 ,
2091 1151 2151 1182 lar*-

329 1198 484 1238 Prtncipes
498 1199 732 1231 circumeundam
741 1199 792 1240 esse
804 1203 960 1231 civitatem
974 1201 1063 1231 nudis
1081 1199 1209 1238 pedibus

324 1249 574 1288 pra-dicaverunt
584 1271 594 1287 ,
622 1258 655 1280 ut
666 1248 715 1280 ille
740 1254 792 1289 qui
812 1256 867 1288 pro
878 1247 961 1280 nobis
972 1260 1037 1281 eam
1058 1248 1209 1283 humiliter

327 1297 464 1340 ingreffus
478 1296 516 1335 est
528 1321 539 1337 ,
561 1306 617 1339 per
632 1296 840 1330 humilitatem
867 1296 992 1337 nostram
999 1308 1057 1340 pro
1062 1298 1094 1340 se
1106 1302 1208 1341 adju-

327 1348 438 1379 dicium
449 1345 556 1388 defuis
572 1346 694 1386 hostibus
704 1346 876 1390 faciendum
886 1347 967 1381 nobis
981 1360 1047 1381 eam
1057 1356 1186 1388 aperiret
1197 1376 1204 1384 .

327 1398 471 1429 Placatus
484 1403 587 1437 itaque
600 1400 743 1431 Dominus
757 1396 811 1429 bac
823 1397 917 1430 bumil
920 1404 996 1431 itate
1007 1422 1018 1438 ‚
1045 1398 1147 1432 oc‘lavo
1159 1401 1206 1432 die

322 1446 385 1487 posi
407 1445 641 1483 humiliationem
653 1470 665 1487 ‚
683 1457 750 1479 cum
769 1445 834 1488 suis
844 1446 970 1487 hostibus
992 1454 1147 1482 civitatem
1158 1447 1215 1482 nos

325 1496 372 1529 bis
385 1496 536 1530 tradidit.
568 1495 681 1530 Exstat
698 1497 842 1540 Epistola
870 1497 956 1540 apud
970 1497 1201 1534 venerabilem

325 1545 563 1581 Dodechihum
578 1545 739 1580 Abbatern
766 1547 970 1590 &Dyfibodi
985 1571 996 1588 ,
1023 1549 1056 1584 in
1071 1549 1215 1593 Appen*

324 1598 398 1630 dice
408 1597 448 1631 ad
463 1597 652 1631 Marianum
665 1597 799 1633 Scotum
812 1621 820 1630 .
841 1597 883 1630 Et
895 1598 936 1631 de
952 1597 1128 1642 Arnulpho
1142 1600 1215 1633 lm-·

323 1656 493 1692 peratore,
520 1647 753 1681 Nortmannos
778 1646 878 1690 prope
903 1647 1091 1683 Lovanium
1115 1651 1202 1693 supe-

322 1709 413 1732 rante
426 1722 438 1739 ,
464 1697 609 1731 sor-ibunt
629 1696 776 1730 Annales
788 1698 987 1732 Francorum
1002 1699 1029 1734 F
1031 1699 1180 1733 uldenses
1193 1713 1199 1732 ε

322 1749 437 1781 Eodem
446 1747 479 1779 t'n
492 1748 548 1779 loco
561 1750 702 1779 Litanias
715 1750 781 1779 Rex
791 1747 1089 1790 celebrarepraecepit
1098 1774 1105 1782 .
1134 1748 1201 1792 lpse

320 1808 387 1831 rum
396 1801 475 1833 omni
486 1799 631 1829 Exere-itu
641 1798 745 1829 laudes
759 1799 820 1829 Du
829 1801 962 1831 canendo
970 1800 1108 1839 praeceffir
1119 1824 1128 1841 ,
1149 1807 1201 1842 qui
1212 1822 1213 1826 =

320 1849 412 1881 niem
425 1846 582 1880 vieman-
589 1844 653 1889 [ια’]
664 1846 787 1887 tribuit,
815 1855 850 1879 ut
861 1852 944 1881 unico
953 1847 1068 1882 homine
1079 1849 1200 1883 tantum
1212 1864 1214 1869 ’

322 1897 408 1941 occiso
417 1908 455 1931 ex
465 1906 556 1938 parte
567 1895 800 1936 Christianorum
809 1918 823 1936 ,
845 1899 926 1939 quod
934 1906 1116 1941 conpertum
1137 1901 1176 1941 est
1187 1902 1200 1941 ',

321 1956 411 1981 tanta
422 1947 572 1981 hominum
581 1948 677 1981 millia
687 1959 726 1982 ex
736 1949 834 1982 altera
845 1954 936 1990 parte
944 1954 1113 1992 perierunt.
1141 1951 1199 1985 Ea·

322 1998 398 2032 dem
419 2002 541 2042 pietate
551 1997 650 2033 fiebat
673 1999 878 2042 Supplicatio
899 2010 976 2034 ante
986 1999 1176 2034 conflictum
1187 2024 1194 2032 .

322 2046 367 2081 Et
393 2046 460 2082 haec
482 2050 557 2082 sunt
579 2048 712 2083 exordia
727 2048 956 2084 Dedicationis
969 2050 1179 2085 Lovanienfis
1189 2074 1197 2082 .

321 2097 371 2131 Ea
383 2099 470 2132 enim
485 2099 615 2133 victoria
627 2098 772 2143 contigit
786 2098 944 2135 Kalendis
958 2099 1154 2141 Septembris
1164 2122 1171 2131 .

375 2148 523 2182 Eandem
544 2148 696 2191 pietatem
722 2149 896 2182 coluerunt
922 2150 954 2183 &
981 2148 1105 2182 Graeci.
1136 2150 1197 2183 Et-

322 2197 411 2231 enim
423 2198 464 2231 de
479 2196 664 2241 Philippico
675 2213 689 2238 ·,
700 2197 907 2240 Imperatoris
918 2198 1067 2231 Mauritii
1080 2198 1175 2231 Duce
1187 2222 1196 2237 ‚

323 2246 396 2290 post
419 2247 587 2290 dispositas
608 2248 774 2291 utrimque
794 2249 878 2281 acies
900 2247 963 2289 jam
985 2256 1138 2289 prompto
1156 2245 1195 2280 ad

324 2295 535 2340 praeliandum
550 2297 581 2329 in
596 2295 723 2337 Persas,
752 2296 859 2331 scribit
871 2295 1140 2340 ‘theophylactus
1153 2297 1197 2330 Sis

325 2356 455 2380 mocata
467 2359 485 2379 z«
502 2346 558 2379 Ubi
578 2345 665 2384 hostes
684 2352 923 2389 appropinquare
935 2349 1083 2389 pulverea
1105 2346 1196 2379 nubes

324 2398 433 2428 indicio
439 2394 513 2436 fuit,
527 2396 713 2438 Philippicas
727 2396 924 2430 Dei-hominu
938 2397 1195 2439 JEStJ-CHRi-

325 2447 348 2481 S
357 2446 401 2478 'sl
412 2446 533 2490 effigiem
543 2445 711 2487 circumfert
722 2471 728 2478 .
747 2450 779 2491 J
782 2460 830 2479 am
840 2447 909 2479 olim
912 2447 1005 2488 fama
1015 2454 1173 2479 emanavit
1185 2471 1195 2487 ‚

325 2498 359 2530 (9
373 2495 411 2538 us
408 2508 462 2538 que
475 2495 559 2528 hodie
570 2497 661 2528 durat
673 2519 683 2534 ‚
707 2506 773 2528 eam
794 2498 913 2540 effigiem
925 2509 980 2529 non
992 2503 1121 2529 texentis
1132 2508 1182 2529 ma

327 2556 366 2578 nu
379 2554 581 2587 comparatam
592 2570 603 2586 ,
629 2555 681 2578 aut
687 2546 811 2586 pic‘lorts
823 2557 891 2579 arte
901 2571 910 2585 ,
935 2545 1129 2588 coloribusque
1142 2558 1192 2579 va·

326 2602 438 2629 riatam
451 2608 464 2637 ,-
487 2593 542 2638 sed
566 2596 716 2628 divinitus
740 2593 923 2635 efformatam
947 2598 998 2639 effe
1013 2621 1018 2627 .
1046 2599 1195 2640 ,Quocirca

325 2653 414 2679 etiam
425 2647 510 2687 apud
520 2649 664 2677 Romanos
674 2657 731 2678 non
743 2645 867 2678 hominis
880 2658 970 2678 manu
982 2647 1113 2685 confec‘la
1126 2647 1194 2680 cele-

327 2696 432 2728 bratur
447 2720 455 2734 ‚
484 2697 517 2728 ὁ*
525 2693 621 2737 sacris
635 2694 804 2738 divinisque
817 2695 972 2729 bonoribus
980 2697 1102 2729 colitur.
1133 2701 1193 2729 Ha-

326 2746 394 2779 Bent
404 2753 481 2778 enim
496 2744 685 2786 Archetypum
695 2749 822 2778 Romani
835 2770 844 2785 ‚
870 2747 904 2779 Θ
915 2756 948 2779 ut
960 2749 981 2778 5
982 2756 1048 2778 acro
1056 2743 1194 2789 sanc‘ium

326 2798 473 2838 quiddam
484 2806 684 2828 venerantur.
721 2795 771 2827 Est
786 2796 839 2828 illa
852 2796 1170 2841 venerabilis-imago
1183 2821 1193 2836 ,

325 2856 423 2889 quam
443 2845 604 2889 applicato
617 2847 654 2878 ad
674 2846 760 2877 suam
773 2847 888 2879 faciem
903 2847 1113 2880 mundiffimo
1135 2847 1191 2879 lin-

325 2904 380 2929 teo
393 2896 574 2938 impresfisse
588 2920 597 2935 ,
625 2907 662 2928 ac
677 2895 830 2940 Abugaro
847 2896 966 2929 Edeffae
980 2896 1122 2939 principi
1134 2897 1192 2929 mi-

325 2943 393 2977 stffe
404 2945 541 2978 creditur
554 2947 619 2986 ipse
631 2947 798 2979 Dominus
807 2970 814 2977 .
826 2948 906 2978 Hanc
918 2946 1037 2989 effigiem
1044 2943 1132 2988 sacra
1143 2958 1191 2979 vo-

321 2993 365 3033 fle
377 2996 522 3026 nudatam
530 2997 647 3037 gestans
660 3020 667 3032 ,
691 3002 849 3028 exercitum
863 2996 960 3028 obibat
976 3020 984 3034 ‚
1005 2997 1129 3038 indeque
1140 3007 1187 3028 au-

327 3045 419 3076 dendi
426 3043 592 3085 generosam
607 3045 909 3089 &inexpugnabilem
933 3045 1075 3078 militibus
1087 3047 1189 3078 alacri·

326 3093 599 3133 tateminjiciebat.
633 3095 671 3127 Et
687 3096 783 3136 pietas
796 3096 913 3129 meruit
931 3095 1188 3138 gloriosissimam

326 3142 513 3175 viiiorram.
541 3143 628 3176 ldem
641 3145 782 3186 Scriptor
796 3147 897 3190 pergit
909 3145 949 3178 de
961 3145 1071 3179 Prisco
1083 3170 1093 3185 ‚
1114 3144 1188 3178 Phi-

325 3190 438 3236 lippici
462 3194 493 3225 in
517 3193 681 3226 Ducatum
697 3197 879 3228 Successore
891 3220 900 3234 ,
928 3196 1070 3239 patiente
1091 3195 1188 3228 rebel-

324 3241 449 3276 lionem
469 3243 571 3276 totius
581 3243 690 3276 offensi
709 3245 876 3278 Exercitus
889 3258 899 3278 .·
930 3243 1028 3288 Prisco
1033 3244 1125 3287 sudor
1147 3252 1190 3278 ire

321 3301 379 3335 per
389 3301 492 3334 corpus
505 3316 515 3331 ‚
543 3294 576 3325 ό·
587 3302 672 3324 artus
687 3304 793 3325 tremor
804 3303 939 3335 occupare
951 3301 1036 3336 coepit
1050 3319 1060 3334 ‚
1089 3302 1189 3327 animo

325 3342 474 3384 baefitanti
484 3344 563 3385 quid
573 3352 670 3384 ageret
683 3367 689 3373 .
718 3347 746 3374 E
750 3347 799 3386 rgo
816 3345 976 3386 Iltphredae
989 3344 1189 3377 Del-bominis

325 3394 446 3436 effigiem
458 3417 467 3432 ,
494 3404 583 3434 quam
595 3402 651 3423 non
664 3394 780 3423 mortali
791 3406 878 3426 manu
892 3395 1052 3439 confec‘lam
1065 3398 1190 3427 Romani

326 3445 478 3483 appellant
489 3467 499 3482 ‚
511 3466 563 3474 .....
574 3450 628 3482 per
639 3442 737 3473 media
749 3442 839 3481 castra
851 3444 1112 3485 circumferendum
1122 3456 1190 3477 com-

326 3498 422 3524 mittit
435 3517 444 3532 ,
469 3495 525 3534 quo
538 3493 631 3524 adm·
640 3492 804 3524 adoranda·
817 3493 994 3535 conspecium
1008 3501 1141 3528 excitata
1151 3507 1190 3527 re-

325 3548 462 3578 verentia
476 3541 613 3585 furorem
637 3547 836 3584 comprimeret
845 3567 855 3584 ‚
883 3553 917 3576 ac
926 3549 959 3578 in
980 3545 1147 3586 modestiam
1158 3547 1192 3580 (tt

1263 1210 1302 1241 go
1313 1199 1526 1238 lachrymarum
1550 1201 1643 1234 imbre
1656 1205 1803 1234 Divinum
1819 1200 2149 1240 Numenidemul‘cemn’,

1266 1249 1420 1288 caelestium
1432 1257 1507 1284 acies
1519 1257 1551 1283 in
1567 1253 1718 1284 auxilium
1730 1250 1863 1292 dimiffas
1872 1249 2061 1292 excipiebat..

1317 1300 1407 1333 Idem
1423 1301 1588 1344 gloriosus
1601 1303 1732 1343 Martyr
1745 1299 1896 1343 adjungit
1918 1299 1958 1331 de
1970 1299 2148 1340 imper-ato,

1266 1360 1298 1382 re
1313 1351 1473 1384 Heraclio
1486 1375 1496 1390 ,
1513 1360 1698 1394 pugnaturo
1710 1349 1859 1382 adversus
1869 1347 2056 1381 Chrosroen
2073 1346 2148 1381 Per«

1265 1399 1368 1432 sarum
1385 1400 1510 1444 Regem
1524 1414 1531 1433 :
1557 1404 1721 1441 Imperator
1732 1410 1799 1431 mox
1812 1398 1878 1430 lata
1889 1396 2027 1429 manibus
2041 1399 2099 1431 Dei
2110 1399 2146 1432 ά
2161 1399 2275 1446 F91.25
2286 1412 2318 1449 4,

1263 1448 1390 1482 bominis
1404 1450 1493 1492 effigie
1508 1473 1518 1488 2
1547 1449 1673 1481 bominis
1686 1459 1775 1482 manu
1788 1450 1841 1481 vel
1849 1447 1986 1489 penicillo
2012 1458 2069 1479 non
2080 1444 2148 1489 effes

1263 1499 1312 1531 eia
1322 1524 1333 1540 ‚
1354 1497 1413 1541 sed
1425 1511 1514 1541 quam
1525 1506 1557 1531 in
1570 1505 1697 1542 imagine
1707 1523 1717 1538 ,
1743 1499 1826 1540 quod
1836 1497 1940 1530 cunHae
1943 1497 2098 1539 formavit
2109 1500 2145 1532 6·

1261 1550 1457 1592 configuravit
1475 1553 1625 1582 Divinum
1640 1550 1768 1581 Verbum
1779 1572 1789 1587 ‚
1815 1546 2059 1590 absque'colorum
2071 1548 2144 1581 deii-

1261 1606 1397 1633 neatione
1410 1625 1419 1639 ‚
1446 1607 1478 1632 ut
1489 1598 1596 1642 absque
1601 1597 1627 1642 s
1623 1604 1716 1631 emine
1725 1597 1835 1640 foetum
1844 1622 1853 1637 ‚
1869 1604 1902 1629 in
1915 1599 2006 1630 lucem
2019 1599 2142 1632 eduxit.

1264 1648 1423 1693 Ejusmodi
1437 1674 1447 1689 ‚
1460 1656 1587 1691 inquam
1600 1674 1610 1688 ,
1636 1648 1733 1692 figura
1744 1648 1897 1680 divinitus
1911 1656 2041 1680 exarata
2049 1648 2142 1688 plan?

1257 1700 1357 1742 fidens
1370 1724 1380 1740 ‚
1408 1701 1442 1734 (ς
1455 1706 1651 1744 oppignerata
1662 1703 1805 1732 exercitui
1814 1697 1875 1739 fide
1888 1720 1898 1737 ‚
1923 1707 1988 1730 cum
1999 1702 2041 1730 eis
2052 1695 2143 1739 usque

1261 1751 1306 1783 ad
1314 1758 1433 1783 mortem
1446 1751 1666 1784 decertaturum
1680 1773 1690 1789 ,
1713 1750 1746 1783 er
1757 1758 1789 1781 ut
1798 1752 1933 1789 propriis
1941 1745 2015 1790 filiis
2029 1745 2141 1788 semper:

1261 1807 1302 1832 eit
1316 1802 1541 1833 sie-vinciendum
1552 1801 1585 1833 (θ’
1599 1800 1798 1842 copulandum
1806 1799 1954 1839 pollicitus
1968 1820 1979 1836 ,
2004 1797 2050 1830 ad
2058 1795 2140 1836 bellis
2209 1827 2219 1861 ι

1261 1861 1305 1883 cos
1318 1849 1464 1891 confflem
1487 1849 1657 1893 aescendit.
1686 1849 1789 1896 Quod
1804 1849 1835 1882 ὰ
1850 1847 1958 1881 scribit
1973 1845 2138 1891 Georgius
2156 1828 2205 1862 ΡΟ
2223 1839 2310 1877 410,

1261 1900 1432 1934 Gedrenus
1449 1926 1457 1933 .
1477 1899 1564 1934 Nata
1579 1900 1656 1934 inde
1668 1898 1801 1933 victoria
1815 1922 1826 1937 ‚
1841 1898 1889 1932 uti
1903 1897 1967 1931 fuit
1979 1897 2139 1941 gloriosis·

1262 1951 1338 1986 sima
1350 1974 1363 1991 ,
1375 1950 1421 1985 ita
1433 1951 1477 1984 est
1491 1951 1648 1985 omnibus
1661 1950 1825 1984 nntiffima
1839 1973 1846 1980 .
1876 1949 1928 1982 De
1942 1947 2057 1980 eodem
2072 1946 2139 1980 Ho-

1262 2001 1363 2034 rnelio
1378 2023 1390 2039 ,
1417 1998 1558 2034 necdum
1572 1997 1771 2042 Imperatore
1785 2022 1796 2038 ,
1818 1998 1870 2031 ied
1883 1996 2003 2030 Africae
2013 1997 2138 2030 dumta-

1259 2059 1317 2084 mt
1329 2049 1427 2083 Duce
1438 2073 1448 2090 ,
1462 2049 1613 2084 adversus
1624 2048 1828 2092 Imperatoris
1839 2046 1957 2080 Phocae
1969 2045 2137 2090 Tyranni·
2152 2029 2246 2076 1:⁰¹4
2254 2041 2265 2066 ¹
2273 2031 2306 2094 ⁶2

1261 2100 1335 2133 dem
1350 2100 1500 2133 veniente
1523 2098 1633 2133 scribit
1658 2099 1806 2142 praefatus
1826 2096 2013 2130 Cedrenus:
2041 2099 2136 2129 Hera-
2155 2112 2157 2115 ·
2279 2113 2281 2116 ⁴
2296 2099 2300 2103 ”

1259 2150 1331 2182 clius
1343 2160 1410 2181 cum
1428 2160 1538 2192 magna
1564 2150 1599 2182 Θ
1621 2158 1742 2180 armata
1752 2147 1835 2190 classe
1857 2145 2136 2187 Constantinopolim

1259 2199 1381 2239 appellit
1391 2222 1402 2238 ,
1419 2197 1631 2240 secumferens
1641 2203 1732 2230 etiam
1745 2200 1917 2230 servatoris
1930 2195 2016 2235 nostri
2029 2199 2136 2238 imagi·

1260 2257 1325 2280 nem
1337 2271 1347 2288 ‚
1359 2249 1437 2280 nullo
1449 2257 1555 2279 manus
1569 2246 1848 2288 ministeriofac‘iam
1859 2269 1866 2276 .
1897 2249 1932 2276 In
1943 2245 2058 2286 sophie
2065 2254 2135 2287 por?

1260 2307 1291 2331 tu
1303 2303 1381 2330 inter
1395 2297 1610 2330 Heraclium&
1627 2295 1754 2328 Phocum
1777 2294 1917 2336 commisso
1929 2295 2036 2326 navali
2054 2302 2135 2334 pre·

1258 2349 1298 2380 lio
1311 2372 1321 2388 ,
1330 2345 1494 2391 flagitiosus
1509 2345 1622 2379 Phocas
1631 2344 1788 2389 superatus
1799 2350 1831 2377 in
1843 2346 1969 2387 Regiam
1979 2342 2111 2386 confugit
2124 2367 2132 2375 .

1263 2399 1312 2431 Ex
1326 2397 1444 2440 quibus
1463 2396 1618 2430 diicimus
1631 2397 1721 2440 plura
1733 2420 1740 2428 .
1769 2394 1882 2427 Primo
1894 2417 1904 2433 ‚
1931 2391 2020 2436 quod
2031 2392 2134 2426 Chri-

1260 2447 1353 2480 stiani
1367 2447 1399 2480 in
1415 2447 1467 2480 die
1477 2446 1660 2480 Dominico
1674 2445 1805 2489 praeliari
1819 2443 2035 2487 nequiverint,
2046 2442 2135 2477 ideo·

1258 2508 1321 2540 que
1332 2497 1472 2541 gentiles
1484 2495 1585 2530 Persae
1596 2496 1685 2538 ipsos
1695 2504 1775 2528 tunc
1787 2493 1979 2527 invaderent
1994 2517 2001 2524 .
2015 2494 2139 2528 Secun-

1259 2548 1304 2581 do
1315 2572 1326 2587 ‚
1337 2545 1424 2588 quod
1439 2547 1537 2579 invasi
1550 2544 1728 2580 Christiani
1738 2545 1836 2578 etiam
1850 2544 1912 2577 isto
1923 2543 1978 2576 die
1990 2542 2133 2577 solerent

1259 2599 1290 2630 se
1303 2608 1381 2631 tunc
1392 2596 1584 2630 defendere.
1607 2594 1728 2629 Tertio
1742 2620 1751 2634 ‚
1765 2594 1853 2638 quod
1866 2593 1923 2627 issa
1936 2592 2134 2627 sacrosan&

1261 2648 1372 2691 imago
1385 2646 1479 2680 fuerit
1492 2656 1572 2680 tunc
1583 2646 1685 2680 totius
1700 2646 1869 2678 Exercitus
1897 2652 2133 2687 propugnacuv

1260 2698 1327 2730 lum
1341 2722 1347 2729 .
1376 2697 1508 2743 Qarto
1519 2721 1530 2736 ,
1556 2696 1646 2738 quod
1660 2695 1721 2729 hac
1734 2695 1775 2728 de
1787 2694 1881 2728 causa
1895 2693 2004 2734 paffim
2015 2691 2132 2735 depore

1258 2757 1377 2780 taretur
1389 2748 1427 2780 ad
1439 2745 1618 2780 exercitum
1634 2771 1641 2777 .
1670 2743 1805 2793 Qinto
1815 2768 1824 2783 ‚
1836 2742 1923 2784 quod
1937 2742 2023 2774 circa
2036 2741 2128 2775 illam

1257 2798 1398 2831 exercita
1411 2797 1511 2840 pietas
1521 2797 1679 2830 exercitui
1702 2795 1880 2837 impartiret
1897 2791 2066 2844 Divinum·
2080 2800 2128 2824 ro-

1257 2847 1317 2881 bur
1329 2871 1339 2887 ,
1369 2858 1465 2889 atque
1478 2846 1629 2880 fiduciam
1644 2870 1651 2877 .
1679 2843 1779 2879 Sexto
1792 2869 1802 2884 ,
1816 2841 1905 2886 quod
1918 2840 2127 2883 Philippicas

1257 2898 1336 2931 Dux
1348 2907 1400 2939 per
1411 2896 1502 2930 istam
1513 2897 1666 2939 pietatem
1679 2896 1696 2927 ὲ
1708 2895 1834 2928 Divina
1857 2891 2031 2926 clementia
2042 2889 2129 2924 obti-

1257 2947 1362 2980 nuerit
1373 2947 1492 2980 auxilia
1505 2946 1636 2980 caelestis
1648 2944 1809 2979 exercitus
1819 2968 1830 2983 ,
1854 2943 2044 2976 Sanctorum
2057 2940 2129 2973 An-

1256 2996 1405 3041 gelorum
1420 3021 1427 3028 .
1455 2996 1621 3030 Laudatus
1633 2996 1797 3030 Sicotnata
1808 2992 1980 3035 adjungit,
2007 2989 2096 3032 quod
2107 2989 2129 3024 ὲ

1253 3047 1365 3080 rebelli
1378 3047 1411 3080 in
1425 3047 1563 3089 priscum
1578 3047 1707 3080 Ducem
1729 3042 1873 3078 exercitu
1886 3050 2009 3084 patrata
2031 3040 2066 3073 in
2079 3051 2127 3073 re·

1253 3095 1424 3130 verendam
1451 3097 1629 3141 imaginem
1655 3092 1860 3130 irreverentia
1873 3115 1884 3132 ‚
1910 3091 2009 3124 fuerit
2029 3090 2125 3124 ruina

1253 3149 1354 3181 totius
1364 3147 1514 3180 Orientis
1527 3172 1534 3179 .

1302 3196 1382 3230 Haec
1396 3196 1574 3230 feliciffima
1588 3195 1697 3229 Pietas
1707 3194 1751 3227 est
1774 3193 1808 3226 in
1818 3193 2009 3226 Romanum
2024 3190 2124 3232 lmpe-

1252 3247 1335 3279 rium
1361 3247 1489 3279 industa
1518 3257 1572 3288 per
1598 3254 1754 3288 magnum
1783 3244 2011 3285 Imperatorem
2034 3240 2122 3274 Con·-
2135 3261 2199 3298 Lib
2217 3272 2240 3297 2
2259 3276 2279 3298 c

1252 3296 1429 3329 stantinum
1446 3319 1456 3334 ,
1478 3296 1597 3338 dequo
1610 3295 1642 3327 in
1657 3292 1825 3326 Licinium
1838 3293 2037 3333 Tyrannum
2050 3300 2120 3332 prae·
2139 3322 2179 3348 12
2200 3288 2207 3295 ⁶
2231 3326 2245 3351 1
2278 3288 2288 3296 ‘

1253 3347 1371 3379 liaturo
1394 3345 1501 3378 scribit
1525 3346 1556 3377 in
1580 3344 1646 3387 ejus
1669 3344 1732 3376 vita
1758 3342 1915 3377 Eusebius
1941 3340 2118 3383 Episcopus
2181 3338 2188 3345 ⁶
2249 3324 2282 3363 3'

1254 3396 1339 3429 Caesa
1345 3395 1460 3428 reenfis
1474 3407 1481 3426 ε
1509 3394 1719 3434 Constantinus
1733 3394 1770 3426 de
1781 3405 1858 3425 more
1870 3391 1922 3435 suo
1932 3391 2001 3426 ante
2010 3393 2118 3420 initum
2180 3388 2189 3396 ”

2176 1240 2187 1259 η
2216 1240 2221 1271 ζ
2253 1227 2315 1262 ‘sii

1248 3447 1406 3488 praelium,
1433 3450 1464 3476 in
1474 3445 1672 3477 Tabernaculo
1692 3442 1835 3485 separato
1845 3449 1959 3482 tempus
1979 3437 2118 3478 precibus

1252 3498 1295 3528 ad
1303 3498 1395 3528 Deum
1400 3494 1569 3536 fundendis
1589 3518 1599 3534 ,
1625 3493 1749 3526 liberum
1760 3495 1883 3525 addixit
1893 3515 1903 3530 ‚
1931 3488 1969 3520 ab
1983 3493 2061 3519 omni
2083 3487 2118 3520 li-

1252 3551 1352 3582 centia
1362 3570 1374 3588 ,
1399 3546 1433 3580 &
1445 3550 1522 3579 vitae
1531 3550 1644 3579 ratione
1654 3542 1889 3585 luxu‘dfffluente
1897 3537 1930 3583 se
1941 3543 2096 3573 revocavit
2109 3561 2123 3578 ,

2004 3593 2073 3621 inae·
