<?xml version="1.0" encoding="UTF-8"?>
<!DOCTYPE html PUBLIC "-//W3C//DTD XHTML 1.0 Transitional//EN"
    "http://www.w3.org/TR/xhtml1/DTD/xhtml1-transitional.dtd">
<html xmlns="http://www.w3.org/1999/xhtml" xml:lang="en" lang="en">
 <head>
  <title>
</title>
<meta http-equiv="Content-Type" content="text/html;charset=utf-8" />
  <meta name='ocr-system' content='tesseract 3.04.00' />
  <meta name='ocr-capabilities' content='ocr_page ocr_carea ocr_par ocr_line ocrx_word'/>
</head>
<body>
  <div class='ocr_page' id='page_1' title='image "./operaomniastudio11lupuuoft/operaomniastudio11lupuuoft_0151.png"; bbox 0 0 2366 3736; ppageno 0'>
   <div class='ocr_carea' id='block_1_1' title="bbox 70 489 223 538">
    <p class='ocr_par' dir='ltr' id='par_1_1' title="bbox 70 489 223 538">
     <span class='ocr_line' id='line_1_1' title="bbox 70 489 223 538; baseline 0.013 -12"><span class='ocrx_word' id='word_1_1' title='bbox 70 501 141 536; x_wconf 76' lang='lat' dir='ltr'><em>cap·</em></span> <span class='ocrx_word' id='word_1_2' title='bbox 168 489 223 538; x_wconf 84' lang='lat'><em>84-</em></span> 
     </span>
    </p>
   </div>
   <div class='ocr_carea' id='block_1_2' title="bbox 93 857 195 896">
    <p class='ocr_par' dir='ltr' id='par_1_2' title="bbox 93 857 195 896">
     <span class='ocr_line' id='line_1_2' title="bbox 93 857 195 896; baseline -0.02 -12"><span class='ocrx_word' id='word_1_3' title='bbox 93 857 195 896; x_wconf 85' lang='lat'>¹¹39·</span> 
     </span>
    </p>
   </div>
   <div class='ocr_carea' id='block_1_3' title="bbox 192 1167 1115 1210">
    <p class='ocr_par' dir='ltr' id='par_1_3' title="bbox 192 1167 1115 1210">
     <span class='ocr_line' id='line_1_3' title="bbox 192 1167 1115 1210; baseline 0 -11"><span class='ocrx_word' id='word_1_4' title='bbox 192 1188 194 1191; x_wconf 89' lang='lat'><em>-</em></span> <span class='ocrx_word' id='word_1_5' title='bbox 232 1167 372 1201; x_wconf 82' lang='lat' dir='ltr'><em>armavit</em></span> <span class='ocrx_word' id='word_1_6' title='bbox 394 1194 402 1201; x_wconf 92' lang='lat'>.</span> <span class='ocrx_word' id='word_1_7' title='bbox 431 1167 475 1201; x_wconf 85' lang='lat' dir='ltr'><em>Et</em></span> <span class='ocrx_word' id='word_1_8' title='bbox 498 1167 604 1200; x_wconf 69' lang='lat' dir='ltr'><em>infrit:</em></span> <span class='ocrx_word' id='word_1_9' title='bbox 631 1170 712 1200; x_wconf 88' lang='lat' dir='ltr'><em>Tunc</em></span> <span class='ocrx_word' id='word_1_10' title='bbox 737 1171 862 1201; x_wconf 85' lang='lat' dir='ltr'><em>Crucem</em></span> <span class='ocrx_word' id='word_1_11' title='bbox 882 1167 970 1210; x_wconf 88' lang='lat' dir='ltr'><em>suam</em></span> <span class='ocrx_word' id='word_1_12' title='bbox 992 1192 1003 1208; x_wconf 97' lang='lat'><em>,</em></span> <span class='ocrx_word' id='word_1_13' title='bbox 1030 1170 1063 1202; x_wconf 65' lang='grc' dir='ltr'>Θ</span> <span class='ocrx_word' id='word_1_14' title='bbox 1089 1170 1115 1201; x_wconf 69' lang='grc' dir='ltr'><em>3Δ</em></span> 
     </span>
    </p>
   </div>
   <div class='ocr_carea' id='block_1_4' title="bbox 57 1427 215 1516">
    <p class='ocr_par' dir='ltr' id='par_1_4' title="bbox 57 1427 215 1516">
     <span class='ocr_line' id='line_1_4' title="bbox 57 1427 215 1465; baseline 0 -5"><span class='ocrx_word' id='word_1_15' title='bbox 57 1427 139 1463; x_wconf 80' lang='lat' dir='ltr'>Lib,</span> <span class='ocrx_word' id='word_1_16' title='bbox 156 1439 215 1465; x_wconf 55' lang='grc' dir='ltr'><em>με.</em></span> 
     </span>
     <span class='ocr_line' id='line_1_5' title="bbox 62 1488 117 1516; baseline 0.036 -2"><span class='ocrx_word' id='word_1_17' title='bbox 62 1488 117 1516; x_wconf 85' lang='lat'><em>12·</em></span> 
     </span>
    </p>
   </div>
   <div class='ocr_carea' id='block_1_5' title="bbox 394 185 1801 248">
    <p class='ocr_par' dir='ltr' id='par_1_5' title="bbox 394 185 1801 248">
     <span class='ocr_line' id='line_1_6' title="bbox 394 185 1801 248; baseline -0.001 -13"><span class='ocrx_word' id='word_1_18' title='bbox 394 190 475 235; x_wconf 69' lang='lat' dir='ltr'><em>DE</em></span> <span class='ocrx_word' id='word_1_19' title='bbox 512 191 794 248; x_wconf 63' lang='lat' dir='ltr'><em>ANnQuA</em></span> <span class='ocrx_word' id='word_1_20' title='bbox 823 187 1204 233; x_wconf 73' lang='lat' dir='ltr'><em>Disclt’LINA</em></span> <span class='ocrx_word' id='word_1_21' title='bbox 1241 185 1483 235; x_wconf 67' lang='lat' dir='ltr'><em>Cattis’r.</em></span> <span class='ocrx_word' id='word_1_22' title='bbox 1522 190 1801 235; x_wconf 66' lang='lat' dir='ltr'><em>Murrus.</em></span> 
     </span>
    </p>
   </div>
   <div class='ocr_carea' id='block_1_6' title="bbox 248 267 1125 317">
    <p class='ocr_par' dir='ltr' id='par_1_6' title="bbox 248 267 1125 317">
     <span class='ocr_line' id='line_1_7' title="bbox 248 267 1125 317; baseline -0.007 -13"><span class='ocrx_word' id='word_1_23' title='bbox 248 273 355 317; x_wconf 79' lang='lat' dir='ltr'><em>Praegae</em></span> <span class='ocrx_word' id='word_1_24' title='bbox 365 272 386 304; x_wconf 80' lang='grc' dir='ltr'><em>ἃ</em></span> <span class='ocrx_word' id='word_1_25' title='bbox 391 270 456 314; x_wconf 81' lang='lat' dir='ltr'><em>suis</em></span> <span class='ocrx_word' id='word_1_26' title='bbox 471 273 644 305; x_wconf 77' lang='lat' dir='ltr'><em>licentiatur</em></span> <span class='ocrx_word' id='word_1_27' title='bbox 655 293 667 311; x_wconf 92' lang='lat'>‚</span> <span class='ocrx_word' id='word_1_28' title='bbox 693 270 727 303; x_wconf 61' lang='grc' dir='ltr'><em>Θ</em></span> <span class='ocrx_word' id='word_1_29' title='bbox 738 267 776 300; x_wconf 82' lang='lat' dir='ltr'><em>ab</em></span> <span class='ocrx_word' id='word_1_30' title='bbox 787 273 866 301; x_wconf 75' lang='lat' dir='ltr'><em>omni</em></span> <span class='ocrx_word' id='word_1_31' title='bbox 877 268 963 301; x_wconf 81' lang='lat' dir='ltr'><em>clero</em></span> <span class='ocrx_word' id='word_1_32' title='bbox 984 279 1019 300; x_wconf 86' lang='lat' dir='ltr'><em>ac</em></span> <span class='ocrx_word' id='word_1_33' title='bbox 1031 270 1125 308; x_wconf 80' lang='lat' dir='ltr'><em>Popu-</em></span> 
     </span>
    </p>
   </div>
   <div class='ocr_carea' id='block_1_7' title="bbox 239 317 1126 405">
    <p class='ocr_par' dir='ltr' id='par_1_7' title="bbox 239 317 1126 405">
     <span class='ocr_line' id='line_1_8' title="bbox 244 317 1124 365; baseline -0.002 -13"><span class='ocrx_word' id='word_1_34' title='bbox 244 320 272 352; x_wconf 87' lang='lat' dir='ltr'><em>lo</em></span> <span class='ocrx_word' id='word_1_35' title='bbox 290 320 429 365; x_wconf 67' lang='lat' dir='ltr'><em>universi&gt;</em></span> <span class='ocrx_word' id='word_1_36' title='bbox 439 333 506 354; x_wconf 88' lang='lat' dir='ltr'><em>cum</em></span> <span class='ocrx_word' id='word_1_37' title='bbox 527 322 628 354; x_wconf 76' lang='lat' dir='ltr'><em>multis</em></span> <span class='ocrx_word' id='word_1_38' title='bbox 645 317 806 362; x_wconf 72' lang='lat' dir='ltr'><em>gemitibus</em></span> <span class='ocrx_word' id='word_1_39' title='bbox 824 319 1065 360; x_wconf 77' lang='lat' dir='ltr'><em>proceffionaliter</em></span> <span class='ocrx_word' id='word_1_40' title='bbox 1089 318 1124 350; x_wconf 89' lang='lat' dir='ltr'><em>de</em></span> 
     </span>
     <span class='ocr_line' id='line_1_9' title="bbox 239 367 1126 405; baseline -0.003 -4"><span class='ocrx_word' id='word_1_41' title='bbox 239 373 378 404; x_wconf 73' lang='lat' dir='ltr'><em>civitate</em></span> <span class='ocrx_word' id='word_1_42' title='bbox 388 373 520 405; x_wconf 77' lang='lat' dir='ltr'><em>educitur</em></span> <span class='ocrx_word' id='word_1_43' title='bbox 529 396 537 403; x_wconf 92' lang='lat'><em>.</em></span> <span class='ocrx_word' id='word_1_44' title='bbox 566 370 608 402; x_wconf 90' lang='lat' dir='ltr'><em>Et</em></span> <span class='ocrx_word' id='word_1_45' title='bbox 619 368 659 402; x_wconf 84' lang='lat' dir='ltr'><em>de</em></span> <span class='ocrx_word' id='word_1_46' title='bbox 673 368 907 402; x_wconf 84' lang='lat' dir='ltr'><em>Erfurtenfibus</em></span> <span class='ocrx_word' id='word_1_47' title='bbox 927 378 1040 402; x_wconf 88' lang='lat' dir='ltr'><em>contra</em></span> <span class='ocrx_word' id='word_1_48' title='bbox 1054 367 1080 400; x_wconf 91' lang='lat' dir='ltr'>F</span> <span class='ocrx_word' id='word_1_49' title='bbox 1083 376 1126 399; x_wconf 88' lang='lat' dir='ltr'><em>re·</em></span> 
     </span>
    </p>
   </div>
   <div class='ocr_carea' id='block_1_8' title="bbox 240 414 1129 516">
    <p class='ocr_par' dir='ltr' id='par_1_8' title="bbox 240 414 1129 516">
     <span class='ocr_line' id='line_1_10' title="bbox 240 414 1125 456; baseline -0.005 -5"><span class='ocrx_word' id='word_1_50' title='bbox 240 419 388 455; x_wconf 89' lang='lat' dir='ltr'><em>dericum</em></span> <span class='ocrx_word' id='word_1_51' title='bbox 402 420 630 456; x_wconf 85' lang='lat' dir='ltr'><em>Marchionem</em></span> <span class='ocrx_word' id='word_1_52' title='bbox 643 417 827 452; x_wconf 82' lang='lat' dir='ltr'><em>Miliensem</em></span> <span class='ocrx_word' id='word_1_53' title='bbox 849 415 1044 452; x_wconf 69' lang='lat' dir='ltr'>bellantibus</span> <span class='ocrx_word' id='word_1_54' title='bbox 1057 414 1125 450; x_wconf 86' lang='lat' dir='ltr'><em>scri·</em></span> 
     </span>
     <span class='ocr_line' id='line_1_11' title="bbox 240 464 1129 516; baseline -0.002 -14"><span class='ocrx_word' id='word_1_55' title='bbox 240 468 288 502; x_wconf 89' lang='lat' dir='ltr'><em>bit</em></span> <span class='ocrx_word' id='word_1_56' title='bbox 299 471 613 516; x_wconf 80' lang='lat' dir='ltr'><em>Lantgravianorum</em></span> <span class='ocrx_word' id='word_1_57' title='bbox 624 466 770 502; x_wconf 77' lang='lat' dir='ltr'>Historia</span> <span class='ocrx_word' id='word_1_58' title='bbox 779 493 786 501; x_wconf 90' lang='lat'><strong>.</strong></span> <span class='ocrx_word' id='word_1_59' title='bbox 813 465 1009 511; x_wconf 72' lang='lat' dir='ltr'><em>Erfurtenfts</em></span> <span class='ocrx_word' id='word_1_60' title='bbox 1018 464 1129 509; x_wconf 69' lang='lat' dir='ltr'><em>preces·</em></span> 
     </span>
    </p>
   </div>
   <div class='ocr_carea' id='block_1_9' title="bbox 231 516 1127 612">
    <p class='ocr_par' dir='ltr' id='par_1_9' title="bbox 231 516 1127 612">
     <span class='ocr_line' id='line_1_12' title="bbox 231 516 1126 561; baseline 0.001 -10"><span class='ocrx_word' id='word_1_61' title='bbox 231 519 382 561; x_wconf 82' lang='lat' dir='ltr'><em>fionalt&#39;ter</em></span> <span class='ocrx_word' id='word_1_62' title='bbox 402 521 440 554; x_wconf 87' lang='lat' dir='ltr'><em>ab</em></span> <span class='ocrx_word' id='word_1_63' title='bbox 461 524 539 552; x_wconf 76' lang='lat' dir='ltr'><em>omni</em></span> <span class='ocrx_word' id='word_1_64' title='bbox 562 518 647 551; x_wconf 78' lang='lat' dir='ltr'><em>clero</em></span> <span class='ocrx_word' id='word_1_65' title='bbox 667 520 801 552; x_wconf 77' lang='lat' dir='ltr'><em>civitatis</em></span> <span class='ocrx_word' id='word_1_66' title='bbox 826 520 860 552; x_wconf 64' lang='lat'><em>(5</em></span> <span class='ocrx_word' id='word_1_67' title='bbox 885 516 1030 561; x_wconf 78' lang='lat' dir='ltr'><em>Religiofis</em></span> <span class='ocrx_word' id='word_1_68' title='bbox 1054 520 1126 552; x_wconf 67' lang='lat' dir='ltr'><em>ant?</em></span> 
     </span>
     <span class='ocr_line' id='line_1_13' title="bbox 233 568 1127 612; baseline 0.001 -12"><span class='ocrx_word' id='word_1_69' title='bbox 233 578 357 612; x_wconf 84' lang='lat' dir='ltr'><em>portam</em></span> <span class='ocrx_word' id='word_1_70' title='bbox 377 574 512 603; x_wconf 78' lang='lat' dir='ltr'><em>civitatis</em></span> <span class='ocrx_word' id='word_1_71' title='bbox 541 568 660 601; x_wconf 75' lang='lat' dir='ltr'><em>deduc&#39;li</em></span> <span class='ocrx_word' id='word_1_72' title='bbox 682 579 746 601; x_wconf 89' lang='lat' dir='ltr'><em>cum</em></span> <span class='ocrx_word' id='word_1_73' title='bbox 768 580 878 612; x_wconf 84' lang='lat' dir='ltr'><em>magna</em></span> <span class='ocrx_word' id='word_1_74' title='bbox 902 573 1013 600; x_wconf 83' lang='lat' dir='ltr'><em>civium</em></span> <span class='ocrx_word' id='word_1_75' title='bbox 1036 568 1127 601; x_wconf 83' lang='lat' dir='ltr'><em>turba</em></span> 
     </span>
    </p>
   </div>
   <div class='ocr_carea' id='block_1_10' title="bbox 231 617 1123 1060">
    <p class='ocr_par' dir='ltr' id='par_1_10' title="bbox 231 617 1123 1060">
     <span class='ocr_line' id='line_1_14' title="bbox 237 617 1123 659; baseline -0.002 -6"><span class='ocrx_word' id='word_1_76' title='bbox 237 627 396 653; x_wconf 78' lang='lat' dir='ltr'><em>exiverunt</em></span> <span class='ocrx_word' id='word_1_77' title='bbox 411 643 422 659; x_wconf 89' lang='lat'><em>,</em></span> <span class='ocrx_word' id='word_1_78' title='bbox 450 620 483 652; x_wconf 68' lang='grc'><em>(9</em></span> <span class='ocrx_word' id='word_1_79' title='bbox 502 617 702 651; x_wconf 79' lang='lat' dir='ltr'><em>Marcbtonem</em></span> <span class='ocrx_word' id='word_1_80' title='bbox 711 620 810 652; x_wconf 82' lang='lat' dir='ltr'><em>cedere</em></span> <span class='ocrx_word' id='word_1_81' title='bbox 831 619 1032 659; x_wconf 86' lang='lat' dir='ltr'><em>compulerunt</em></span> <span class='ocrx_word' id='word_1_82' title='bbox 1045 641 1052 650; x_wconf 87' lang='lat'><strong>.</strong></span> <span class='ocrx_word' id='word_1_83' title='bbox 1081 618 1123 651; x_wconf 88' lang='lat' dir='ltr'><em>Et</em></span> 
     </span>
     <span class='ocr_line' id='line_1_15' title="bbox 237 666 1123 713; baseline 0.001 -13"><span class='ocrx_word' id='word_1_84' title='bbox 237 668 277 701; x_wconf 89' lang='lat' dir='ltr'><em>de</em></span> <span class='ocrx_word' id='word_1_85' title='bbox 289 669 412 713; x_wconf 86' lang='lat' dir='ltr'><em>Anglis</em></span> <span class='ocrx_word' id='word_1_86' title='bbox 434 680 511 701; x_wconf 88' lang='lat' dir='ltr'><em>cum</em></span> <span class='ocrx_word' id='word_1_87' title='bbox 524 669 616 713; x_wconf 87' lang='lat' dir='ltr'><em>Rege</em></span> <span class='ocrx_word' id='word_1_88' title='bbox 628 669 685 702; x_wconf 92' lang='lat' dir='ltr'><em>suo</em></span> <span class='ocrx_word' id='word_1_89' title='bbox 698 666 864 712; x_wconf 79' lang='lat' dir='ltr'><em>Stephano</em></span> <span class='ocrx_word' id='word_1_90' title='bbox 888 668 927 701; x_wconf 85' lang='lat' dir='ltr'><em>ad</em></span> <span class='ocrx_word' id='word_1_91' title='bbox 941 668 1123 702; x_wconf 79' lang='lat' dir='ltr'><em>Standardi-</em></span> 
     </span>
     <span class='ocr_line' id='line_1_16' title="bbox 235 717 1122 760; baseline 0.001 -10"><span class='ocrx_word' id='word_1_92' title='bbox 235 728 311 751; x_wconf 87' lang='lat' dir='ltr'><em>cum</em></span> <span class='ocrx_word' id='word_1_93' title='bbox 340 730 455 752; x_wconf 89' lang='lat' dir='ltr'><em>contra</em></span> <span class='ocrx_word' id='word_1_94' title='bbox 478 718 596 752; x_wconf 89' lang='lat' dir='ltr'><em>Scotos</em></span> <span class='ocrx_word' id='word_1_95' title='bbox 618 718 740 752; x_wconf 86' lang='lat' dir='ltr'><em>bellum</em></span> <span class='ocrx_word' id='word_1_96' title='bbox 764 717 1062 760; x_wconf 75' lang='lat' dir='ltr'><em>proficiscentibus,</em></span> <span class='ocrx_word' id='word_1_97' title='bbox 1090 718 1122 751; x_wconf 91' lang='lat'>&amp;</span> 
     </span>
     <span class='ocr_line' id='line_1_17' title="bbox 236 767 1119 802; baseline 0.001 -3"><span class='ocrx_word' id='word_1_98' title='bbox 236 768 413 802; x_wconf 82' lang='lat' dir='ltr'><em>venerabili</em></span> <span class='ocrx_word' id='word_1_99' title='bbox 431 768 682 802; x_wconf 87' lang='lat' dir='ltr'><em>Eboracenfium</em></span> <span class='ocrx_word' id='word_1_100' title='bbox 702 767 980 801; x_wconf 86' lang='lat' dir='ltr'><em>Archi-Austitite</em></span> <span class='ocrx_word' id='word_1_101' title='bbox 994 767 1119 800; x_wconf 84' lang='lat' dir='ltr'><em>Tursti-</em></span> 
     </span>
     <span class='ocr_line' id='line_1_18' title="bbox 236 817 1120 861; baseline -0.002 -10"><span class='ocrx_word' id='word_1_102' title='bbox 236 829 281 852; x_wconf 89' lang='lat' dir='ltr'><em>no</em></span> <span class='ocrx_word' id='word_1_103' title='bbox 296 818 404 853; x_wconf 82' lang='lat' dir='ltr'>scribit</span> <span class='ocrx_word' id='word_1_104' title='bbox 431 818 619 852; x_wconf 85' lang='lat' dir='ltr'><em>Richardus</em></span> <span class='ocrx_word' id='word_1_105' title='bbox 634 817 727 851; x_wconf 82' lang='lat' dir='ltr'>Prior</span> <span class='ocrx_word' id='word_1_106' title='bbox 741 817 934 851; x_wconf 86' lang='lat' dir='ltr'><em>Monasterii</em></span> <span class='ocrx_word' id='word_1_107' title='bbox 949 818 1120 861; x_wconf 78' lang='lat' dir='ltr'><em>Hagustal-</em></span> 
     </span>
     <span class='ocr_line' id='line_1_19' title="bbox 235 865 1119 910; baseline -0.001 -9"><span class='ocrx_word' id='word_1_108' title='bbox 235 868 338 902; x_wconf 81' lang='lat' dir='ltr'><em>denfis</em></span> <span class='ocrx_word' id='word_1_109' title='bbox 352 881 364 901; x_wconf 81' lang='grc'><em>.·</em></span> <span class='ocrx_word' id='word_1_110' title='bbox 391 873 500 901; x_wconf 87' lang='lat' dir='ltr'><em>Omnes</em></span> <span class='ocrx_word' id='word_1_111' title='bbox 525 870 589 901; x_wconf 74' lang='lat' dir='ltr'><em>cum</em></span> <span class='ocrx_word' id='word_1_112' title='bbox 608 865 672 910; x_wconf 83' lang='lat' dir='ltr'><em>suis</em></span> <span class='ocrx_word' id='word_1_113' title='bbox 695 872 818 899; x_wconf 82' lang='lat' dir='ltr'><em>munitis</em></span> <span class='ocrx_word' id='word_1_114' title='bbox 837 869 871 901; x_wconf 63' lang='grc'><em>(9</em></span> <span class='ocrx_word' id='word_1_115' title='bbox 898 867 1006 900; x_wconf 79' lang='lat' dir='ltr'><em>bellicis</em></span> <span class='ocrx_word' id='word_1_116' title='bbox 1027 873 1119 900; x_wconf 81' lang='lat' dir='ltr'><em>armis</em></span> 
     </span>
     <span class='ocr_line' id='line_1_20' title="bbox 234 918 1119 959; baseline -0.001 -9"><span class='ocrx_word' id='word_1_117' title='bbox 234 918 368 957; x_wconf 64' lang='lat' dir='ltr'><em>instrum</em></span> <span class='ocrx_word' id='word_1_118' title='bbox 380 920 547 951; x_wconf 79' lang='lat' dir='ltr'><em>Eboracum</em></span> <span class='ocrx_word' id='word_1_119' title='bbox 556 921 752 950; x_wconf 79' lang='lat' dir='ltr'><em>conveniunt.</em></span> <span class='ocrx_word' id='word_1_120' title='bbox 781 920 887 959; x_wconf 81' lang='lat' dir='ltr'><em>Itaque</em></span> <span class='ocrx_word' id='word_1_121' title='bbox 894 918 957 958; x_wconf 84' lang='lat' dir='ltr'><em>post</em></span> <span class='ocrx_word' id='word_1_122' title='bbox 972 926 1119 958; x_wconf 85' lang='lat' dir='ltr'><em>acceptam</em></span> 
     </span>
     <span class='ocr_line' id='line_1_21' title="bbox 231 968 1120 1010; baseline -0.002 -9"><span class='ocrx_word' id='word_1_123' title='bbox 231 974 284 1010; x_wconf 80' lang='lat' dir='ltr'><em>pri</em></span> <span class='ocrx_word' id='word_1_124' title='bbox 290 977 395 1001; x_wconf 77' lang='lat' dir='ltr'><em>vatam</em></span> <span class='ocrx_word' id='word_1_125' title='bbox 402 971 612 1010; x_wconf 68' lang='lat' dir='ltr'><em>paenitentiam</em></span> <span class='ocrx_word' id='word_1_126' title='bbox 623 991 634 1007; x_wconf 90' lang='lat'><em>,</em></span> <span class='ocrx_word' id='word_1_127' title='bbox 660 968 725 1000; x_wconf 63' lang='lat' dir='ltr'>illis</span> <span class='ocrx_word' id='word_1_128' title='bbox 740 973 860 1008; x_wconf 79' lang='lat' dir='ltr'><em>pariter</em></span> <span class='ocrx_word' id='word_1_129' title='bbox 873 969 906 1001; x_wconf 76' lang='lat'><em>&amp;</em></span> <span class='ocrx_word' id='word_1_130' title='bbox 919 973 997 1000; x_wconf 77' lang='lat' dir='ltr'><em>omni</em></span> <span class='ocrx_word' id='word_1_131' title='bbox 1010 969 1120 1009; x_wconf 91' lang='lat' dir='ltr'><em>Populo</em></span> 
     </span>
     <span class='ocr_line' id='line_1_22' title="bbox 235 1015 1118 1060; baseline 0.001 -11"><span class='ocrx_word' id='word_1_132' title='bbox 235 1016 458 1060; x_wconf 76' lang='lat' dir='ltr'><em>Archi-Praesul</em></span> <span class='ocrx_word' id='word_1_133' title='bbox 479 1018 654 1049; x_wconf 85' lang='lat' dir='ltr'><em>triduanum</em></span> <span class='ocrx_word' id='word_1_134' title='bbox 674 1027 738 1051; x_wconf 84' lang='lat' dir='ltr'><em>cum</em></span> <span class='ocrx_word' id='word_1_135' title='bbox 750 1015 928 1060; x_wconf 59' lang='lat' dir='ltr'><em>eleemosinis</em></span> <span class='ocrx_word' id='word_1_136' title='bbox 941 1019 1057 1050; x_wconf 77' lang='lat' dir='ltr'><em>indixit</em></span> <span class='ocrx_word' id='word_1_137' title='bbox 1072 1020 1118 1058; x_wconf 71' lang='lat' dir='ltr'><em>Je-</em></span> 
     </span>
    </p>
   </div>
   <div class='ocr_carea' id='block_1_11' title="bbox 226 1064 1118 1109">
    <p class='ocr_par' dir='ltr' id='par_1_11' title="bbox 226 1064 1118 1109">
     <span class='ocr_line' id='line_1_23' title="bbox 226 1064 1118 1109; baseline 0.001 -10"><span class='ocrx_word' id='word_1_138' title='bbox 226 1068 369 1108; x_wconf 74' lang='lat' dir='ltr'><em>Junium,</em></span> <span class='ocrx_word' id='word_1_139' title='bbox 399 1080 435 1100; x_wconf 86' lang='lat' dir='ltr'><em>ac</em></span> <span class='ocrx_word' id='word_1_140' title='bbox 462 1067 570 1100; x_wconf 86' lang='lat' dir='ltr'><em>deinde</em></span> <span class='ocrx_word' id='word_1_141' title='bbox 583 1064 794 1109; x_wconf 78' lang='lat' dir='ltr'><em>absolutionem</em></span> <span class='ocrx_word' id='word_1_142' title='bbox 806 1092 817 1108; x_wconf 92' lang='lat'><em>,</em></span> <span class='ocrx_word' id='word_1_143' title='bbox 842 1079 878 1102; x_wconf 82' lang='lat' dir='ltr'><em>ac</em></span> <span class='ocrx_word' id='word_1_144' title='bbox 889 1067 1118 1101; x_wconf 68' lang='lat' dir='ltr'><em>benedillionem</em></span> 
     </span>
    </p>
   </div>
   <div class='ocr_carea' id='block_1_12' title="bbox 234 1114 1117 1160">
    <p class='ocr_par' dir='ltr' id='par_1_12' title="bbox 234 1114 1117 1160">
     <span class='ocr_line' id='line_1_24' title="bbox 234 1114 1117 1160; baseline 0.005 -12"><span class='ocrx_word' id='word_1_145' title='bbox 234 1119 292 1149; x_wconf 81' lang='lat' dir='ltr'><em>Dei</em></span> <span class='ocrx_word' id='word_1_146' title='bbox 305 1118 338 1150; x_wconf 66' lang='grc' dir='ltr'><strong><em>Θ</em></strong></span> <span class='ocrx_word' id='word_1_147' title='bbox 348 1114 434 1159; x_wconf 86' lang='lat' dir='ltr'><em>suam</em></span> <span class='ocrx_word' id='word_1_148' title='bbox 456 1123 499 1150; x_wconf 85' lang='lat' dir='ltr'><em>eis</em></span> <span class='ocrx_word' id='word_1_149' title='bbox 509 1115 678 1160; x_wconf 75' lang='lat' dir='ltr'><em>solemniter</em></span> <span class='ocrx_word' id='word_1_150' title='bbox 697 1117 802 1151; x_wconf 77' lang='lat' dir='ltr'><em>tribuit</em></span> <span class='ocrx_word' id='word_1_151' title='bbox 818 1140 826 1150; x_wconf 86' lang='lat'>.</span> <span class='ocrx_word' id='word_1_152' title='bbox 853 1118 901 1151; x_wconf 83' lang='lat' dir='ltr'><em>Ita</em></span> <span class='ocrx_word' id='word_1_153' title='bbox 916 1119 1057 1152; x_wconf 89' lang='lat' dir='ltr'>munivit</span> <span class='ocrx_word' id='word_1_154' title='bbox 1081 1129 1117 1151; x_wconf 83' lang='lat' dir='ltr'><em>ac</em></span> 
     </span>
    </p>
   </div>
   <div class='ocr_carea' id='block_1_13' title="bbox 219 1215 1120 3600">
    <p class='ocr_par' dir='ltr' id='par_1_13' title="bbox 219 1215 1120 3600">
     <span class='ocr_line' id='line_1_25' title="bbox 234 1215 1115 1259; baseline 0.001 -9"><span class='ocrx_word' id='word_1_155' title='bbox 234 1219 320 1250; x_wconf 75' lang='lat' dir='ltr'><em>Petri</em></span> <span class='ocrx_word' id='word_1_156' title='bbox 341 1218 509 1258; x_wconf 72' lang='lat' dir='ltr'><em>vexillum,</em></span> <span class='ocrx_word' id='word_1_157' title='bbox 538 1228 572 1250; x_wconf 89' lang='lat' dir='ltr'><em>ac</em></span> <span class='ocrx_word' id='word_1_158' title='bbox 588 1215 655 1259; x_wconf 87' lang='lat' dir='ltr'><em>suos</em></span> <span class='ocrx_word' id='word_1_159' title='bbox 672 1217 804 1251; x_wconf 79' lang='lat' dir='ltr'><em>homines</em></span> <span class='ocrx_word' id='word_1_160' title='bbox 816 1219 949 1251; x_wconf 79' lang='lat' dir='ltr'><em>tradidit</em></span> <span class='ocrx_word' id='word_1_161' title='bbox 973 1223 1034 1251; x_wconf 86' lang='lat' dir='ltr'><em>eis.</em></span> <span class='ocrx_word' id='word_1_162' title='bbox 1062 1219 1115 1252; x_wconf 89' lang='lat' dir='ltr'><em>Sic</em></span> 
     </span>
     <span class='ocr_line' id='line_1_26' title="bbox 232 1267 1116 1312; baseline 0.001 -13"><span class='ocrx_word' id='word_1_163' title='bbox 232 1267 320 1300; x_wconf 83' lang='lat' dir='ltr'>misit</span> <span class='ocrx_word' id='word_1_164' title='bbox 343 1268 377 1300; x_wconf 90' lang='lat' dir='ltr'><em>in</em></span> <span class='ocrx_word' id='word_1_165' title='bbox 403 1267 549 1302; x_wconf 80' lang='lat' dir='ltr'><em>hostem.</em></span> <span class='ocrx_word' id='word_1_166' title='bbox 580 1267 634 1300; x_wconf 86' lang='lat' dir='ltr'><em>Est</em></span> <span class='ocrx_word' id='word_1_167' title='bbox 656 1268 876 1311; x_wconf 82' lang='lat' dir='ltr'>antiquiffima</span> <span class='ocrx_word' id='word_1_168' title='bbox 903 1269 1004 1312; x_wconf 88' lang='lat' dir='ltr'><em>pietas</em></span> <span class='ocrx_word' id='word_1_169' title='bbox 1019 1292 1026 1300; x_wconf 92' lang='lat'>.</span> <span class='ocrx_word' id='word_1_170' title='bbox 1055 1268 1116 1302; x_wconf 85' lang='lat' dir='ltr'><em>Et·-</em></span> 
     </span>
     <span class='ocr_line' id='line_1_27' title="bbox 231 1315 1114 1361; baseline 0.002 -12"><span class='ocrx_word' id='word_1_171' title='bbox 231 1317 322 1350; x_wconf 85' lang='lat' dir='ltr'><em>enim</em></span> <span class='ocrx_word' id='word_1_172' title='bbox 335 1315 375 1350; x_wconf 91' lang='lat' dir='ltr'><em>de</em></span> <span class='ocrx_word' id='word_1_173' title='bbox 386 1316 595 1360; x_wconf 76' lang='lat' dir='ltr'><em>imperatoris</em></span> <span class='ocrx_word' id='word_1_174' title='bbox 613 1317 785 1361; x_wconf 74' lang='lat' dir='ltr'>justiniani</span> <span class='ocrx_word' id='word_1_175' title='bbox 798 1317 905 1352; x_wconf 83' lang='lat' dir='ltr'><em>Claffe</em></span> <span class='ocrx_word' id='word_1_176' title='bbox 918 1319 951 1352; x_wconf 91' lang='lat' dir='ltr'><em>in</em></span> <span class='ocrx_word' id='word_1_177' title='bbox 967 1318 1114 1352; x_wconf 82' lang='lat' dir='ltr'><em>Africam</em></span> 
     </span>
     <span class='ocr_line' id='line_1_28' title="bbox 232 1366 1114 1409; baseline 0.001 -10"><span class='ocrx_word' id='word_1_178' title='bbox 232 1376 348 1400; x_wconf 87' lang='lat' dir='ltr'><em>contra</em></span> <span class='ocrx_word' id='word_1_179' title='bbox 374 1366 557 1401; x_wconf 77' lang='lat' dir='ltr'><em>Wandalos</em></span> <span class='ocrx_word' id='word_1_180' title='bbox 577 1368 780 1409; x_wconf 67' lang='lat' dir='ltr'><em>profectura,</em></span> <span class='ocrx_word' id='word_1_181' title='bbox 807 1369 841 1401; x_wconf 91' lang='lat' dir='ltr'><em>in</em></span> <span class='ocrx_word' id='word_1_182' title='bbox 870 1368 959 1401; x_wconf 88' lang='lat' dir='ltr'>libris</span> <span class='ocrx_word' id='word_1_183' title='bbox 985 1368 1025 1401; x_wconf 82' lang='lat' dir='ltr'><em>de</em></span> <span class='ocrx_word' id='word_1_184' title='bbox 1053 1368 1114 1400; x_wconf 85' lang='lat' dir='ltr'><em>isto</em></span> 
     </span>
     <span class='ocr_line' id='line_1_29' title="bbox 233 1416 1113 1458; baseline -0.001 -9"><span class='ocrx_word' id='word_1_185' title='bbox 233 1416 322 1450; x_wconf 87' lang='lat' dir='ltr'><em>bello</em></span> <span class='ocrx_word' id='word_1_186' title='bbox 340 1417 448 1450; x_wconf 79' lang='lat' dir='ltr'>scribit</span> <span class='ocrx_word' id='word_1_187' title='bbox 462 1416 643 1458; x_wconf 84' lang='lat' dir='ltr'><em>Procopius</em></span> <span class='ocrx_word' id='word_1_188' title='bbox 666 1417 877 1451; x_wconf 79' lang='lat' dir='ltr'><em>Caesaraeenfis</em></span> <span class='ocrx_word' id='word_1_189' title='bbox 890 1441 897 1448; x_wconf 88' lang='lat'><em>.</em></span> <span class='ocrx_word' id='word_1_190' title='bbox 917 1417 1113 1458; x_wconf 69' lang='lat' dir='ltr'><em>justinianus</em></span> 
     </span>
     <span class='ocr_line' id='line_1_30' title="bbox 231 1466 1111 1508; baseline 0 -9"><span class='ocrx_word' id='word_1_191' title='bbox 231 1469 373 1508; x_wconf 83' lang='lat' dir='ltr'><em>majorem</em></span> <span class='ocrx_word' id='word_1_192' title='bbox 398 1469 577 1500; x_wconf 80' lang='lat' dir='ltr'><em>Praetortam</em></span> <span class='ocrx_word' id='word_1_193' title='bbox 595 1466 638 1496; x_wconf 78' lang='lat' dir='ltr'><em>ad</em></span> <span class='ocrx_word' id='word_1_194' title='bbox 656 1466 740 1497; x_wconf 65' lang='lat' dir='ltr'><em>littus</em></span> <span class='ocrx_word' id='word_1_195' title='bbox 764 1489 776 1504; x_wconf 94' lang='lat'><em>,</em></span> <span class='ocrx_word' id='word_1_196' title='bbox 816 1467 898 1507; x_wconf 87' lang='lat' dir='ltr'><em>quod</em></span> <span class='ocrx_word' id='word_1_197' title='bbox 920 1470 1111 1507; x_wconf 81' lang='lat' dir='ltr'><em>Imperatoris</em></span> 
     </span>
     <span class='ocr_line' id='line_1_31' title="bbox 231 1514 1111 1559; baseline -0.001 -9"><span class='ocrx_word' id='word_1_198' title='bbox 231 1514 308 1550; x_wconf 66' lang='lat' dir='ltr'><em>hulae</em></span> <span class='ocrx_word' id='word_1_199' title='bbox 327 1518 497 1559; x_wconf 78' lang='lat' dir='ltr'><em>praejacet,</em></span> <span class='ocrx_word' id='word_1_200' title='bbox 524 1516 670 1556; x_wconf 81' lang='lat' dir='ltr'><em>applicari</em></span> <span class='ocrx_word' id='word_1_201' title='bbox 686 1515 768 1556; x_wconf 82' lang='lat' dir='ltr'><em>juffit</em></span> <span class='ocrx_word' id='word_1_202' title='bbox 792 1540 800 1547; x_wconf 90' lang='lat'><strong>.</strong></span> <span class='ocrx_word' id='word_1_203' title='bbox 828 1519 899 1549; x_wconf 62' lang='lat' dir='ltr'><em>iiiuc⁴</em></span> <span class='ocrx_word' id='word_1_204' title='bbox 917 1516 1111 1558; x_wconf 70' lang='lat' dir='ltr'><em>Epiphanius</em></span> 
     </span>
     <span class='ocr_line' id='line_1_32' title="bbox 230 1562 1112 1607; baseline 0 -8"><span class='ocrx_word' id='word_1_205' title='bbox 230 1565 312 1600; x_wconf 77' lang='lat' dir='ltr'><em>urbis</em></span> <span class='ocrx_word' id='word_1_206' title='bbox 338 1562 600 1607; x_wconf 75' lang='lat' dir='ltr'><em>Archi-Episcopus</em></span> <span class='ocrx_word' id='word_1_207' title='bbox 622 1562 682 1607; x_wconf 81' lang='lat' dir='ltr'><em>sese</em></span> <span class='ocrx_word' id='word_1_208' title='bbox 704 1566 849 1605; x_wconf 77' lang='lat' dir='ltr'><em>contulit,</em></span> <span class='ocrx_word' id='word_1_209' title='bbox 876 1577 910 1598; x_wconf 88' lang='lat' dir='ltr'><em>ac</em></span> <span class='ocrx_word' id='word_1_210' title='bbox 934 1569 993 1599; x_wconf 71' lang='lat' dir='ltr'><em>rite</em></span> <span class='ocrx_word' id='word_1_211' title='bbox 1015 1570 1112 1599; x_wconf 87' lang='lat' dir='ltr'><em>Deum</em></span> 
     </span>
     <span class='ocr_line' id='line_1_33' title="bbox 227 1615 1110 1658; baseline 0.001 -10"><span class='ocrx_word' id='word_1_212' title='bbox 227 1625 368 1658; x_wconf 82' lang='lat' dir='ltr'><em>precatus</em></span> <span class='ocrx_word' id='word_1_213' title='bbox 383 1640 394 1655; x_wconf 87' lang='lat'><em>,</em></span> <span class='ocrx_word' id='word_1_214' title='bbox 419 1615 541 1648; x_wconf 74' lang='lat' dir='ltr'><em>munem</em></span> <span class='ocrx_word' id='word_1_215' title='bbox 553 1615 711 1656; x_wconf 84' lang='lat' dir='ltr'><em>quemdam</em></span> <span class='ocrx_word' id='word_1_216' title='bbox 733 1617 754 1647; x_wconf 72' lang='grc' dir='ltr'><em>ἃ</em></span> <span class='ocrx_word' id='word_1_217' title='bbox 780 1615 937 1658; x_wconf 83' lang='lat' dir='ltr'><em>Baptismo</em></span> <span class='ocrx_word' id='word_1_218' title='bbox 947 1626 1110 1657; x_wconf 86' lang='lat' dir='ltr'><em>recentem,</em></span> 
     </span>
     <span class='ocr_line' id='line_1_34' title="bbox 231 1664 1110 1708; baseline 0.001 -10"><span class='ocrx_word' id='word_1_219' title='bbox 231 1667 267 1699; x_wconf 67' lang='grc' dir='ltr'><em>(τ</em></span> <span class='ocrx_word' id='word_1_220' title='bbox 288 1667 374 1698; x_wconf 72' lang='lat' dir='ltr'><em>mode&gt;</em></span> <span class='ocrx_word' id='word_1_221' title='bbox 394 1664 553 1708; x_wconf 82' lang='lat' dir='ltr'><em>consortem</em></span> <span class='ocrx_word' id='word_1_222' title='bbox 566 1664 687 1706; x_wconf 64' lang='lat' dir='ltr'><em>sallum</em></span> <span class='ocrx_word' id='word_1_223' title='bbox 710 1669 835 1698; x_wconf 70' lang='lat' dir='ltr'><em>nomInis</em></span> <span class='ocrx_word' id='word_1_224' title='bbox 858 1665 1023 1705; x_wconf 76' lang='lat' dir='ltr'><em>Christiani</em></span> <span class='ocrx_word' id='word_1_225' title='bbox 1042 1690 1052 1706; x_wconf 90' lang='lat'><em>,</em></span> <span class='ocrx_word' id='word_1_226' title='bbox 1079 1673 1110 1699; x_wconf 83' lang='lat' dir='ltr'><em>in</em></span> 
     </span>
     <span class='ocr_line' id='line_1_35' title="bbox 232 1714 1108 1760; baseline 0.001 -11"><span class='ocrx_word' id='word_1_227' title='bbox 232 1726 342 1750; x_wconf 80' lang='lat' dir='ltr'><em>navem</em></span> <span class='ocrx_word' id='word_1_228' title='bbox 360 1714 473 1756; x_wconf 79' lang='lat' dir='ltr'>immifit</span> <span class='ocrx_word' id='word_1_229' title='bbox 487 1740 494 1748; x_wconf 87' lang='lat'><strong><em>.</em></strong></span> <span class='ocrx_word' id='word_1_230' title='bbox 524 1715 670 1760; x_wconf 76' lang='lat' dir='ltr'>Antiqua</span> <span class='ocrx_word' id='word_1_231' title='bbox 696 1714 776 1760; x_wconf 77' lang='lat' dir='ltr'><em>ergo</em></span> <span class='ocrx_word' id='word_1_232' title='bbox 797 1715 978 1749; x_wconf 85' lang='lat' dir='ltr'><em>nostrorum</em></span> <span class='ocrx_word' id='word_1_233' title='bbox 1004 1715 1108 1759; x_wconf 71' lang='lat' dir='ltr'><em>Majo-</em></span> 
     </span>
     <span class='ocr_line' id='line_1_36' title="bbox 228 1766 1111 1810; baseline 0.003 -11"><span class='ocrx_word' id='word_1_234' title='bbox 228 1777 301 1800; x_wconf 79' lang='lat' dir='ltr'><em>rum</em></span> <span class='ocrx_word' id='word_1_235' title='bbox 313 1767 416 1809; x_wconf 76' lang='lat' dir='ltr'><em>pietas</em></span> <span class='ocrx_word' id='word_1_236' title='bbox 426 1777 541 1800; x_wconf 87' lang='lat' dir='ltr'><em>omnes</em></span> <span class='ocrx_word' id='word_1_237' title='bbox 560 1774 635 1800; x_wconf 83' lang='lat' dir='ltr'><em>ante</em></span> <span class='ocrx_word' id='word_1_238' title='bbox 647 1766 893 1810; x_wconf 81' lang='lat' dir='ltr'><em>expeditionem</em></span> <span class='ocrx_word' id='word_1_239' title='bbox 906 1766 1025 1800; x_wconf 85' lang='lat' dir='ltr'><em>milites</em></span> <span class='ocrx_word' id='word_1_240' title='bbox 1038 1779 1111 1802; x_wconf 87' lang='lat' dir='ltr'><em>coe-</em></span> 
     </span>
     <span class='ocr_line' id='line_1_37' title="bbox 228 1816 1108 1860; baseline 0.002 -11"><span class='ocrx_word' id='word_1_241' title='bbox 228 1816 279 1860; x_wconf 86' lang='lat' dir='ltr'><em>git</em></span> <span class='ocrx_word' id='word_1_242' title='bbox 302 1816 348 1850; x_wconf 74' lang='lat' dir='ltr'><em>vad</em></span> <span class='ocrx_word' id='word_1_243' title='bbox 370 1817 642 1850; x_wconf 74' lang='lat' dir='ltr'><em>sacramentalem</em></span> <span class='ocrx_word' id='word_1_244' title='bbox 670 1817 896 1859; x_wconf 81' lang='lat' dir='ltr'><em>poenit&#39;entiarn</em></span> <span class='ocrx_word' id='word_1_245' title='bbox 917 1842 928 1858; x_wconf 90' lang='lat'><em>,</em></span> <span class='ocrx_word' id='word_1_246' title='bbox 965 1818 1108 1852; x_wconf 84' lang='lat' dir='ltr'>munivit</span> 
     </span>
     <span class='ocr_line' id='line_1_38' title="bbox 228 1865 1110 1911; baseline 0.001 -12"><span class='ocrx_word' id='word_1_247' title='bbox 228 1865 415 1910; x_wconf 85' lang='lat' dir='ltr'>Episcopali</span> <span class='ocrx_word' id='word_1_248' title='bbox 440 1866 687 1907; x_wconf 67' lang='lat' dir='ltr'><em>benedictione,</em></span> <span class='ocrx_word' id='word_1_249' title='bbox 716 1866 1052 1911; x_wconf 85' lang='lat' dir='ltr'><em>expurgavitjejuniis</em></span> <span class='ocrx_word' id='word_1_250' title='bbox 1072 1879 1110 1902; x_wconf 83' lang='lat' dir='ltr'><em>ac</em></span> 
     </span>
     <span class='ocr_line' id='line_1_39' title="bbox 227 1916 1110 1961; baseline 0.003 -12"><span class='ocrx_word' id='word_1_251' title='bbox 227 1916 303 1949; x_wconf 77' lang='lat' dir='ltr'>aliis</span> <span class='ocrx_word' id='word_1_252' title='bbox 328 1916 619 1957; x_wconf 65' lang='lat' dir='ltr'><em>satisfacliznibus,</em></span> <span class='ocrx_word' id='word_1_253' title='bbox 646 1917 816 1960; x_wconf 87' lang='lat' dir='ltr'><em>voluitque</em></span> <span class='ocrx_word' id='word_1_254' title='bbox 842 1917 903 1950; x_wconf 78' lang='lat' dir='ltr'><em>effe</em></span> <span class='ocrx_word' id='word_1_255' title='bbox 930 1918 1110 1961; x_wconf 74' lang='lat' dir='ltr'><em>pleniffime</em></span> 
     </span>
     <span class='ocr_line' id='line_1_40' title="bbox 227 1965 1104 2006; baseline 0.003 -8"><span class='ocrx_word' id='word_1_256' title='bbox 227 1965 372 1999; x_wconf 83' lang='lat' dir='ltr'><em>mundos</em></span> <span class='ocrx_word' id='word_1_257' title='bbox 383 1990 394 2006; x_wconf 93' lang='lat'><em>,</em></span> <span class='ocrx_word' id='word_1_258' title='bbox 420 1967 535 2000; x_wconf 84' lang='lat' dir='ltr'><em>fimiles</em></span> <span class='ocrx_word' id='word_1_259' title='bbox 558 1967 809 2001; x_wconf 56' lang='lat' dir='ltr'><em>recentissimis&amp;</em></span> <span class='ocrx_word' id='word_1_260' title='bbox 821 1967 918 2000; x_wconf 85' lang='lat' dir='ltr'><em>Sacro</em></span> <span class='ocrx_word' id='word_1_261' title='bbox 930 1968 1037 2000; x_wconf 82' lang='lat' dir='ltr'><em>Fonte</em></span> <span class='ocrx_word' id='word_1_262' title='bbox 1054 1969 1104 2001; x_wconf 90' lang='lat' dir='ltr'><em>in-</em></span> 
     </span>
     <span class='ocr_line' id='line_1_41' title="bbox 228 2014 1106 2058; baseline 0.005 -11"><span class='ocrx_word' id='word_1_263' title='bbox 228 2015 396 2048; x_wconf 78' lang='lat' dir='ltr'><em>fantibus.</em></span> <span class='ocrx_word' id='word_1_264' title='bbox 425 2016 516 2049; x_wconf 88' lang='lat' dir='ltr'><em>Hinc</em></span> <span class='ocrx_word' id='word_1_265' title='bbox 532 2014 735 2058; x_wconf 83' lang='lat' dir='ltr'>Epiphanius</span> <span class='ocrx_word' id='word_1_266' title='bbox 754 2014 937 2049; x_wconf 81' lang='lat' dir='ltr'><em>patriarcha</em></span> <span class='ocrx_word' id='word_1_267' title='bbox 949 2017 1106 2051; x_wconf 83' lang='lat' dir='ltr'><em>Constan-</em></span> 
     </span>
     <span class='ocr_line' id='line_1_42' title="bbox 227 2064 1105 2108; baseline 0.003 -12"><span class='ocrx_word' id='word_1_268' title='bbox 227 2064 469 2108; x_wconf 82' lang='lat' dir='ltr'><em>tinopolitanus</em></span> <span class='ocrx_word' id='word_1_269' title='bbox 492 2066 654 2108; x_wconf 89' lang='lat' dir='ltr'><em>primum,</em></span> <span class='ocrx_word' id='word_1_270' title='bbox 682 2075 780 2108; x_wconf 91' lang='lat' dir='ltr'><em>quem</em></span> <span class='ocrx_word' id='word_1_271' title='bbox 809 2066 842 2098; x_wconf 93' lang='lat' dir='ltr'><em>in</em></span> <span class='ocrx_word' id='word_1_272' title='bbox 865 2065 1065 2100; x_wconf 62' lang='lat' dir='ltr'><em>benedictam</em></span> <span class='ocrx_word' id='word_1_273' title='bbox 1088 2065 1105 2099; x_wconf 75' lang='grc' dir='ltr'>ὲ</span> 
     </span>
     <span class='ocr_line' id='line_1_43' title="bbox 227 2114 1104 2156; baseline 0.003 -9"><span class='ocrx_word' id='word_1_274' title='bbox 227 2115 259 2147; x_wconf 87' lang='lat' dir='ltr'><em>se</em></span> <span class='ocrx_word' id='word_1_275' title='bbox 271 2125 386 2148; x_wconf 81' lang='lat' dir='ltr'><em>navem</em></span> <span class='ocrx_word' id='word_1_276' title='bbox 399 2115 529 2148; x_wconf 85' lang='lat' dir='ltr'>immifit</span> <span class='ocrx_word' id='word_1_277' title='bbox 540 2140 550 2156; x_wconf 94' lang='lat'><em>,</em></span> <span class='ocrx_word' id='word_1_278' title='bbox 577 2115 718 2148; x_wconf 86' lang='lat' dir='ltr'>militem</span> <span class='ocrx_word' id='word_1_279' title='bbox 731 2114 837 2151; x_wconf 83' lang='lat' dir='ltr'><em>voluit</em></span> <span class='ocrx_word' id='word_1_280' title='bbox 849 2115 912 2148; x_wconf 78' lang='lat' dir='ltr'><em>effe</em></span> <span class='ocrx_word' id='word_1_281' title='bbox 922 2115 1104 2150; x_wconf 84' lang='lat' dir='ltr'>istiusmodi</span> 
     </span>
     <span class='ocr_line' id='line_1_44' title="bbox 227 2163 1120 2209; baseline 0 -11"><span class='ocrx_word' id='word_1_282' title='bbox 227 2163 471 2208; x_wconf 87' lang='lat' dir='ltr'><em>Neophytum‚</em></span> <span class='ocrx_word' id='word_1_283' title='bbox 496 2164 661 2198; x_wconf 85' lang='lat' dir='ltr'><em>declarans</em></span> <span class='ocrx_word' id='word_1_284' title='bbox 683 2176 720 2198; x_wconf 81' lang='lat' dir='ltr'><em>ac</em></span> <span class='ocrx_word' id='word_1_285' title='bbox 732 2165 889 2197; x_wconf 85' lang='lat' dir='ltr'><em>mandans</em></span> <span class='ocrx_word' id='word_1_286' title='bbox 915 2175 1029 2197; x_wconf 85' lang='lat' dir='ltr'><em>omnes</em></span> <span class='ocrx_word' id='word_1_287' title='bbox 1056 2165 1120 2209; x_wconf 33' lang='lat' dir='ltr'>in-¹</span> 
     </span>
     <span class='ocr_line' id='line_1_45' title="bbox 226 2211 1120 2259; baseline 0.001 -13"><span class='ocrx_word' id='word_1_288' title='bbox 226 2215 385 2259; x_wconf 75' lang='lat' dir='ltr'><em>gressuros</em></span> <span class='ocrx_word' id='word_1_289' title='bbox 395 2214 465 2248; x_wconf 80' lang='lat' dir='ltr'><em>effe</em></span> <span class='ocrx_word' id='word_1_290' title='bbox 481 2214 564 2256; x_wconf 86' lang='lat' dir='ltr'><em>paris</em></span> <span class='ocrx_word' id='word_1_291' title='bbox 576 2212 761 2247; x_wconf 82' lang='lat' dir='ltr'><em>munditiae.</em></span> <span class='ocrx_word' id='word_1_292' title='bbox 791 2213 833 2246; x_wconf 88' lang='lat' dir='ltr'><em>Et</em></span> <span class='ocrx_word' id='word_1_293' title='bbox 856 2211 986 2247; x_wconf 72' lang='lat' dir='ltr'><em>sancita</em></span> <span class='ocrx_word' id='word_1_294' title='bbox 1008 2212 1120 2257; x_wconf 86' lang='lat' dir='ltr'><em>opor-l</em></span> 
     </span>
     <span class='ocr_line' id='line_1_46' title="bbox 226 2258 1119 2306; baseline 0.001 -10"><span class='ocrx_word' id='word_1_295' title='bbox 226 2274 290 2297; x_wconf 87' lang='lat' dir='ltr'><em>tet.</em></span> <span class='ocrx_word' id='word_1_296' title='bbox 318 2263 408 2297; x_wconf 79' lang='lat' dir='ltr'><em>Nam</em></span> <span class='ocrx_word' id='word_1_297' title='bbox 430 2263 551 2298; x_wconf 77' lang='lat' dir='ltr'><em>milites</em></span> <span class='ocrx_word' id='word_1_298' title='bbox 569 2263 691 2297; x_wconf 83' lang='lat' dir='ltr'><em>abeunt</em></span> <span class='ocrx_word' id='word_1_299' title='bbox 714 2263 801 2306; x_wconf 80' lang='lat' dir='ltr'>quali</span> <span class='ocrx_word' id='word_1_300' title='bbox 820 2263 861 2296; x_wconf 85' lang='lat' dir='ltr'><em>ad</em></span> <span class='ocrx_word' id='word_1_301' title='bbox 874 2274 1031 2298; x_wconf 85' lang='lat' dir='ltr'><em>mortem.</em></span> <span class='ocrx_word' id='word_1_302' title='bbox 1063 2258 1119 2297; x_wconf 72' lang='lat' dir='ltr'><em>Et!</em></span> 
     </span>
     <span class='ocr_line' id='line_1_47' title="bbox 225 2311 1103 2356; baseline 0 -10"><span class='ocrx_word' id='word_1_303' title='bbox 225 2324 281 2355; x_wconf 83' lang='lat' dir='ltr'><em>per</em></span> <span class='ocrx_word' id='word_1_304' title='bbox 304 2311 489 2356; x_wconf 82' lang='lat' dir='ltr'><em>hujusmodi</em></span> <span class='ocrx_word' id='word_1_305' title='bbox 504 2312 691 2350; x_wconf 74' lang='lat' dir='ltr'><em>Exercitum</em></span> <span class='ocrx_word' id='word_1_306' title='bbox 718 2312 930 2347; x_wconf 62' lang='lat' dir='ltr'>estaoivina</span> <span class='ocrx_word' id='word_1_307' title='bbox 951 2313 1103 2347; x_wconf 87' lang='lat' dir='ltr'><em>Clemen-</em></span> 
     </span>
     <span class='ocr_line' id='line_1_48' title="bbox 224 2361 1118 2407; baseline 0.001 -11"><span class='ocrx_word' id='word_1_308' title='bbox 224 2365 269 2396; x_wconf 80' lang='lat' dir='ltr'><em>tia</em></span> <span class='ocrx_word' id='word_1_309' title='bbox 284 2363 475 2407; x_wconf 79' lang='lat' dir='ltr'><em>sperandum</em></span> <span class='ocrx_word' id='word_1_310' title='bbox 488 2364 668 2403; x_wconf 85' lang='lat' dir='ltr'>auxilium,</span> <span class='ocrx_word' id='word_1_311' title='bbox 695 2361 831 2396; x_wconf 67' lang='lat' dir='ltr'><em>directio</em></span> <span class='ocrx_word' id='word_1_312' title='bbox 844 2387 855 2402; x_wconf 96' lang='lat'><em>,</em></span> <span class='ocrx_word' id='word_1_313' title='bbox 883 2373 979 2405; x_wconf 84' lang='lat' dir='ltr'><em>atquc</em></span> <span class='ocrx_word' id='word_1_314' title='bbox 1005 2364 1118 2397; x_wconf 48' lang='lat' dir='ltr'><em>victor</em></span> 
     </span>
     <span class='ocr_line' id='line_1_49' title="bbox 224 2412 1099 2456; baseline 0 -10"><span class='ocrx_word' id='word_1_315' title='bbox 224 2413 271 2446; x_wconf 80' lang='lat' dir='ltr'><em>ria</em></span> <span class='ocrx_word' id='word_1_316' title='bbox 284 2438 291 2444; x_wconf 90' lang='lat'><em>.</em></span> <span class='ocrx_word' id='word_1_317' title='bbox 319 2412 361 2446; x_wconf 85' lang='lat' dir='ltr'><em>Et</em></span> <span class='ocrx_word' id='word_1_318' title='bbox 375 2412 578 2456; x_wconf 82' lang='lat' dir='ltr'>Epiphanius</span> <span class='ocrx_word' id='word_1_319' title='bbox 592 2425 658 2446; x_wconf 91' lang='lat' dir='ltr'><em>non</em></span> <span class='ocrx_word' id='word_1_320' title='bbox 674 2412 758 2447; x_wconf 86' lang='lat' dir='ltr'><em>solos</em></span> <span class='ocrx_word' id='word_1_321' title='bbox 774 2412 894 2446; x_wconf 85' lang='lat' dir='ltr'><em>milites</em></span> <span class='ocrx_word' id='word_1_322' title='bbox 908 2412 1076 2446; x_wconf 85' lang='lat' dir='ltr'><em>benedixit</em></span> <span class='ocrx_word' id='word_1_323' title='bbox 1089 2438 1099 2454; x_wconf 90' lang='lat'><em>,</em></span> 
     </span>
     <span class='ocr_line' id='line_1_50' title="bbox 224 2461 1116 2510; baseline 0.001 -15"><span class='ocrx_word' id='word_1_324' title='bbox 224 2461 275 2495; x_wconf 87' lang='lat' dir='ltr'><em>sed</em></span> <span class='ocrx_word' id='word_1_325' title='bbox 297 2463 329 2496; x_wconf 72' lang='grc' dir='ltr'><em>ὅ(</em></span> <span class='ocrx_word' id='word_1_326' title='bbox 350 2463 490 2497; x_wconf 70' lang='lat' dir='ltr'><em>Classem</em></span> <span class='ocrx_word' id='word_1_327' title='bbox 514 2487 520 2494; x_wconf 92' lang='lat'><strong>.</strong></span> <span class='ocrx_word' id='word_1_328' title='bbox 548 2463 596 2496; x_wconf 85' lang='lat' dir='ltr'><em>Ita</em></span> <span class='ocrx_word' id='word_1_329' title='bbox 619 2463 736 2497; x_wconf 76' lang='lat' dir='ltr'><em>diserte</em></span> <span class='ocrx_word' id='word_1_330' title='bbox 756 2462 866 2497; x_wconf 84' lang='lat' dir='ltr'>scribit</span> <span class='ocrx_word' id='word_1_331' title='bbox 892 2462 1116 2510; x_wconf 63' lang='lat' dir='ltr'><em>Nicephmus,¹</em></span> 
     </span>
     <span class='ocr_line' id='line_1_51' title="bbox 225 2511 1101 2555; baseline 0.002 -11"><span class='ocrx_word' id='word_1_332' title='bbox 225 2512 394 2546; x_wconf 73' lang='lat' dir='ltr'><em>calixtus.</em></span> <span class='ocrx_word' id='word_1_333' title='bbox 424 2513 590 2545; x_wconf 82' lang='lat' dir='ltr'>Eximiam</span> <span class='ocrx_word' id='word_1_334' title='bbox 613 2537 623 2552; x_wconf 92' lang='lat'><em>,</em></span> <span class='ocrx_word' id='word_1_335' title='bbox 660 2523 722 2555; x_wconf 82' lang='lat' dir='ltr'><em>qua</em></span> <span class='ocrx_word' id='word_1_336' title='bbox 748 2514 778 2545; x_wconf 91' lang='lat' dir='ltr'><em>se</em></span> <span class='ocrx_word' id='word_1_337' title='bbox 796 2513 836 2546; x_wconf 84' lang='lat' dir='ltr'><em>ad</em></span> <span class='ocrx_word' id='word_1_338' title='bbox 859 2511 977 2546; x_wconf 88' lang='lat' dir='ltr'><em>bellum</em></span> <span class='ocrx_word' id='word_1_339' title='bbox 1001 2513 1101 2546; x_wconf 87' lang='lat' dir='ltr'><em>Perfi-</em></span> 
     </span>
     <span class='ocr_line' id='line_1_52' title="bbox 225 2560 1089 2605; baseline 0.001 -10"><span class='ocrx_word' id='word_1_340' title='bbox 225 2573 301 2595; x_wconf 89' lang='lat' dir='ltr'><em>cum</em></span> <span class='ocrx_word' id='word_1_341' title='bbox 312 2560 454 2594; x_wconf 80' lang='lat' dir='ltr'>adcinxit</span> <span class='ocrx_word' id='word_1_342' title='bbox 470 2562 649 2603; x_wconf 76' lang='lat' dir='ltr'><em>imperator</em></span> <span class='ocrx_word' id='word_1_343' title='bbox 661 2561 829 2596; x_wconf 83' lang='lat' dir='ltr'>Heraclius</span> <span class='ocrx_word' id='word_1_344' title='bbox 841 2586 851 2601; x_wconf 91' lang='lat'><em>,</em></span> <span class='ocrx_word' id='word_1_345' title='bbox 878 2562 1027 2605; x_wconf 69' lang='lat' dir='ltr'><em>pietatem</em></span> <span class='ocrx_word' id='word_1_346' title='bbox 1049 2564 1089 2596; x_wconf 91' lang='lat' dir='ltr'><em>de</em></span> 
     </span>
     <span class='ocr_line' id='line_1_53' title="bbox 224 2610 1099 2655; baseline -0.001 -10"><span class='ocrx_word' id='word_1_347' title='bbox 224 2611 334 2645; x_wconf 83' lang='lat' dir='ltr'>scribit</span> <span class='ocrx_word' id='word_1_348' title='bbox 347 2611 511 2655; x_wconf 86' lang='lat' dir='ltr'>Georgius</span> <span class='ocrx_word' id='word_1_349' title='bbox 521 2610 707 2644; x_wconf 85' lang='lat' dir='ltr'><em>Cedrenus:</em></span> <span class='ocrx_word' id='word_1_350' title='bbox 736 2612 883 2644; x_wconf 73' lang='lat' dir='ltr'><em>Caeterum</em></span> <span class='ocrx_word' id='word_1_351' title='bbox 904 2614 1053 2647; x_wconf 68' lang='lat' dir='ltr'><em>heraclius</em></span> <span class='ocrx_word' id='word_1_352' title='bbox 1067 2619 1099 2645; x_wconf 80' lang='lat' dir='ltr'><em>in</em></span> 
     </span>
     <span class='ocr_line' id='line_1_54' title="bbox 226 2659 1098 2702; baseline 0.001 -8"><span class='ocrx_word' id='word_1_353' title='bbox 226 2659 373 2702; x_wconf 79' lang='lat' dir='ltr'><em>Perfidem</em></span> <span class='ocrx_word' id='word_1_354' title='bbox 382 2667 481 2694; x_wconf 78' lang='lat' dir='ltr'><em>iturus</em></span> <span class='ocrx_word' id='word_1_355' title='bbox 499 2666 545 2693; x_wconf 82' lang='lat' dir='ltr'><em>tta</em></span> <span class='ocrx_word' id='word_1_356' title='bbox 554 2662 705 2702; x_wconf 86' lang='lat' dir='ltr'><em>compellat</em></span> <span class='ocrx_word' id='word_1_357' title='bbox 720 2661 929 2694; x_wconf 81' lang='lat' dir='ltr'><em>Patriarcham</em></span> <span class='ocrx_word' id='word_1_358' title='bbox 942 2675 952 2694; x_wconf 91' lang='lat'><em>:</em></span> <span class='ocrx_word' id='word_1_359' title='bbox 979 2666 1015 2695; x_wconf 84' lang='lat' dir='ltr'><em>In</em></span> <span class='ocrx_word' id='word_1_360' title='bbox 1037 2675 1098 2695; x_wconf 85' lang='lat' dir='ltr'><em>ma-</em></span> 
     </span>
     <span class='ocr_line' id='line_1_55' title="bbox 224 2711 1096 2753; baseline 0 -9"><span class='ocrx_word' id='word_1_361' title='bbox 224 2711 314 2744; x_wconf 79' lang='lat' dir='ltr'><em>nibus</em></span> <span class='ocrx_word' id='word_1_362' title='bbox 328 2714 384 2744; x_wconf 80' lang='lat' dir='ltr'><em>Dei</em></span> <span class='ocrx_word' id='word_1_363' title='bbox 394 2734 405 2751; x_wconf 89' lang='lat'><em>,</em></span> <span class='ocrx_word' id='word_1_364' title='bbox 432 2714 576 2752; x_wconf 79' lang='lat' dir='ltr'><em>Deiparae</em></span> <span class='ocrx_word' id='word_1_365' title='bbox 588 2735 598 2750; x_wconf 87' lang='lat'>‚</span> <span class='ocrx_word' id='word_1_366' title='bbox 623 2712 656 2743; x_wconf 63' lang='grc' dir='ltr'><em>ὁ·</em></span> <span class='ocrx_word' id='word_1_367' title='bbox 668 2717 724 2743; x_wconf 82' lang='lat' dir='ltr'><em>tuis</em></span> <span class='ocrx_word' id='word_1_368' title='bbox 737 2713 871 2753; x_wconf 81' lang='lat' dir='ltr'><em>relinquo</em></span> <span class='ocrx_word' id='word_1_369' title='bbox 886 2712 987 2744; x_wconf 88' lang='lat' dir='ltr'><em>urbem</em></span> <span class='ocrx_word' id='word_1_370' title='bbox 1000 2712 1076 2745; x_wconf 84' lang='lat' dir='ltr'><em>banc</em></span> <span class='ocrx_word' id='word_1_371' title='bbox 1085 2738 1096 2753; x_wconf 87' lang='lat'>‚</span> 
     </span>
     <span class='ocr_line' id='line_1_56' title="bbox 223 2759 1096 2805; baseline 0 -11"><span class='ocrx_word' id='word_1_372' title='bbox 223 2759 357 2801; x_wconf 66' lang='lat' dir='ltr'><em>&amp;filium</em></span> <span class='ocrx_word' id='word_1_373' title='bbox 381 2772 494 2793; x_wconf 84' lang='lat' dir='ltr'><em>meum.</em></span> <span class='ocrx_word' id='word_1_374' title='bbox 521 2760 595 2793; x_wconf 65' lang='lat' dir='ltr'><em>Inde³</em></span> <span class='ocrx_word' id='word_1_375' title='bbox 618 2773 757 2804; x_wconf 83' lang='lat' dir='ltr'><em>magnum</em></span> <span class='ocrx_word' id='word_1_376' title='bbox 773 2762 912 2803; x_wconf 84' lang='lat' dir='ltr'><em>templum</em></span> <span class='ocrx_word' id='word_1_377' title='bbox 935 2763 1096 2805; x_wconf 78' lang='lat' dir='ltr'><em>ingreffur,</em></span> 
     </span>
     <span class='ocr_line' id='line_1_57' title="bbox 223 2812 1095 2853; baseline 0.001 -10"><span class='ocrx_word' id='word_1_378' title='bbox 223 2816 337 2843; x_wconf 63' lang='lat' dir='ltr'><em>atratIs</em></span> <span class='ocrx_word' id='word_1_379' title='bbox 358 2812 464 2844; x_wconf 79' lang='lat' dir='ltr'><em>calceis</em></span> <span class='ocrx_word' id='word_1_380' title='bbox 483 2818 596 2851; x_wconf 86' lang='lat' dir='ltr'><em>pronus</em></span> <span class='ocrx_word' id='word_1_381' title='bbox 617 2812 769 2851; x_wconf 84' lang='lat' dir='ltr'><em>procubuit</em></span> <span class='ocrx_word' id='word_1_382' title='bbox 793 2836 801 2850; x_wconf 87' lang='lat'><em>,</em></span> <span class='ocrx_word' id='word_1_383' title='bbox 838 2818 938 2853; x_wconf 81' lang='lat' dir='ltr'><em>itaque</em></span> <span class='ocrx_word' id='word_1_384' title='bbox 956 2822 1095 2853; x_wconf 83' lang='lat' dir='ltr'><em>precatus</em></span> 
     </span>
     <span class='ocr_line' id='line_1_58' title="bbox 223 2860 1094 2903; baseline 0.001 -10"><span class='ocrx_word' id='word_1_385' title='bbox 223 2860 278 2900; x_wconf 79' lang='lat' dir='ltr'><em>est:</em></span> <span class='ocrx_word' id='word_1_386' title='bbox 306 2862 429 2894; x_wconf 79' lang='lat' dir='ltr'><em>Domine</em></span> <span class='ocrx_word' id='word_1_387' title='bbox 442 2864 519 2893; x_wconf 87' lang='lat' dir='ltr'><em>Deus</em></span> <span class='ocrx_word' id='word_1_388' title='bbox 533 2883 543 2899; x_wconf 89' lang='lat'>‚</span> <span class='ocrx_word' id='word_1_389' title='bbox 569 2862 602 2893; x_wconf 63' lang='grc' dir='ltr'><em>(θ’</em></span> <span class='ocrx_word' id='word_1_390' title='bbox 618 2860 951 2903; x_wconf 77' lang='lat' dir='ltr'><strong>JESU-CHRISTE</strong></span> <span class='ocrx_word' id='word_1_391' title='bbox 963 2885 972 2899; x_wconf 95' lang='lat'><em>,</em></span> <span class='ocrx_word' id='word_1_392' title='bbox 998 2863 1094 2894; x_wconf 77' lang='lat' dir='ltr'><em>nenos</em></span> 
     </span>
     <span class='ocr_line' id='line_1_59' title="bbox 219 2910 1093 2953; baseline 0.002 -11"><span class='ocrx_word' id='word_1_393' title='bbox 219 2919 342 2952; x_wconf 85' lang='lat' dir='ltr'><em>propter</em></span> <span class='ocrx_word' id='word_1_394' title='bbox 350 2919 473 2952; x_wconf 83' lang='lat' dir='ltr'><em>peccata</em></span> <span class='ocrx_word' id='word_1_395' title='bbox 484 2910 580 2950; x_wconf 86' lang='lat' dir='ltr'><em>nostra</em></span> <span class='ocrx_word' id='word_1_396' title='bbox 591 2910 713 2950; x_wconf 83' lang='lat' dir='ltr'><em>hostibus</em></span> <span class='ocrx_word' id='word_1_397' title='bbox 726 2911 828 2949; x_wconf 83' lang='lat' dir='ltr'><em>nostris</em></span> <span class='ocrx_word' id='word_1_398' title='bbox 840 2913 1007 2944; x_wconf 81' lang='lat' dir='ltr'><em>irridendos</em></span> <span class='ocrx_word' id='word_1_399' title='bbox 1015 2922 1093 2953; x_wconf 84' lang='lat' dir='ltr'><em>prae·</em></span> 
     </span>
     <span class='ocr_line' id='line_1_60' title="bbox 223 2958 1094 3004; baseline 0.001 -12"><span class='ocrx_word' id='word_1_400' title='bbox 223 2960 315 3002; x_wconf 80' lang='lat' dir='ltr'><em>beas;</em></span> <span class='ocrx_word' id='word_1_401' title='bbox 339 2958 394 3004; x_wconf 85' lang='lat' dir='ltr'><em>sed</em></span> <span class='ocrx_word' id='word_1_402' title='bbox 415 2967 528 2994; x_wconf 84' lang='lat' dir='ltr'><em>intuere</em></span> <span class='ocrx_word' id='word_1_403' title='bbox 548 2972 621 2999; x_wconf 88' lang='lat' dir='ltr'><em>nos,</em></span> <span class='ocrx_word' id='word_1_404' title='bbox 646 2971 681 2992; x_wconf 90' lang='lat' dir='ltr'><em>ac</em></span> <span class='ocrx_word' id='word_1_405' title='bbox 704 2959 840 3003; x_wconf 74' lang='lat' dir='ltr'><em>miserere</em></span> <span class='ocrx_word' id='word_1_406' title='bbox 859 2961 966 3000; x_wconf 73' lang='lat' dir='ltr'><em>nostrl,</em></span> <span class='ocrx_word' id='word_1_407' title='bbox 992 2964 1025 2995; x_wconf 70' lang='grc'><em>(9*</em></span> <span class='ocrx_word' id='word_1_408' title='bbox 1050 2967 1094 2995; x_wconf 83' lang='lat' dir='ltr'><em>vi-</em></span> 
     </span>
     <span class='ocr_line' id='line_1_61' title="bbox 223 3008 1091 3055; baseline 0.002 -14"><span class='ocrx_word' id='word_1_409' title='bbox 223 3008 339 3042; x_wconf 68' lang='lat' dir='ltr'><em>llariam</em></span> <span class='ocrx_word' id='word_1_410' title='bbox 351 3012 388 3044; x_wconf 88' lang='lat' dir='ltr'><em>de</em></span> <span class='ocrx_word' id='word_1_411' title='bbox 399 3010 519 3050; x_wconf 80' lang='lat' dir='ltr'><em>hostibus</em></span> <span class='ocrx_word' id='word_1_412' title='bbox 543 3016 603 3043; x_wconf 83' lang='lat' dir='ltr'><em>tuis</em></span> <span class='ocrx_word' id='word_1_413' title='bbox 614 3012 731 3042; x_wconf 87' lang='lat' dir='ltr'><em>concede</em></span> <span class='ocrx_word' id='word_1_414' title='bbox 750 3034 759 3049; x_wconf 86' lang='lat'><em>,</em></span> <span class='ocrx_word' id='word_1_415' title='bbox 778 3011 986 3055; x_wconf 77' lang='lat' dir='ltr'><em>neglorientur</em></span> <span class='ocrx_word' id='word_1_416' title='bbox 1006 3009 1091 3054; x_wconf 85' lang='lat' dir='ltr'><em>scele-</em></span> 
     </span>
     <span class='ocr_line' id='line_1_62' title="bbox 224 3059 1092 3102; baseline 0.003 -12"><span class='ocrx_word' id='word_1_417' title='bbox 224 3066 305 3098; x_wconf 86' lang='lat' dir='ltr'><em>rati,</em></span> <span class='ocrx_word' id='word_1_418' title='bbox 330 3063 362 3094; x_wconf 75' lang='lat'><em>(¹5</em></span> <span class='ocrx_word' id='word_1_419' title='bbox 375 3071 434 3094; x_wconf 83' lang='lat' dir='ltr'><em>tuae</em></span> <span class='ocrx_word' id='word_1_420' title='bbox 447 3059 586 3102; x_wconf 86' lang='lat' dir='ltr'><em>insultent</em></span> <span class='ocrx_word' id='word_1_421' title='bbox 609 3059 802 3093; x_wconf 63' lang='lat' dir='ltr'><em>hareditas).</em></span> <span class='ocrx_word' id='word_1_422' title='bbox 833 3064 917 3093; x_wconf 83' lang='lat' dir='ltr'><em>Hunc</em></span> <span class='ocrx_word' id='word_1_423' title='bbox 937 3068 981 3093; x_wconf 88' lang='lat' dir='ltr'><em>ita</em></span> <span class='ocrx_word' id='word_1_424' title='bbox 994 3067 1092 3094; x_wconf 85' lang='lat' dir='ltr'><em>animo</em></span> 
     </span>
     <span class='ocr_line' id='line_1_63' title="bbox 224 3109 1092 3152; baseline 0.003 -12"><span class='ocrx_word' id='word_1_425' title='bbox 224 3109 337 3150; x_wconf 78' lang='lat' dir='ltr'><em>demiffit</em></span> <span class='ocrx_word' id='word_1_426' title='bbox 348 3121 478 3144; x_wconf 85' lang='lat' dir='ltr'><em>orantem</em></span> <span class='ocrx_word' id='word_1_427' title='bbox 490 3112 598 3144; x_wconf 81' lang='lat' dir='ltr'><em>videns</em></span> <span class='ocrx_word' id='word_1_428' title='bbox 612 3114 750 3152; x_wconf 77' lang='lat' dir='ltr'><em>Georgius</em></span> <span class='ocrx_word' id='word_1_429' title='bbox 772 3111 932 3152; x_wconf 78' lang='lat' dir='ltr'><em>Ptffidensis</em></span> <span class='ocrx_word' id='word_1_430' title='bbox 945 3110 981 3150; x_wconf 88' lang='lat' dir='ltr'><em>est</em></span> <span class='ocrx_word' id='word_1_431' title='bbox 991 3118 1036 3143; x_wconf 84' lang='lat' dir='ltr'><em>ita</em></span> <span class='ocrx_word' id='word_1_432' title='bbox 1051 3111 1092 3142; x_wconf 85' lang='lat' dir='ltr'><em>al-</em></span> 
     </span>
     <span class='ocr_line' id='line_1_64' title="bbox 223 3159 1093 3204; baseline 0.003 -13"><span class='ocrx_word' id='word_1_433' title='bbox 223 3159 352 3191; x_wconf 81' lang='lat' dir='ltr'><em>locutus:</em></span> <span class='ocrx_word' id='word_1_434' title='bbox 381 3165 512 3204; x_wconf 82' lang='lat' dir='ltr'><em>Nigrum</em></span> <span class='ocrx_word' id='word_1_435' title='bbox 525 3185 535 3200; x_wconf 94' lang='lat'><em>,</em></span> <span class='ocrx_word' id='word_1_436' title='bbox 563 3165 726 3202; x_wconf 82' lang='lat' dir='ltr'><em>Imperator</em></span> <span class='ocrx_word' id='word_1_437' title='bbox 747 3172 824 3193; x_wconf 88' lang='lat' dir='ltr'><em>nunc</em></span> <span class='ocrx_word' id='word_1_438' title='bbox 844 3163 947 3194; x_wconf 82' lang='lat' dir='ltr'><em>indute</em></span> <span class='ocrx_word' id='word_1_439' title='bbox 967 3162 1093 3194; x_wconf 83' lang='lat' dir='ltr'><em>calceum</em></span> 
     </span>
     <span class='ocr_line' id='line_1_65' title="bbox 223 3207 1091 3251; baseline 0.007 -12"><span class='ocrx_word' id='word_1_440' title='bbox 223 3207 411 3250; x_wconf 65' lang='lat' dir='ltr'><em>rubefacta,</em></span> <span class='ocrx_word' id='word_1_441' title='bbox 438 3211 562 3243; x_wconf 67' lang='lat' dir='ltr'><em>tinHum</em></span> <span class='ocrx_word' id='word_1_442' title='bbox 572 3222 669 3245; x_wconf 87' lang='lat' dir='ltr'><em>cruore</em></span> <span class='ocrx_word' id='word_1_443' title='bbox 683 3209 810 3251; x_wconf 78' lang='lat' dir='ltr'><em>Persico.</em></span> <span class='ocrx_word' id='word_1_444' title='bbox 841 3211 881 3244; x_wconf 87' lang='lat' dir='ltr'><em>Et</em></span> <span class='ocrx_word' id='word_1_445' title='bbox 896 3223 945 3244; x_wconf 85' lang='lat' dir='ltr'><em>res</em></span> <span class='ocrx_word' id='word_1_446' title='bbox 970 3212 1014 3245; x_wconf 85' lang='lat' dir='ltr'><em>ita</em></span> <span class='ocrx_word' id='word_1_447' title='bbox 1025 3222 1091 3245; x_wconf 88' lang='lat' dir='ltr'><em>eve-</em></span> 
     </span>
     <span class='ocr_line' id='line_1_66' title="bbox 223 3257 1093 3305; baseline 0.003 -14"><span class='ocrx_word' id='word_1_448' title='bbox 223 3259 273 3291; x_wconf 90' lang='lat' dir='ltr'><em>nit</em></span> <span class='ocrx_word' id='word_1_449' title='bbox 296 3282 301 3288; x_wconf 93' lang='lat'>.</span> <span class='ocrx_word' id='word_1_450' title='bbox 341 3257 526 3293; x_wconf 84' lang='lat' dir='ltr'><em>Graecorum</em></span> <span class='ocrx_word' id='word_1_451' title='bbox 554 3262 695 3305; x_wconf 79' lang='lat' dir='ltr'><em>Augusti</em></span> <span class='ocrx_word' id='word_1_452' title='bbox 717 3261 884 3305; x_wconf 78' lang='lat' dir='ltr'><em>gestabant</em></span> <span class='ocrx_word' id='word_1_453' title='bbox 920 3272 1093 3305; x_wconf 84' lang='lat' dir='ltr'><em>purpureos</em></span> 
     </span>
     <span class='ocr_line' id='line_1_67' title="bbox 222 3307 1092 3354; baseline 0.006 -15"><span class='ocrx_word' id='word_1_454' title='bbox 222 3307 407 3351; x_wconf 82' lang='lat' dir='ltr'><em>Compages</em></span> <span class='ocrx_word' id='word_1_455' title='bbox 426 3333 433 3340; x_wconf 91' lang='lat'>.</span> <span class='ocrx_word' id='word_1_456' title='bbox 461 3309 526 3343; x_wconf 88' lang='lat' dir='ltr'><em>Eos</em></span> <span class='ocrx_word' id='word_1_457' title='bbox 544 3312 634 3344; x_wconf 81' lang='lat' dir='ltr'><em>exuit</em></span> <span class='ocrx_word' id='word_1_458' title='bbox 663 3311 854 3350; x_wconf 82' lang='lat' dir='ltr'><em>Heraclius,</em></span> <span class='ocrx_word' id='word_1_459' title='bbox 882 3311 914 3344; x_wconf 77' lang='grc' dir='ltr'><em>ὃ(</em></span> <span class='ocrx_word' id='word_1_460' title='bbox 936 3322 1092 3354; x_wconf 75' lang='lat' dir='ltr'>tanquam</span> 
     </span>
     <span class='ocr_line' id='line_1_68' title="bbox 222 3357 1031 3403; baseline 0.005 -12"><span class='ocrx_word' id='word_1_461' title='bbox 222 3358 364 3401; x_wconf 84' lang='lat' dir='ltr'><em>privatus</em></span> <span class='ocrx_word' id='word_1_462' title='bbox 374 3357 475 3391; x_wconf 85' lang='lat' dir='ltr'>adivit</span> <span class='ocrx_word' id='word_1_463' title='bbox 488 3359 618 3402; x_wconf 80' lang='lat' dir='ltr'><em>supplex</em></span> <span class='ocrx_word' id='word_1_464' title='bbox 632 3361 790 3396; x_wconf 83' lang='lat' dir='ltr'>Divinam</span> <span class='ocrx_word' id='word_1_465' title='bbox 808 3361 1011 3403; x_wconf 71' lang='lat' dir='ltr'><em>Maiestatem</em></span> <span class='ocrx_word' id='word_1_466' title='bbox 1024 3386 1031 3392; x_wconf 94' lang='lat'>.</span> 
     </span>
     <span class='ocr_line' id='line_1_69' title="bbox 272 3406 1092 3454; baseline 0.005 -14"><span class='ocrx_word' id='word_1_467' title='bbox 272 3408 408 3454; x_wconf 84' lang='lat' dir='ltr'><em>Qanta</em></span> <span class='ocrx_word' id='word_1_468' title='bbox 430 3408 464 3441; x_wconf 84' lang='lat' dir='ltr'><em>fit</em></span> <span class='ocrx_word' id='word_1_469' title='bbox 487 3406 720 3444; x_wconf 67' lang='lat' dir='ltr'><em>benedictionis</em></span> <span class='ocrx_word' id='word_1_470' title='bbox 743 3410 941 3453; x_wconf 83' lang='lat' dir='ltr'><em>Episcopalis</em></span> <span class='ocrx_word' id='word_1_471' title='bbox 970 3412 1092 3451; x_wconf 86' lang='lat' dir='ltr'><em>virtus,</em></span> 
     </span>
     <span class='ocr_line' id='line_1_70' title="bbox 222 3456 1093 3503; baseline 0.003 -13"><span class='ocrx_word' id='word_1_472' title='bbox 222 3456 371 3499; x_wconf 73' lang='lat' dir='ltr'><em>expertus</em></span> <span class='ocrx_word' id='word_1_473' title='bbox 382 3457 444 3490; x_wconf 88' lang='lat' dir='ltr'><em>fuit</em></span> <span class='ocrx_word' id='word_1_474' title='bbox 458 3457 652 3491; x_wconf 81' lang='lat' dir='ltr'><em>Clodovaeus</em></span> <span class='ocrx_word' id='word_1_475' title='bbox 666 3483 676 3498; x_wconf 91' lang='lat'><em>,</em></span> <span class='ocrx_word' id='word_1_476' title='bbox 705 3462 755 3492; x_wconf 88' lang='lat' dir='ltr'><em>seu</em></span> <span class='ocrx_word' id='word_1_477' title='bbox 768 3460 957 3494; x_wconf 87' lang='lat' dir='ltr'><em>Ludovicus</em></span> <span class='ocrx_word' id='word_1_478' title='bbox 972 3463 1093 3503; x_wconf 87' lang='lat' dir='ltr'><em>primus</em></span> 
     </span>
     <span class='ocr_line' id='line_1_71' title="bbox 225 3506 1097 3551; baseline 0.006 -11"><span class='ocrx_word' id='word_1_479' title='bbox 225 3507 420 3540; x_wconf 81' lang='lat' dir='ltr'><em>Francorum</em></span> <span class='ocrx_word' id='word_1_480' title='bbox 436 3507 509 3540; x_wconf 83' lang='lat' dir='ltr'><em>Rex</em></span> <span class='ocrx_word' id='word_1_481' title='bbox 520 3531 531 3547; x_wconf 94' lang='lat'><em>,</em></span> <span class='ocrx_word' id='word_1_482' title='bbox 556 3506 597 3540; x_wconf 89' lang='lat' dir='ltr'><em>de</em></span> <span class='ocrx_word' id='word_1_483' title='bbox 610 3508 719 3551; x_wconf 86' lang='lat' dir='ltr'><em>quoin</em></span> <span class='ocrx_word' id='word_1_484' title='bbox 734 3507 865 3546; x_wconf 87' lang='lat' dir='ltr'>Gothos</span> <span class='ocrx_word' id='word_1_485' title='bbox 876 3520 1007 3548; x_wconf 83' lang='lat' dir='ltr'><em>moturo</em></span> <span class='ocrx_word' id='word_1_486' title='bbox 1029 3511 1097 3546; x_wconf 79' lang='lat' dir='ltr'><em>bel-</em></span> 
     </span>
     <span class='ocr_line' id='line_1_72' title="bbox 297 3555 776 3600; baseline 0.015 -13"><span class='ocrx_word' id='word_1_487' title='bbox 297 3555 406 3596; x_wconf 66' lang='lat' dir='ltr'><em>christ.</em></span> <span class='ocrx_word' id='word_1_488' title='bbox 417 3560 495 3600; x_wconf 83' lang='lat' dir='ltr'>Lupi</span> <span class='ocrx_word' id='word_1_489' title='bbox 512 3561 611 3600; x_wconf 84' lang='lat' dir='ltr'><em>Opera</em></span> <span class='ocrx_word' id='word_1_490' title='bbox 628 3561 707 3594; x_wconf 77' lang='lat' dir='ltr'><em>Tem.</em></span> <span class='ocrx_word' id='word_1_491' title='bbox 720 3559 776 3594; x_wconf 77' lang='lat' dir='ltr'><em>xi.</em></span> 
     </span>
    </p>
   </div>
   <div class='ocr_carea' id='block_1_14' title="bbox 1133 340 1150 477">
    <p class='ocr_par' dir='ltr' id='par_1_14' title="bbox 1133 340 1150 477">
     <span class='ocr_line' id='line_1_73' title="bbox 1133 340 1150 477; baseline 0 -53"><span class='ocrx_word' id='word_1_492' title='bbox 1133 340 1150 477; x_wconf 95' lang='lat' dir='ltr'><em>   </em></span> 
     </span>
    </p>
   </div>
   <div class='ocr_carea' id='block_1_15' title="bbox 1131 696 1147 781">
    <p class='ocr_par' dir='ltr' id='par_1_15' title="bbox 1131 696 1147 781">
     <span class='ocr_line' id='line_1_74' title="bbox 1131 696 1147 781; baseline 0 2955"><span class='ocrx_word' id='word_1_493' title='bbox 1131 696 1147 781; x_wconf 95' lang='lat' dir='ltr'><em> </em></span> 
     </span>
    </p>
   </div>
   <div class='ocr_carea' id='block_1_16' title="bbox 1130 819 1146 932">
    <p class='ocr_par' dir='ltr' id='par_1_16' title="bbox 1130 819 1146 932">
     <span class='ocr_line' id='line_1_75' title="bbox 1130 819 1146 932; baseline 0 -89"><span class='ocrx_word' id='word_1_494' title='bbox 1130 819 1146 932; x_wconf 95' lang='lat' dir='ltr'><em>  </em></span> 
     </span>
    </p>
   </div>
   <div class='ocr_carea' id='block_1_17' title="bbox 1116 979 1144 2197">
    <p class='ocr_par' dir='ltr' id='par_1_17' title="bbox 1116 979 1144 2197">
     <span class='ocr_line' id='line_1_76' title="bbox 1123 979 1144 1245; baseline 0 0"><span class='ocrx_word' id='word_1_495' title='bbox 1123 979 1144 1245; x_wconf 95' lang='lat' dir='ltr'><em>     </em></span> 
     </span>
     <span class='ocr_line' id='line_1_77' title="bbox 1116 1245 1141 2197; baseline 0 -863"><span class='ocrx_word' id='word_1_496' title='bbox 1116 1245 1141 2197; x_wconf 95' lang='lat' dir='ltr'><em>  </em></span> 
     </span>
    </p>
   </div>
   <div class='ocr_carea' id='block_1_18' title="bbox 1930 203 2022 248">
    <p class='ocr_par' dir='ltr' id='par_1_18' title="bbox 1930 203 2022 248">
     <span class='ocr_line' id='line_1_78' title="bbox 1930 203 2022 248; baseline -0.022 0"><span class='ocrx_word' id='word_1_497' title='bbox 1930 203 2022 248; x_wconf 84' lang='lat'><em>137</em></span> 
     </span>
    </p>
   </div>
   <div class='ocr_carea' id='block_1_19' title="bbox 1186 262 2054 410">
    <p class='ocr_par' dir='ltr' id='par_1_19' title="bbox 1186 262 2054 410">
     <span class='ocr_line' id='line_1_79' title="bbox 1188 262 2053 305; baseline 0.009 -8"><span class='ocrx_word' id='word_1_498' title='bbox 1188 264 1254 299; x_wconf 86' lang='lat' dir='ltr'><em>lum</em></span> <span class='ocrx_word' id='word_1_499' title='bbox 1277 267 1388 302; x_wconf 88' lang='lat' dir='ltr'>scribit</span> <span class='ocrx_word' id='word_1_500' title='bbox 1414 267 1448 301; x_wconf 92' lang='lat' dir='ltr'><em>in</em></span> <span class='ocrx_word' id='word_1_501' title='bbox 1470 269 1637 303; x_wconf 85' lang='lat' dir='ltr'><em>Remenfis</em></span> <span class='ocrx_word' id='word_1_502' title='bbox 1658 268 1804 303; x_wconf 78' lang='lat' dir='ltr'><em>Ecclefiae</em></span> <span class='ocrx_word' id='word_1_503' title='bbox 1825 262 1960 302; x_wconf 76' lang='lat' dir='ltr'>historia</span> <span class='ocrx_word' id='word_1_504' title='bbox 1974 271 2053 305; x_wconf 83' lang='lat' dir='ltr'><em>Flo-</em></span> 
     </span>
     <span class='ocr_line' id='line_1_80' title="bbox 1186 315 2053 360; baseline 0.006 -12"><span class='ocrx_word' id='word_1_505' title='bbox 1186 315 1325 350; x_wconf 83' lang='lat' dir='ltr'><em>doardus</em></span> <span class='ocrx_word' id='word_1_506' title='bbox 1347 317 1537 359; x_wconf 78' lang='lat' dir='ltr'><em>Presbyter:</em></span> <span class='ocrx_word' id='word_1_507' title='bbox 1568 320 1735 351; x_wconf 84' lang='lat' dir='ltr'><em>Ludovicus</em></span> <span class='ocrx_word' id='word_1_508' title='bbox 1747 324 1891 360; x_wconf 82' lang='lat' dir='ltr'><em>accipiens</em></span> <span class='ocrx_word' id='word_1_509' title='bbox 1917 319 1937 350; x_wconf 81' lang='grc' dir='ltr'><em>ἃ</em></span> <span class='ocrx_word' id='word_1_510' title='bbox 1960 321 2053 355; x_wconf 82' lang='lat' dir='ltr'><em>Beato</em></span> 
     </span>
     <span class='ocr_line' id='line_1_81' title="bbox 1186 366 2054 410; baseline 0.008 -13"><span class='ocrx_word' id='word_1_511' title='bbox 1186 369 1317 410; x_wconf 81' lang='lat' dir='ltr'><em>Remigio</em></span> <span class='ocrx_word' id='word_1_512' title='bbox 1328 366 1559 401; x_wconf 78' lang='lat' dir='ltr'><em>benedic‘lionem</em></span> <span class='ocrx_word' id='word_1_513' title='bbox 1569 390 1579 406; x_wconf 91' lang='lat'><em>,</em></span> <span class='ocrx_word' id='word_1_514' title='bbox 1604 371 1742 401; x_wconf 83' lang='lat' dir='ltr'><em>redditur</em></span> <span class='ocrx_word' id='word_1_515' title='bbox 1755 370 1791 402; x_wconf 89' lang='lat' dir='ltr'><em>de</em></span> <span class='ocrx_word' id='word_1_516' title='bbox 1803 367 1939 401; x_wconf 64' lang='lat' dir='ltr'><em>vidoriae</em></span> <span class='ocrx_word' id='word_1_517' title='bbox 1954 377 2054 410; x_wconf 84' lang='lat' dir='ltr'><em>perce·</em></span> 
     </span>
    </p>
   </div>
   <div class='ocr_carea' id='block_1_20' title="bbox 1179 466 2059 1059">
    <p class='ocr_par' dir='ltr' id='par_1_20' title="bbox 1179 466 2059 1059">
     <span class='ocr_line' id='line_1_82' title="bbox 1186 466 2054 510; baseline 0.007 -13"><span class='ocrx_word' id='word_1_518' title='bbox 1186 467 1253 498; x_wconf 91' lang='lat' dir='ltr'><em>dem</em></span> <span class='ocrx_word' id='word_1_519' title='bbox 1269 466 1410 507; x_wconf 75' lang='lat' dir='ltr'><em>ficerat,</em></span> <span class='ocrx_word' id='word_1_520' title='bbox 1436 479 1495 501; x_wconf 85' lang='lat' dir='ltr'><em>vas</em></span> <span class='ocrx_word' id='word_1_521' title='bbox 1519 468 1599 508; x_wconf 84' lang='lat' dir='ltr'><em>quod</em></span> <span class='ocrx_word' id='word_1_522' title='bbox 1619 468 1706 510; x_wconf 72' lang='lat' dir='ltr'><em>vulgo</em></span> <span class='ocrx_word' id='word_1_523' title='bbox 1732 467 1903 510; x_wconf 81' lang='lat' dir='ltr'><em>Flasconem</em></span> <span class='ocrx_word' id='word_1_524' title='bbox 1923 479 2054 510; x_wconf 81' lang='lat' dir='ltr'><em>vocant,</em></span> 
     </span>
     <span class='ocr_line' id='line_1_83' title="bbox 1186 515 2059 563; baseline 0.006 -15"><span class='ocrx_word' id='word_1_525' title='bbox 1186 518 1282 548; x_wconf 72' lang='lat' dir='ltr'>vinici</span> <span class='ocrx_word' id='word_1_526' title='bbox 1297 516 1330 559; x_wconf 87' lang='lat' dir='ltr'><em>se</em></span> <span class='ocrx_word' id='word_1_527' title='bbox 1345 517 1489 550; x_wconf 76' lang='lat' dir='ltr'><em>benedlc‘i&#39;i</em></span> <span class='ocrx_word' id='word_1_528' title='bbox 1507 517 1630 557; x_wconf 86' lang='lat' dir='ltr'><em>plenum</em></span> <span class='ocrx_word' id='word_1_529' title='bbox 1651 520 1735 549; x_wconf 83' lang='lat' dir='ltr'><em>dedit</em></span> <span class='ocrx_word' id='word_1_530' title='bbox 1748 515 1834 556; x_wconf 80' lang='lat' dir='ltr'><em>,&#39;hoc</em></span> <span class='ocrx_word' id='word_1_531' title='bbox 1851 521 1950 557; x_wconf 74' lang='lat' dir='ltr'><em>idem,</em></span> <span class='ocrx_word' id='word_1_532' title='bbox 1975 521 2059 563; x_wconf 79' lang='lat' dir='ltr'><em>quod</em></span> 
     </span>
     <span class='ocr_line' id='line_1_84' title="bbox 1186 564 2058 610; baseline 0.007 -14"><span class='ocrx_word' id='word_1_533' title='bbox 1186 567 1297 606; x_wconf 61' lang='lat' dir='ltr'><em>anmi,</em></span> <span class='ocrx_word' id='word_1_534' title='bbox 1326 570 1481 600; x_wconf 81' lang='lat' dir='ltr'><em>mandans</em></span> <span class='ocrx_word' id='word_1_535' title='bbox 1503 575 1536 600; x_wconf 87' lang='lat' dir='ltr'><em>ut</em></span> <span class='ocrx_word' id='word_1_536' title='bbox 1547 568 1578 598; x_wconf 73' lang='lat' dir='ltr'><em>eb</em></span> <span class='ocrx_word' id='word_1_537' title='bbox 1590 564 1675 608; x_wconf 84' lang='lat' dir='ltr'><em>usque</em></span> <span class='ocrx_word' id='word_1_538' title='bbox 1697 568 1739 598; x_wconf 76' lang='lat' dir='ltr'><em>ad</em></span> <span class='ocrx_word' id='word_1_539' title='bbox 1747 567 1851 600; x_wconf 85' lang='lat' dir='ltr'><em>bellum</em></span> <span class='ocrx_word' id='word_1_540' title='bbox 1869 570 2058 610; x_wconf 84' lang='lat' dir='ltr'><em>procederet,</em></span> 
     </span>
     <span class='ocr_line' id='line_1_85' title="bbox 1187 614 2058 660; baseline 0.006 -13"><span class='ocrx_word' id='word_1_541' title='bbox 1187 617 1275 648; x_wconf 86' lang='lat' dir='ltr'><em>donec</em></span> <span class='ocrx_word' id='word_1_542' title='bbox 1290 614 1345 656; x_wconf 74' lang='lat' dir='ltr'><em>fibi</em></span> <span class='ocrx_word' id='word_1_543' title='bbox 1362 615 1479 660; x_wconf 77' lang='lat' dir='ltr'><em>suisque</em></span> <span class='ocrx_word' id='word_1_544' title='bbox 1491 641 1500 656; x_wconf 96' lang='lat'><em>,</em></span> <span class='ocrx_word' id='word_1_545' title='bbox 1527 614 1632 658; x_wconf 78' lang='lat' dir='ltr'><em>quibus</em></span> <span class='ocrx_word' id='word_1_546' title='bbox 1651 627 1688 648; x_wconf 84' lang='lat' dir='ltr'><em>ex</em></span> <span class='ocrx_word' id='word_1_547' title='bbox 1701 619 1769 649; x_wconf 65' lang='lat' dir='ltr'><em>inde*</em></span> <span class='ocrx_word' id='word_1_548' title='bbox 1780 618 1852 650; x_wconf 83' lang='lat' dir='ltr'><em>dare</em></span> <span class='ocrx_word' id='word_1_549' title='bbox 1872 621 1958 651; x_wconf 81' lang='lat' dir='ltr'><em>veliet</em></span> <span class='ocrx_word' id='word_1_550' title='bbox 1971 645 1981 659; x_wconf 90' lang='lat'><em>,</em></span> <span class='ocrx_word' id='word_1_551' title='bbox 2008 620 2058 654; x_wconf 86' lang='lat' dir='ltr'><em>boc</em></span> 
     </span>
     <span class='ocr_line' id='line_1_86' title="bbox 1186 664 2058 712; baseline 0.003 -15"><span class='ocrx_word' id='word_1_552' title='bbox 1186 666 1291 698; x_wconf 67' lang='lat' dir='ltr'><em>vinum</em></span> <span class='ocrx_word' id='word_1_553' title='bbox 1301 667 1338 700; x_wconf 85' lang='lat' dir='ltr'><em>de</em></span> <span class='ocrx_word' id='word_1_554' title='bbox 1351 667 1495 709; x_wconf 68' lang='lat' dir='ltr'><em>praedillo</em></span> <span class='ocrx_word' id='word_1_555' title='bbox 1504 664 1626 709; x_wconf 82' lang='lat' dir='ltr'><em>flascone</em></span> <span class='ocrx_word' id='word_1_556' title='bbox 1647 676 1702 697; x_wconf 88' lang='lat' dir='ltr'><em>non</em></span> <span class='ocrx_word' id='word_1_557' title='bbox 1714 668 1866 705; x_wconf 79' lang='lat' dir='ltr'><em>deficeret.</em></span> <span class='ocrx_word' id='word_1_558' title='bbox 1897 668 1982 699; x_wconf 83' lang='lat' dir='ltr'>Bibit</span> <span class='ocrx_word' id='word_1_559' title='bbox 2003 675 2058 712; x_wconf 77' lang='lat' dir='ltr'>igi-</span> 
     </span>
     <span class='ocr_line' id='line_1_87' title="bbox 1186 713 2059 759; baseline 0.006 -13"><span class='ocrx_word' id='word_1_560' title='bbox 1186 724 1235 747; x_wconf 90' lang='lat' dir='ltr'><em>tur</em></span> <span class='ocrx_word' id='word_1_561' title='bbox 1245 718 1311 750; x_wconf 82' lang='lat' dir='ltr'><em>Rex</em></span> <span class='ocrx_word' id='word_1_562' title='bbox 1334 728 1433 759; x_wconf 78' lang='lat' dir='ltr'><em>exeo,</em></span> <span class='ocrx_word' id='word_1_563' title='bbox 1457 714 1614 759; x_wconf 86' lang='lat' dir='ltr'><em>pluresque</em></span> <span class='ocrx_word' id='word_1_564' title='bbox 1631 713 1769 758; x_wconf 86' lang='lat' dir='ltr'><em>suorum·,</em></span> <span class='ocrx_word' id='word_1_565' title='bbox 1797 728 1854 749; x_wconf 84' lang='lat' dir='ltr'><em>vas</em></span> <span class='ocrx_word' id='word_1_566' title='bbox 1868 725 1966 749; x_wconf 86' lang='lat' dir='ltr'><em>tamen</em></span> <span class='ocrx_word' id='word_1_567' title='bbox 1989 725 2059 752; x_wconf 78' lang='lat' dir='ltr'>vini</span> 
     </span>
     <span class='ocr_line' id='line_1_88' title="bbox 1186 766 2058 807; baseline 0.002 -9"><span class='ocrx_word' id='word_1_568' title='bbox 1186 776 1242 798; x_wconf 79' lang='lat' dir='ltr'><em>non</em></span> <span class='ocrx_word' id='word_1_569' title='bbox 1260 772 1380 807; x_wconf 82' lang='lat' dir='ltr'><em>patitur</em></span> <span class='ocrx_word' id='word_1_570' title='bbox 1403 770 1630 801; x_wconf 82' lang='lat' dir='ltr'><em>detrimentum.</em></span> <span class='ocrx_word' id='word_1_571' title='bbox 1660 766 1775 798; x_wconf 87' lang='lat' dir='ltr'><em>Bellum</em></span> <span class='ocrx_word' id='word_1_572' title='bbox 1786 769 1856 799; x_wconf 72' lang='lat' dir='ltr'><em>vero</em></span> <span class='ocrx_word' id='word_1_573' title='bbox 1877 777 1940 798; x_wconf 87' lang='lat' dir='ltr'><em>cum</em></span> <span class='ocrx_word' id='word_1_574' title='bbox 1953 766 2058 800; x_wconf 81' lang='lat' dir='ltr'><em>Gothis</em></span> 
     </span>
     <span class='ocr_line' id='line_1_89' title="bbox 1185 814 2058 860; baseline 0.005 -14"><span class='ocrx_word' id='word_1_575' title='bbox 1185 814 1334 857; x_wconf 86' lang='lat' dir='ltr'><em>conserens</em></span> <span class='ocrx_word' id='word_1_576' title='bbox 1347 842 1358 856; x_wconf 90' lang='lat'>‚</span> <span class='ocrx_word' id='word_1_577' title='bbox 1385 829 1430 851; x_wconf 86' lang='lat' dir='ltr'><em>eos</em></span> <span class='ocrx_word' id='word_1_578' title='bbox 1445 823 1477 849; x_wconf 83' lang='lat' dir='ltr'><em>in</em></span> <span class='ocrx_word' id='word_1_579' title='bbox 1484 815 1590 860; x_wconf 85' lang='lat' dir='ltr'><em>fugam</em></span> <span class='ocrx_word' id='word_1_580' title='bbox 1602 822 1697 849; x_wconf 82' lang='lat' dir='ltr'><em>vertit</em></span> <span class='ocrx_word' id='word_1_581' title='bbox 1712 840 1721 855; x_wconf 93' lang='lat'>‚</span> <span class='ocrx_word' id='word_1_582' title='bbox 1748 818 1780 848; x_wconf 74' lang='lat'><em>&lt;⁴7</em></span> <span class='ocrx_word' id='word_1_583' title='bbox 1793 814 1851 858; x_wconf 81' lang='lat' dir='ltr'><em>ipse</em></span> <span class='ocrx_word' id='word_1_584' title='bbox 1861 840 1870 855; x_wconf 94' lang='lat'><em>,</em></span> <span class='ocrx_word' id='word_1_585' title='bbox 1899 819 1991 849; x_wconf 80' lang='lat' dir='ltr'><em>Beato</em></span> <span class='ocrx_word' id='word_1_586' title='bbox 2003 822 2058 850; x_wconf 90' lang='lat' dir='ltr'><em>Re-</em></span> 
     </span>
     <span class='ocr_line' id='line_1_90' title="bbox 1184 865 2058 911; baseline 0.006 -16"><span class='ocrx_word' id='word_1_587' title='bbox 1184 872 1272 908; x_wconf 81' lang='lat' dir='ltr'>migio</span> <span class='ocrx_word' id='word_1_588' title='bbox 1294 865 1507 911; x_wconf 46' lang='lat' dir='ltr'><em>suff-aganus</em></span> <span class='ocrx_word' id='word_1_589' title='bbox 1528 866 1623 899; x_wconf 63' lang='lat' dir='ltr'><em>villar</em></span> <span class='ocrx_word' id='word_1_590' title='bbox 1649 865 1759 905; x_wconf 81' lang='lat' dir='ltr'><em>exstitit</em></span> <span class='ocrx_word' id='word_1_591' title='bbox 1775 890 1782 896; x_wconf 88' lang='lat'><strong>.</strong></span> <span class='ocrx_word' id='word_1_592' title='bbox 1815 870 1851 898; x_wconf 78' lang='lat' dir='ltr'><em>In</em></span> <span class='ocrx_word' id='word_1_593' title='bbox 1874 877 1932 906; x_wconf 82' lang='lat' dir='ltr'><em>qua</em></span> <span class='ocrx_word' id='word_1_594' title='bbox 1956 873 2058 910; x_wconf 83' lang='lat' dir='ltr'><em>pugn&#39;a</em></span> 
     </span>
     <span class='ocr_line' id='line_1_91' title="bbox 1183 915 2058 957; baseline 0.003 -11"><span class='ocrx_word' id='word_1_595' title='bbox 1183 915 1251 946; x_wconf 88' lang='lat' dir='ltr'><em>dum</em></span> <span class='ocrx_word' id='word_1_596' title='bbox 1264 917 1321 949; x_wconf 88' lang='lat' dir='ltr'><em>duo</em></span> <span class='ocrx_word' id='word_1_597' title='bbox 1340 917 1430 950; x_wconf 84' lang='lat' dir='ltr'><em>Gothi</em></span> <span class='ocrx_word' id='word_1_598' title='bbox 1455 920 1550 949; x_wconf 77' lang='lat' dir='ltr'><em>contis</em></span> <span class='ocrx_word' id='word_1_599' title='bbox 1563 928 1628 949; x_wconf 89' lang='lat' dir='ltr'><em>eum</em></span> <span class='ocrx_word' id='word_1_600' title='bbox 1642 922 1673 947; x_wconf 84' lang='lat' dir='ltr'><em>in</em></span> <span class='ocrx_word' id='word_1_601' title='bbox 1692 916 1789 948; x_wconf 85' lang='lat' dir='ltr'><em>latera</em></span> <span class='ocrx_word' id='word_1_602' title='bbox 1801 915 1943 957; x_wconf 86' lang='lat' dir='ltr'><em>feriunt,</em></span> <span class='ocrx_word' id='word_1_603' title='bbox 1969 916 2058 957; x_wconf 87' lang='lat' dir='ltr'><em>hujus</em></span> 
     </span>
     <span class='ocr_line' id='line_1_92' title="bbox 1179 965 2057 1010; baseline 0.006 -15"><span class='ocrx_word' id='word_1_604' title='bbox 1179 972 1301 1006; x_wconf 79' lang='lat' dir='ltr'><em>patroni</em></span> <span class='ocrx_word' id='word_1_605' title='bbox 1317 965 1367 1009; x_wconf 79' lang='lat' dir='ltr'><em>sui</em></span> <span class='ocrx_word' id='word_1_606' title='bbox 1383 966 1415 1010; x_wconf 90' lang='lat' dir='ltr'><em>se</em></span> <span class='ocrx_word' id='word_1_607' title='bbox 1432 965 1675 1009; x_wconf 80' lang='lat' dir='ltr'><em>prosequentibus</em></span> <span class='ocrx_word' id='word_1_608' title='bbox 1687 971 1824 1004; x_wconf 74' lang='lat' dir='ltr'><em>meritis,</em></span> <span class='ocrx_word' id='word_1_609' title='bbox 1851 966 1934 998; x_wconf 75' lang='lat' dir='ltr'><em>illum</em></span> <span class='ocrx_word' id='word_1_610' title='bbox 1945 968 2057 1000; x_wconf 85' lang='lat' dir='ltr'><em>caedere</em></span> 
     </span>
     <span class='ocr_line' id='line_1_93' title="bbox 1184 1014 2057 1059; baseline 0.003 -12"><span class='ocrx_word' id='word_1_611' title='bbox 1184 1023 1380 1056; x_wconf 80' lang='lat' dir='ltr'><em>nequiverunt</em></span> <span class='ocrx_word' id='word_1_612' title='bbox 1396 1041 1404 1049; x_wconf 84' lang='lat'><strong>.</strong></span> <span class='ocrx_word' id='word_1_613' title='bbox 1429 1017 1532 1049; x_wconf 83' lang='lat' dir='ltr'><em>Multis</em></span> <span class='ocrx_word' id='word_1_614' title='bbox 1544 1025 1641 1049; x_wconf 87' lang='lat' dir='ltr'><em>autem</em></span> <span class='ocrx_word' id='word_1_615' title='bbox 1656 1016 1849 1048; x_wconf 80' lang='lat' dir='ltr'><em>Civitatibus</em></span> <span class='ocrx_word' id='word_1_616' title='bbox 1862 1018 1976 1048; x_wconf 81' lang='lat' dir='ltr'>Ditioni</span> <span class='ocrx_word' id='word_1_617' title='bbox 1995 1014 2057 1059; x_wconf 79' lang='lat' dir='ltr'><em>suae</em></span> 
     </span>
    </p>
   </div>
   <div class='ocr_carea' id='block_1_21' title="bbox 1178 1063 2107 1110">
    <p class='ocr_par' dir='ltr' id='par_1_21' title="bbox 1178 1063 2107 1110">
     <span class='ocr_line' id='line_1_94' title="bbox 1178 1063 2107 1110; baseline 0.002 -13"><span class='ocrx_word' id='word_1_618' title='bbox 1178 1063 1307 1108; x_wconf 67' lang='lat' dir='ltr'><em>subaelts</em></span> <span class='ocrx_word' id='word_1_619' title='bbox 1328 1065 1419 1110; x_wconf 90' lang='lat' dir='ltr'><em>usque</em></span> <span class='ocrx_word' id='word_1_620' title='bbox 1431 1064 1583 1109; x_wconf 82' lang='lat' dir='ltr'><em>Tholosam</em></span> <span class='ocrx_word' id='word_1_621' title='bbox 1602 1072 1755 1107; x_wconf 74' lang='lat' dir='ltr'><em>perrexit,</em></span> <span class='ocrx_word' id='word_1_622' title='bbox 1783 1067 1816 1100; x_wconf 66' lang='lat' dir='ltr'><em>cb·</em></span> <span class='ocrx_word' id='word_1_623' title='bbox 1829 1067 1937 1098; x_wconf 72' lang='lat' dir='ltr'><em>Alarici</em></span> <span class='ocrx_word' id='word_1_624' title='bbox 1950 1066 2058 1099; x_wconf 82' lang='lat' dir='ltr'><em>Gotho·</em></span> <span class='ocrx_word' id='word_1_625' title='bbox 2104 1064 2107 1067; x_wconf 62' lang='grc'><strong>’</strong></span> 
     </span>
    </p>
   </div>
   <div class='ocr_carea' id='block_1_22' title="bbox 1149 1115 2058 3605">
    <p class='ocr_par' dir='ltr' id='par_1_22' title="bbox 1161 1115 2058 2059">
     <span class='ocr_line' id='line_1_95' title="bbox 1182 1115 2056 1160; baseline 0.001 -13"><span class='ocrx_word' id='word_1_626' title='bbox 1182 1128 1246 1148; x_wconf 89' lang='lat' dir='ltr'><em>rum</em></span> <span class='ocrx_word' id='word_1_627' title='bbox 1259 1120 1351 1160; x_wconf 79' lang='lat' dir='ltr'><em>Regis</em></span> <span class='ocrx_word' id='word_1_628' title='bbox 1378 1115 1529 1160; x_wconf 82' lang='lat' dir='ltr'><em>thesauros</em></span> <span class='ocrx_word' id='word_1_629' title='bbox 1542 1122 1686 1157; x_wconf 82' lang='lat' dir='ltr'><em>accipiens</em></span> <span class='ocrx_word' id='word_1_630' title='bbox 1698 1140 1708 1155; x_wconf 93' lang='lat'><em>‚</em></span> <span class='ocrx_word' id='word_1_631' title='bbox 1731 1124 1788 1157; x_wconf 89' lang='lat' dir='ltr'><em>per</em></span> <span class='ocrx_word' id='word_1_632' title='bbox 1799 1115 2002 1158; x_wconf 81' lang='lat' dir='ltr'><em>Engolismam</em></span> <span class='ocrx_word' id='word_1_633' title='bbox 2018 1121 2056 1149; x_wconf 76' lang='lat' dir='ltr'><em>ct·</em></span> 
     </span>
     <span class='ocr_line' id='line_1_96' title="bbox 1180 1165 2055 1208; baseline 0.001 -10"><span class='ocrx_word' id='word_1_634' title='bbox 1180 1173 1308 1199; x_wconf 83' lang='lat' dir='ltr'><em>vitatem</em></span> <span class='ocrx_word' id='word_1_635' title='bbox 1320 1191 1329 1206; x_wconf 91' lang='lat'><em>,</em></span> <span class='ocrx_word' id='word_1_636' title='bbox 1357 1169 1440 1208; x_wconf 75' lang='lat' dir='ltr'><em>cujus</em></span> <span class='ocrx_word' id='word_1_637' title='bbox 1460 1177 1531 1201; x_wconf 74' lang='lat' dir='ltr'><em>ante</em></span> <span class='ocrx_word' id='word_1_638' title='bbox 1541 1165 1720 1208; x_wconf 58' lang='lat' dir='ltr'><em>conspectum</em></span> <span class='ocrx_word' id='word_1_639' title='bbox 1748 1166 1836 1207; x_wconf 76' lang='lat' dir='ltr'><em>tpfius</em></span> <span class='ocrx_word' id='word_1_640' title='bbox 1849 1172 1927 1199; x_wconf 77' lang='lat' dir='ltr'><em>murt·</em></span> <span class='ocrx_word' id='word_1_641' title='bbox 1947 1178 2055 1199; x_wconf 83' lang='lat' dir='ltr'><em>corrue-</em></span> 
     </span>
     <span class='ocr_line' id='line_1_97' title="bbox 1180 1215 2056 1259; baseline 0.002 -12"><span class='ocrx_word' id='word_1_642' title='bbox 1180 1225 1252 1248; x_wconf 88' lang='lat' dir='ltr'><em>runt</em></span> <span class='ocrx_word' id='word_1_643' title='bbox 1266 1240 1276 1255; x_wconf 93' lang='lat'><em>,</em></span> <span class='ocrx_word' id='word_1_644' title='bbox 1298 1217 1464 1259; x_wconf 57' lang='lat' dir='ltr'><em>intersedit</em></span> <span class='ocrx_word' id='word_1_645' title='bbox 1493 1215 1600 1249; x_wconf 82' lang='lat' dir='ltr'><em>Gothis</em></span> <span class='ocrx_word' id='word_1_646' title='bbox 1621 1221 1672 1257; x_wconf 78' lang='lat' dir='ltr'><em>qui</em></span> <span class='ocrx_word' id='word_1_647' title='bbox 1694 1226 1782 1248; x_wconf 84' lang='lat' dir='ltr'><em>erant</em></span> <span class='ocrx_word' id='word_1_648' title='bbox 1803 1217 1904 1254; x_wconf 73' lang='lat' dir='ltr'><em>intus,</em></span> <span class='ocrx_word' id='word_1_649' title='bbox 1929 1217 1972 1248; x_wconf 85' lang='lat' dir='ltr'><em>ad</em></span> <span class='ocrx_word' id='word_1_650' title='bbox 1987 1225 2056 1258; x_wconf 88' lang='lat' dir='ltr'><em>pro·</em></span> 
     </span>
     <span class='ocr_line' id='line_1_98' title="bbox 1174 1264 2055 1310; baseline 0.001 -12"><span class='ocrx_word' id='word_1_651' title='bbox 1174 1271 1250 1307; x_wconf 79' lang='lat' dir='ltr'><em>pria</em></span> <span class='ocrx_word' id='word_1_652' title='bbox 1262 1276 1327 1298; x_wconf 90' lang='lat' dir='ltr'><em>cum</em></span> <span class='ocrx_word' id='word_1_653' title='bbox 1342 1265 1469 1310; x_wconf 80' lang='lat' dir='ltr'><em>gloriosa</em></span> <span class='ocrx_word' id='word_1_654' title='bbox 1481 1268 1560 1299; x_wconf 82' lang='lat' dir='ltr'><em>redit</em></span> <span class='ocrx_word' id='word_1_655' title='bbox 1583 1266 1710 1299; x_wconf 59' lang='lat' dir='ltr'><em>victoria</em></span> <span class='ocrx_word' id='word_1_656' title='bbox 1723 1289 1733 1304; x_wconf 93' lang='lat'><em>,</em></span> <span class='ocrx_word' id='word_1_657' title='bbox 1760 1270 1832 1299; x_wconf 83' lang='lat' dir='ltr'><em>vino</em></span> <span class='ocrx_word' id='word_1_658' title='bbox 1841 1264 1976 1308; x_wconf 81' lang='lat' dir='ltr'><em>flasconis</em></span> <span class='ocrx_word' id='word_1_659' title='bbox 1997 1278 2055 1299; x_wconf 82' lang='lat' dir='ltr'><em>non</em></span> 
     </span>
     <span class='ocr_line' id='line_1_99' title="bbox 1178 1314 2056 1358; baseline 0.002 -11"><span class='ocrx_word' id='word_1_660' title='bbox 1178 1315 1331 1357; x_wconf 82' lang='lat' dir='ltr'><em>deficiente</em></span> <span class='ocrx_word' id='word_1_661' title='bbox 1344 1341 1354 1356; x_wconf 92' lang='lat'><em>,</em></span> <span class='ocrx_word' id='word_1_662' title='bbox 1374 1317 1461 1348; x_wconf 90' lang='lat' dir='ltr'><em>donec</em></span> <span class='ocrx_word' id='word_1_663' title='bbox 1484 1314 1620 1357; x_wconf 84' lang='lat' dir='ltr'><em>reversus</em></span> <span class='ocrx_word' id='word_1_664' title='bbox 1647 1315 1685 1354; x_wconf 88' lang='lat' dir='ltr'><em>est</em></span> <span class='ocrx_word' id='word_1_665' title='bbox 1696 1321 1730 1347; x_wconf 83' lang='lat' dir='ltr'><em>t&#39;n</em></span> <span class='ocrx_word' id='word_1_666' title='bbox 1745 1314 1804 1356; x_wconf 90' lang='lat' dir='ltr'><em>sua</em></span> <span class='ocrx_word' id='word_1_667' title='bbox 1817 1339 1824 1346; x_wconf 90' lang='lat'><strong><em>.</em></strong></span> <span class='ocrx_word' id='word_1_668' title='bbox 1855 1316 2056 1358; x_wconf 80' lang='lat' dir='ltr'>Episcopalis</span> 
     </span>
     <span class='ocr_line' id='line_1_100' title="bbox 1178 1364 2058 1399; baseline 0.003 -3"><span class='ocrx_word' id='word_1_669' title='bbox 1178 1364 1327 1398; x_wconf 84' lang='lat' dir='ltr'>Militum</span> <span class='ocrx_word' id='word_1_670' title='bbox 1342 1364 1523 1398; x_wconf 60' lang='lat' dir='ltr'><em>benedictio</em></span> <span class='ocrx_word' id='word_1_671' title='bbox 1546 1365 1622 1397; x_wconf 89' lang='lat' dir='ltr'><em>fecit</em></span> <span class='ocrx_word' id='word_1_672' title='bbox 1636 1375 1703 1396; x_wconf 89' lang='lat' dir='ltr'><em>non</em></span> <span class='ocrx_word' id='word_1_673' title='bbox 1727 1364 1935 1397; x_wconf 80' lang='lat' dir='ltr'><em>solummodo</em></span> <span class='ocrx_word' id='word_1_674' title='bbox 1945 1365 2058 1399; x_wconf 82' lang='lat' dir='ltr'>civita-</span> 
     </span>
     <span class='ocr_line' id='line_1_101' title="bbox 1177 1414 2055 1458; baseline 0.001 -11"><span class='ocrx_word' id='word_1_675' title='bbox 1177 1424 1224 1447; x_wconf 87' lang='lat' dir='ltr'><em>tes</em></span> <span class='ocrx_word' id='word_1_676' title='bbox 1236 1415 1306 1458; x_wconf 89' lang='lat' dir='ltr'>capi</span> <span class='ocrx_word' id='word_1_677' title='bbox 1320 1439 1330 1455; x_wconf 90' lang='lat'><em>,</em></span> <span class='ocrx_word' id='word_1_678' title='bbox 1357 1415 1408 1448; x_wconf 86' lang='lat' dir='ltr'><em>sed</em></span> <span class='ocrx_word' id='word_1_679' title='bbox 1432 1416 1466 1448; x_wconf 89' lang='lat'>&amp;</span> <span class='ocrx_word' id='word_1_680' title='bbox 1490 1424 1599 1448; x_wconf 88' lang='lat' dir='ltr'><em>muros</em></span> <span class='ocrx_word' id='word_1_681' title='bbox 1613 1414 1681 1446; x_wconf 77' lang='lat' dir='ltr'><em>fine</em></span> <span class='ocrx_word' id='word_1_682' title='bbox 1692 1414 1864 1446; x_wconf 86' lang='lat' dir='ltr'><em>tormentis</em></span> <span class='ocrx_word' id='word_1_683' title='bbox 1886 1425 2055 1448; x_wconf 80' lang='lat' dir='ltr'><em>corruere.</em></span> 
     </span>
     <span class='ocr_line' id='line_1_102' title="bbox 1178 1462 2056 1507; baseline 0.001 -10"><span class='ocrx_word' id='word_1_684' title='bbox 1178 1464 1386 1498; x_wconf 61' lang='lat' dir='ltr'><em>Benediiium</em></span> <span class='ocrx_word' id='word_1_685' title='bbox 1408 1466 1522 1498; x_wconf 89' lang='lat' dir='ltr'><em>vinum</em></span> <span class='ocrx_word' id='word_1_686' title='bbox 1547 1474 1614 1497; x_wconf 84' lang='lat' dir='ltr'><em>erat</em></span> <span class='ocrx_word' id='word_1_687' title='bbox 1627 1463 1712 1506; x_wconf 84' lang='lat' dir='ltr'><em>quafi</em></span> <span class='ocrx_word' id='word_1_688' title='bbox 1736 1462 1877 1507; x_wconf 70' lang='lat' dir='ltr'>sigillum</span> <span class='ocrx_word' id='word_1_689' title='bbox 1901 1463 1992 1498; x_wconf 86' lang='lat' dir='ltr'>istius</span> <span class='ocrx_word' id='word_1_690' title='bbox 2004 1464 2056 1498; x_wconf 87' lang='lat' dir='ltr'><em>be-</em></span> 
     </span>
     <span class='ocr_line' id='line_1_103' title="bbox 1163 1513 2055 1558; baseline 0.002 -11"><span class='ocrx_word' id='word_1_691' title='bbox 1163 1515 1371 1553; x_wconf 20' lang='lat' dir='ltr'><em>,nedistionis</em></span> <span class='ocrx_word' id='word_1_692' title='bbox 1382 1540 1389 1547; x_wconf 94' lang='lat'>.</span> <span class='ocrx_word' id='word_1_693' title='bbox 1419 1516 1461 1548; x_wconf 84' lang='lat' dir='ltr'><em>Et</em></span> <span class='ocrx_word' id='word_1_694' title='bbox 1473 1514 1539 1557; x_wconf 82' lang='lat' dir='ltr'><em>ejus</em></span> <span class='ocrx_word' id='word_1_695' title='bbox 1553 1515 1706 1547; x_wconf 87' lang='lat' dir='ltr'><em>virtutem</em></span> <span class='ocrx_word' id='word_1_696' title='bbox 1718 1513 1942 1548; x_wconf 84' lang='lat' dir='ltr'><em>demonstrant</em></span> <span class='ocrx_word' id='word_1_697' title='bbox 1965 1515 2055 1558; x_wconf 75' lang='lat' dir='ltr'><em>plura</em></span> 
     </span>
     <span class='ocr_line' id='line_1_104' title="bbox 1175 1563 2055 1607; baseline 0.001 -10"><span class='ocrx_word' id='word_1_698' title='bbox 1175 1563 1363 1598; x_wconf 85' lang='lat' dir='ltr'><em>authentica</em></span> <span class='ocrx_word' id='word_1_699' title='bbox 1385 1564 1553 1607; x_wconf 84' lang='lat' dir='ltr'><em>exempla.</em></span> <span class='ocrx_word' id='word_1_700' title='bbox 1582 1563 1643 1596; x_wconf 86' lang='lat' dir='ltr'><em>Per</em></span> <span class='ocrx_word' id='word_1_701' title='bbox 1664 1564 1720 1597; x_wconf 84' lang='lat' dir='ltr'><em>ista</em></span> <span class='ocrx_word' id='word_1_702' title='bbox 1749 1574 1836 1596; x_wconf 78' lang='lat' dir='ltr'><em>arma</em></span> <span class='ocrx_word' id='word_1_703' title='bbox 1866 1564 1909 1606; x_wconf 88' lang='lat' dir='ltr'><em>pii</em></span> <span class='ocrx_word' id='word_1_704' title='bbox 1934 1565 2055 1599; x_wconf 84' lang='lat' dir='ltr'><em>milites</em></span> 
     </span>
     <span class='ocr_line' id='line_1_105' title="bbox 1175 1611 2053 1657; baseline 0 -10"><span class='ocrx_word' id='word_1_705' title='bbox 1175 1611 1360 1657; x_wconf 82' lang='lat' dir='ltr'><em>frequenter</em></span> <span class='ocrx_word' id='word_1_706' title='bbox 1388 1616 1560 1653; x_wconf 88' lang='lat' dir='ltr'><em>fecerunt,</em></span> <span class='ocrx_word' id='word_1_707' title='bbox 1587 1613 1678 1657; x_wconf 88' lang='lat' dir='ltr'><em>quod</em></span> <span class='ocrx_word' id='word_1_708' title='bbox 1704 1613 1722 1646; x_wconf 72' lang='grc' dir='ltr'>ὲ</span> <span class='ocrx_word' id='word_1_709' title='bbox 1752 1615 1782 1646; x_wconf 92' lang='lat' dir='ltr'><em>se</em></span> <span class='ocrx_word' id='word_1_710' title='bbox 1809 1613 1994 1648; x_wconf 75' lang='lat' dir='ltr'><em>faciendum</em></span> <span class='ocrx_word' id='word_1_711' title='bbox 2023 1617 2053 1649; x_wconf 91' lang='lat' dir='ltr'><em>S.</em></span> 
     </span>
     <span class='ocr_line' id='line_1_106' title="bbox 1175 1663 2055 1706; baseline 0.001 -9"><span class='ocrx_word' id='word_1_712' title='bbox 1175 1664 1340 1698; x_wconf 84' lang='lat' dir='ltr'><em>Martinus</em></span> <span class='ocrx_word' id='word_1_713' title='bbox 1360 1665 1482 1699; x_wconf 80' lang='lat' dir='ltr'><em>obtulit</em></span> <span class='ocrx_word' id='word_1_714' title='bbox 1510 1664 1701 1706; x_wconf 78' lang='lat' dir='ltr'><em>imperatori</em></span> <span class='ocrx_word' id='word_1_715' title='bbox 1724 1663 1854 1705; x_wconf 83' lang='lat' dir='ltr'><em>Juliano</em></span> <span class='ocrx_word' id='word_1_716' title='bbox 1876 1690 1882 1696; x_wconf 92' lang='lat'><strong>.</strong></span> <span class='ocrx_word' id='word_1_717' title='bbox 1914 1665 2055 1705; x_wconf 77' lang='lat' dir='ltr'><em>Crastina</em></span> 
     </span>
     <span class='ocr_line' id='line_1_107' title="bbox 1173 1713 2053 1753; baseline 0.001 -7"><span class='ocrx_word' id='word_1_718' title='bbox 1173 1715 1220 1747; x_wconf 90' lang='lat' dir='ltr'><em>die</em></span> <span class='ocrx_word' id='word_1_719' title='bbox 1231 1726 1301 1748; x_wconf 84' lang='lat' dir='ltr'><em>ante</em></span> <span class='ocrx_word' id='word_1_720' title='bbox 1313 1722 1404 1748; x_wconf 81' lang='lat' dir='ltr'><em>aciem</em></span> <span class='ocrx_word' id='word_1_721' title='bbox 1417 1721 1543 1748; x_wconf 85' lang='lat' dir='ltr'><em>inermis</em></span> <span class='ocrx_word' id='word_1_722' title='bbox 1555 1713 1675 1752; x_wconf 80' lang='lat' dir='ltr'><em>adstabo</em></span> <span class='ocrx_word' id='word_1_723' title='bbox 1686 1735 1708 1753; x_wconf 87' lang='lat'><em>,·</em></span> <span class='ocrx_word' id='word_1_724' title='bbox 1724 1715 1758 1746; x_wconf 70' lang='lat' dir='ltr'><em>(o&#39;</em></span> <span class='ocrx_word' id='word_1_725' title='bbox 1771 1715 1802 1746; x_wconf 74' lang='lat' dir='ltr'><em>in</em></span> <span class='ocrx_word' id='word_1_726' title='bbox 1827 1721 1942 1747; x_wconf 83' lang='lat' dir='ltr'><em>nomine</em></span> <span class='ocrx_word' id='word_1_727' title='bbox 1954 1719 2053 1747; x_wconf 85' lang='lat' dir='ltr'>Domi-</span> 
     </span>
     <span class='ocr_line' id='line_1_108' title="bbox 1173 1764 2055 1810; baseline -0.002 -12"><span class='ocrx_word' id='word_1_728' title='bbox 1173 1764 1292 1810; x_wconf 78' lang='lat' dir='ltr'><em>niJesu</em></span> <span class='ocrx_word' id='word_1_729' title='bbox 1307 1791 1316 1806; x_wconf 84' lang='lat'>‚</span> <span class='ocrx_word' id='word_1_730' title='bbox 1334 1765 1418 1808; x_wconf 73' lang='lat' dir='ltr'><em>signo</em></span> <span class='ocrx_word' id='word_1_731' title='bbox 1428 1769 1533 1798; x_wconf 81' lang='lat' dir='ltr'><em>Crucis</em></span> <span class='ocrx_word' id='word_1_732' title='bbox 1547 1789 1556 1804; x_wconf 94' lang='lat'><em>,</em></span> <span class='ocrx_word' id='word_1_733' title='bbox 1585 1776 1640 1797; x_wconf 89' lang='lat' dir='ltr'><em>non</em></span> <span class='ocrx_word' id='word_1_734' title='bbox 1652 1765 1754 1805; x_wconf 80' lang='lat' dir='ltr'><em>Clypeo</em></span> <span class='ocrx_word' id='word_1_735' title='bbox 1766 1764 1916 1804; x_wconf 58' lang='lat' dir='ltr'><em>protenus</em></span> <span class='ocrx_word' id='word_1_736' title='bbox 1939 1775 1994 1798; x_wconf 81' lang='lat' dir='ltr'><em>aut</em></span> <span class='ocrx_word' id='word_1_737' title='bbox 2000 1777 2055 1808; x_wconf 83' lang='lat' dir='ltr'><em>ga-</em></span> 
     </span>
     <span class='ocr_line' id='line_1_109' title="bbox 1171 1812 2054 1856; baseline 0 -8"><span class='ocrx_word' id='word_1_738' title='bbox 1171 1815 1238 1856; x_wconf 87' lang='lat' dir='ltr'><em>lea,</em></span> <span class='ocrx_word' id='word_1_739' title='bbox 1265 1815 1386 1855; x_wconf 85' lang='lat' dir='ltr'><em>hostium</em></span> <span class='ocrx_word' id='word_1_740' title='bbox 1410 1824 1512 1849; x_wconf 85' lang='lat' dir='ltr'><em>cuneos</em></span> <span class='ocrx_word' id='word_1_741' title='bbox 1533 1814 1695 1856; x_wconf 79' lang='lat' dir='ltr'><em>penetretbo</em></span> <span class='ocrx_word' id='word_1_742' title='bbox 1703 1812 1843 1856; x_wconf 73' lang='lat' dir='ltr'><em>securus.</em></span> <span class='ocrx_word' id='word_1_743' title='bbox 1873 1815 1920 1848; x_wconf 87' lang='lat' dir='ltr'><em>lta</em></span> <span class='ocrx_word' id='word_1_744' title='bbox 1942 1816 1975 1848; x_wconf 91' lang='lat' dir='ltr'><em>in</em></span> <span class='ocrx_word' id='word_1_745' title='bbox 1992 1826 2054 1848; x_wconf 89' lang='lat' dir='ltr'><em>ter-</em></span> 
     </span>
     <span class='ocr_line' id='line_1_110' title="bbox 1172 1863 2054 1907; baseline 0.001 -9"><span class='ocrx_word' id='word_1_746' title='bbox 1172 1867 1221 1900; x_wconf 89' lang='lat' dir='ltr'><em>tio</em></span> <span class='ocrx_word' id='word_1_747' title='bbox 1241 1866 1326 1899; x_wconf 87' lang='lat' dir='ltr'><em>libro</em></span> <span class='ocrx_word' id='word_1_748' title='bbox 1338 1866 1377 1900; x_wconf 88' lang='lat' dir='ltr'><em>de</em></span> <span class='ocrx_word' id='word_1_749' title='bbox 1389 1867 1419 1900; x_wconf 92' lang='lat' dir='ltr'><em>S.</em></span> <span class='ocrx_word' id='word_1_750' title='bbox 1434 1867 1570 1899; x_wconf 87' lang='lat' dir='ltr'>Martini</span> <span class='ocrx_word' id='word_1_751' title='bbox 1586 1865 1650 1897; x_wconf 83' lang='lat' dir='ltr'>vita</span> <span class='ocrx_word' id='word_1_752' title='bbox 1669 1863 1767 1899; x_wconf 84' lang='lat' dir='ltr'><em>habet</em></span> <span class='ocrx_word' id='word_1_753' title='bbox 1783 1864 1812 1897; x_wconf 91' lang='lat' dir='ltr'><em>S.</em></span> <span class='ocrx_word' id='word_1_754' title='bbox 1827 1865 1984 1907; x_wconf 88' lang='lat' dir='ltr'><em>Sulpitius</em></span> <span class='ocrx_word' id='word_1_755' title='bbox 2001 1867 2054 1899; x_wconf 89' lang='lat' dir='ltr'><em>Se·</em></span> 
     </span>
     <span class='ocr_line' id='line_1_111' title="bbox 1172 1914 2054 1951; baseline 0 -2"><span class='ocrx_word' id='word_1_756' title='bbox 1172 1926 1263 1951; x_wconf 84' lang='lat' dir='ltr'><em>verus</em></span> <span class='ocrx_word' id='word_1_757' title='bbox 1276 1941 1283 1948; x_wconf 89' lang='lat'><strong>.</strong></span> <span class='ocrx_word' id='word_1_758' title='bbox 1312 1916 1516 1949; x_wconf 83' lang='lat' dir='ltr'><em>Flodoardus</em></span> <span class='ocrx_word' id='word_1_759' title='bbox 1539 1916 1688 1948; x_wconf 82' lang='lat' dir='ltr'><em>adfirmat</em></span> <span class='ocrx_word' id='word_1_760' title='bbox 1702 1914 1802 1947; x_wconf 87' lang='lat' dir='ltr'><em>ritum</em></span> <span class='ocrx_word' id='word_1_761' title='bbox 1825 1914 1988 1948; x_wconf 64' lang='lat' dir='ltr'>benedidii</span> <span class='ocrx_word' id='word_1_762' title='bbox 2007 1916 2054 1949; x_wconf 89' lang='lat' dir='ltr'><em>vi-</em></span> 
     </span>
     <span class='ocr_line' id='line_1_112' title="bbox 1173 1963 2049 2008; baseline 0.002 -10"><span class='ocrx_word' id='word_1_763' title='bbox 1173 1968 1205 1998; x_wconf 86' lang='lat' dir='ltr'><em>ni</em></span> <span class='ocrx_word' id='word_1_764' title='bbox 1228 1991 1239 2007; x_wconf 94' lang='lat'><em>,</em></span> <span class='ocrx_word' id='word_1_765' title='bbox 1274 1977 1329 1999; x_wconf 78' lang='lat' dir='ltr'><em>aut</em></span> <span class='ocrx_word' id='word_1_766' title='bbox 1353 1966 1484 2000; x_wconf 85' lang='lat' dir='ltr'><em>alterius</em></span> <span class='ocrx_word' id='word_1_767' title='bbox 1514 1967 1661 2008; x_wconf 81' lang='lat' dir='ltr'>Eulogiae</span> <span class='ocrx_word' id='word_1_768' title='bbox 1687 1963 1902 2008; x_wconf 71' lang='lat' dir='ltr'><em>adjungendae</em></span> <span class='ocrx_word' id='word_1_769' title='bbox 1925 1975 2049 2000; x_wconf 87' lang='lat' dir='ltr'><em>morem</em></span> 
     </span>
     <span class='ocr_line' id='line_1_113' title="bbox 1161 2015 1783 2059; baseline 0 -13"><span class='ocrx_word' id='word_1_770' title='bbox 1161 2015 1262 2048; x_wconf 60' lang='lat' dir='ltr'><em>,fuiffe</em></span> <span class='ocrx_word' id='word_1_771' title='bbox 1274 2017 1393 2049; x_wconf 66' lang='lat' dir='ltr'><em>Sansto</em></span> <span class='ocrx_word' id='word_1_772' title='bbox 1405 2016 1560 2059; x_wconf 88' lang='lat' dir='ltr'>Remigio</span> <span class='ocrx_word' id='word_1_773' title='bbox 1572 2015 1783 2048; x_wconf 82' lang='lat' dir='ltr'>familiarem.</span> 
     </span>
    </p>

    <p class='ocr_par' dir='ltr' id='par_1_23' title="bbox 1149 2064 2049 3554">
     <span class='ocr_line' id='line_1_114' title="bbox 1220 2064 2049 2110; baseline 0.001 -12"><span class='ocrx_word' id='word_1_774' title='bbox 1220 2064 1298 2110; x_wconf 83' lang='lat' dir='ltr'><em>Qae</em></span> <span class='ocrx_word' id='word_1_775' title='bbox 1309 2066 1423 2099; x_wconf 79' lang='lat' dir='ltr'>omnia</span> <span class='ocrx_word' id='word_1_776' title='bbox 1450 2064 1615 2107; x_wconf 77' lang='lat' dir='ltr'><em>infigniter</em></span> <span class='ocrx_word' id='word_1_777' title='bbox 1626 2066 1798 2098; x_wconf 81' lang='lat' dir='ltr'><em>confirmat</em></span> <span class='ocrx_word' id='word_1_778' title='bbox 1812 2064 1846 2098; x_wconf 85' lang='lat' dir='ltr'><em>in</em></span> <span class='ocrx_word' id='word_1_779' title='bbox 1869 2066 1935 2098; x_wconf 80' lang='lat' dir='ltr'>vita</span> <span class='ocrx_word' id='word_1_780' title='bbox 1947 2066 1976 2098; x_wconf 85' lang='lat' dir='ltr'><em>S.</em></span> <span class='ocrx_word' id='word_1_781' title='bbox 1990 2066 2049 2100; x_wconf 86' lang='lat' dir='ltr'><em>Pe-</em></span> 
     </span>
     <span class='ocr_line' id='line_1_115' title="bbox 1169 2114 2049 2155; baseline 0.002 -9"><span class='ocrx_word' id='word_1_782' title='bbox 1169 2114 1209 2146; x_wconf 88' lang='lat' dir='ltr'><em>tri</em></span> <span class='ocrx_word' id='word_1_783' title='bbox 1224 2115 1396 2148; x_wconf 83' lang='lat' dir='ltr'>Thomafii</span> <span class='ocrx_word' id='word_1_784' title='bbox 1409 2139 1420 2155; x_wconf 92' lang='lat'><em>,</em></span> <span class='ocrx_word' id='word_1_785' title='bbox 1447 2126 1488 2148; x_wconf 84' lang='lat' dir='ltr'><em>ex</em></span> <span class='ocrx_word' id='word_1_786' title='bbox 1501 2115 1750 2148; x_wconf 72' lang='lat' dir='ltr'><em>carmelitarum</em></span> <span class='ocrx_word' id='word_1_787' title='bbox 1771 2116 1896 2148; x_wconf 85' lang='lat' dir='ltr'><em>Ordine</em></span> <span class='ocrx_word' id='word_1_788' title='bbox 1910 2115 2049 2149; x_wconf 87' lang='lat' dir='ltr'><em>Patriat-</em></span> 
     </span>
     <span class='ocr_line' id='line_1_116' title="bbox 1167 2162 2045 2208; baseline 0.002 -13"><span class='ocrx_word' id='word_1_789' title='bbox 1167 2162 1236 2208; x_wconf 66' lang='lat' dir='ltr'><em>chat</em></span> <span class='ocrx_word' id='word_1_790' title='bbox 1248 2164 1611 2206; x_wconf 84' lang='lat' dir='ltr'><em>Constantinopolitani</em></span> <span class='ocrx_word' id='word_1_791' title='bbox 1622 2189 1631 2202; x_wconf 93' lang='lat'><em>,</em></span> <span class='ocrx_word' id='word_1_792' title='bbox 1659 2166 1692 2197; x_wconf 68' lang='grc' dir='ltr'><em>ὅ(</em></span> <span class='ocrx_word' id='word_1_793' title='bbox 1705 2164 1745 2196; x_wconf 87' lang='lat' dir='ltr'><em>ab</em></span> <span class='ocrx_word' id='word_1_794' title='bbox 1757 2165 1955 2198; x_wconf 83' lang='lat' dir='ltr'><em>Innocentio</em></span> <span class='ocrx_word' id='word_1_795' title='bbox 1969 2167 2045 2199; x_wconf 86' lang='lat' dir='ltr'><em>Sex·</em></span> 
     </span>
     <span class='ocr_line' id='line_1_117' title="bbox 1166 2210 2045 2258; baseline 0.002 -13"><span class='ocrx_word' id='word_1_796' title='bbox 1166 2210 1202 2245; x_wconf 71' lang='lat' dir='ltr'><em>to</em></span> <span class='ocrx_word' id='word_1_797' title='bbox 1216 2211 1377 2246; x_wconf 75' lang='lat' dir='ltr'><em>pontifice</em></span> <span class='ocrx_word' id='word_1_798' title='bbox 1400 2211 1438 2245; x_wconf 77' lang='lat' dir='ltr'><em>ad</em></span> <span class='ocrx_word' id='word_1_799' title='bbox 1452 2214 1583 2246; x_wconf 89' lang='lat' dir='ltr'><em>Sacrum</em></span> <span class='ocrx_word' id='word_1_800' title='bbox 1597 2213 1725 2246; x_wconf 86' lang='lat' dir='ltr'><em>Bellum</em></span> <span class='ocrx_word' id='word_1_801' title='bbox 1752 2214 1891 2257; x_wconf 84' lang='lat' dir='ltr'><em>Legati,</em></span> <span class='ocrx_word' id='word_1_802' title='bbox 1919 2214 2045 2258; x_wconf 85' lang='lat' dir='ltr'>Philip·</span> 
     </span>
     <span class='ocr_line' id='line_1_118' title="bbox 1167 2261 2043 2306; baseline 0.005 -12"><span class='ocrx_word' id='word_1_803' title='bbox 1167 2273 1223 2304; x_wconf 91' lang='lat' dir='ltr'><em>pus</em></span> <span class='ocrx_word' id='word_1_804' title='bbox 1246 2261 1430 2296; x_wconf 79' lang='lat' dir='ltr'><em>Mazzerius</em></span> <span class='ocrx_word' id='word_1_805' title='bbox 1441 2262 1557 2306; x_wconf 87' lang='lat' dir='ltr'>Cyprii</span> <span class='ocrx_word' id='word_1_806' title='bbox 1581 2262 1692 2306; x_wconf 83' lang='lat' dir='ltr'>Regni</span> <span class='ocrx_word' id='word_1_807' title='bbox 1717 2264 1959 2297; x_wconf 81' lang='lat' dir='ltr'><em>Cancellarius:</em></span> <span class='ocrx_word' id='word_1_808' title='bbox 1989 2268 2043 2298; x_wconf 88' lang='lat' dir='ltr'><em>Pe-</em></span> 
     </span>
     <span class='ocr_line' id='line_1_119' title="bbox 1165 2311 2040 2356; baseline 0.006 -12"><span class='ocrx_word' id='word_1_809' title='bbox 1165 2321 1229 2344; x_wconf 88' lang='lat' dir='ltr'><em>trus</em></span> <span class='ocrx_word' id='word_1_810' title='bbox 1245 2316 1376 2356; x_wconf 85' lang='lat' dir='ltr'><em>Legatus</em></span> <span class='ocrx_word' id='word_1_811' title='bbox 1391 2336 1401 2352; x_wconf 93' lang='lat'><em>,</em></span> <span class='ocrx_word' id='word_1_812' title='bbox 1423 2311 1559 2355; x_wconf 86' lang='lat' dir='ltr'><em>personis</em></span> <span class='ocrx_word' id='word_1_813' title='bbox 1574 2312 1773 2354; x_wconf 81' lang='lat' dir='ltr'><em>Ecclefiasticls</em></span> <span class='ocrx_word' id='word_1_814' title='bbox 1795 2322 1884 2347; x_wconf 82' lang='lat' dir='ltr'><em>totius</em></span> <span class='ocrx_word' id='word_1_815' title='bbox 1896 2320 2040 2348; x_wconf 82' lang='lat' dir='ltr'><em>exercitus</em></span> 
     </span>
     <span class='ocr_line' id='line_1_120' title="bbox 1164 2362 2042 2406; baseline 0.002 -14"><span class='ocrx_word' id='word_1_816' title='bbox 1164 2362 1314 2403; x_wconf 83' lang='lat' dir='ltr'><em>affociatus</em></span> <span class='ocrx_word' id='word_1_817' title='bbox 1332 2387 1343 2402; x_wconf 91' lang='lat'><em>,</em></span> <span class='ocrx_word' id='word_1_818' title='bbox 1368 2368 1400 2395; x_wconf 78' lang='lat' dir='ltr'><em>in</em></span> <span class='ocrx_word' id='word_1_819' title='bbox 1412 2364 1550 2396; x_wconf 79' lang='lat' dir='ltr'><em>Galaeam</em></span> <span class='ocrx_word' id='word_1_820' title='bbox 1563 2366 1649 2406; x_wconf 79' lang='lat' dir='ltr'><em>Regis</em></span> <span class='ocrx_word' id='word_1_821' title='bbox 1664 2362 1795 2404; x_wconf 84' lang='lat' dir='ltr'><em>ascendit</em></span> <span class='ocrx_word' id='word_1_822' title='bbox 1806 2373 1859 2404; x_wconf 91' lang='lat' dir='ltr'><em>pro</em></span> <span class='ocrx_word' id='word_1_823' title='bbox 1870 2363 2042 2397; x_wconf 73' lang='lat' dir='ltr'><em>bencdic‘lt&#39;o.</em></span> 
     </span>
     <span class='ocr_line' id='line_1_121' title="bbox 1163 2412 2039 2454; baseline 0.006 -11"><span class='ocrx_word' id='word_1_824' title='bbox 1163 2422 1200 2443; x_wconf 92' lang='lat' dir='ltr'><em>ne</em></span> <span class='ocrx_word' id='word_1_825' title='bbox 1207 2414 1343 2454; x_wconf 84' lang='lat' dir='ltr'><em>generali</em></span> <span class='ocrx_word' id='word_1_826' title='bbox 1358 2416 1518 2446; x_wconf 78' lang='lat' dir='ltr'><em>Exercitus</em></span> <span class='ocrx_word' id='word_1_827' title='bbox 1534 2416 1590 2445; x_wconf 84' lang='lat' dir='ltr'><em>Dei</em></span> <span class='ocrx_word' id='word_1_828' title='bbox 1595 2412 1749 2453; x_wconf 85' lang='lat' dir='ltr'><em>ferenda.</em></span> <span class='ocrx_word' id='word_1_829' title='bbox 1777 2417 1858 2444; x_wconf 80' lang='lat' dir='ltr'><em>Erat</em></span> <span class='ocrx_word' id='word_1_830' title='bbox 1869 2412 1913 2444; x_wconf 84' lang='lat' dir='ltr'><em>hic</em></span> <span class='ocrx_word' id='word_1_831' title='bbox 1929 2416 2039 2448; x_wconf 86' lang='lat' dir='ltr'><em>Petrus</em></span> 
     </span>
     <span class='ocr_line' id='line_1_122' title="bbox 1162 2463 2039 2504; baseline 0.003 -12"><span class='ocrx_word' id='word_1_832' title='bbox 1162 2463 1349 2503; x_wconf 76' lang='lat' dir='ltr'><em>Cyprc’Rex,</em></span> <span class='ocrx_word' id='word_1_833' title='bbox 1372 2465 1532 2504; x_wconf 83' lang='lat' dir='ltr'><em>procedens</em></span> <span class='ocrx_word' id='word_1_834' title='bbox 1556 2468 1588 2494; x_wconf 83' lang='lat' dir='ltr'><em>in</em></span> <span class='ocrx_word' id='word_1_835' title='bbox 1602 2465 1764 2504; x_wconf 85' lang='lat' dir='ltr'><em>AEgyptum</em></span> <span class='ocrx_word' id='word_1_836' title='bbox 1784 2463 2020 2502; x_wconf 74' lang='lat' dir='ltr'><em>&amp;Palaestinam</em></span> <span class='ocrx_word' id='word_1_837' title='bbox 2032 2491 2039 2498; x_wconf 89' lang='lat'>.</span> 
     </span>
     <span class='ocr_line' id='line_1_123' title="bbox 1162 2510 2039 2554; baseline 0.005 -12"><span class='ocrx_word' id='word_1_838' title='bbox 1162 2510 1348 2554; x_wconf 82' lang='lat' dir='ltr'><em>Etadscenso</em></span> <span class='ocrx_word' id='word_1_839' title='bbox 1370 2518 1402 2545; x_wconf 80' lang='lat' dir='ltr'><em>in</em></span> <span class='ocrx_word' id='word_1_840' title='bbox 1413 2513 1470 2544; x_wconf 87' lang='lat' dir='ltr'><em>loco</em></span> <span class='ocrx_word' id='word_1_841' title='bbox 1491 2516 1677 2545; x_wconf 80' lang='lat' dir='ltr'><em>eminentiori</em></span> <span class='ocrx_word' id='word_1_842' title='bbox 1694 2513 1825 2552; x_wconf 82' lang='lat' dir='ltr'><em>Galaeae,</em></span> <span class='ocrx_word' id='word_1_843' title='bbox 1856 2523 1889 2545; x_wconf 89' lang='lat' dir='ltr'><em>ut</em></span> <span class='ocrx_word' id='word_1_844' title='bbox 1903 2514 1939 2544; x_wconf 81' lang='lat' dir='ltr'><em>ab</em></span> <span class='ocrx_word' id='word_1_845' title='bbox 1959 2513 2039 2546; x_wconf 73' lang='lat' dir='ltr'><em>omni</em></span> 
     </span>
     <span class='ocr_line' id='line_1_124' title="bbox 1160 2560 2037 2604; baseline 0.001 -11"><span class='ocrx_word' id='word_1_846' title='bbox 1160 2567 1290 2594; x_wconf 80' lang='lat' dir='ltr'><em>exercitu</em></span> <span class='ocrx_word' id='word_1_847' title='bbox 1302 2562 1401 2595; x_wconf 82' lang='lat' dir='ltr'><em>videri</em></span> <span class='ocrx_word' id='word_1_848' title='bbox 1411 2563 1498 2604; x_wconf 78' lang='lat' dir='ltr'><em>posset</em></span> <span class='ocrx_word' id='word_1_849' title='bbox 1512 2586 1521 2601; x_wconf 86' lang='lat'><em>,</em></span> <span class='ocrx_word' id='word_1_850' title='bbox 1548 2565 1624 2603; x_wconf 84' lang='lat' dir='ltr'><em>Rege</em></span> <span class='ocrx_word' id='word_1_851' title='bbox 1642 2563 1732 2601; x_wconf 75' lang='lat' dir='ltr'><em>prope</em></span> <span class='ocrx_word' id='word_1_852' title='bbox 1744 2560 1839 2603; x_wconf 79' lang='lat' dir='ltr'><em>ipsum</em></span> <span class='ocrx_word' id='word_1_853' title='bbox 1855 2562 1954 2601; x_wconf 88' lang='lat' dir='ltr'><em>stante</em></span> <span class='ocrx_word' id='word_1_854' title='bbox 1966 2588 1976 2603; x_wconf 88' lang='lat'><em>,</em></span> <span class='ocrx_word' id='word_1_855' title='bbox 2003 2567 2037 2598; x_wconf 71' lang='lat'><em>(¹5</em></span> 
     </span>
     <span class='ocr_line' id='line_1_125' title="bbox 1159 2609 2037 2653; baseline 0.003 -10"><span class='ocrx_word' id='word_1_856' title='bbox 1159 2610 1445 2651; x_wconf 77' lang='lat' dir='ltr'><em>omnibusstnntibus</em></span> <span class='ocrx_word' id='word_1_857' title='bbox 1459 2637 1469 2650; x_wconf 92' lang='lat'><em>,</em></span> <span class='ocrx_word' id='word_1_858' title='bbox 1497 2622 1530 2643; x_wconf 84' lang='lat' dir='ltr'><em>ac</em></span> <span class='ocrx_word' id='word_1_859' title='bbox 1553 2613 1697 2653; x_wconf 86' lang='lat' dir='ltr'><em>Legatum</em></span> <span class='ocrx_word' id='word_1_860' title='bbox 1709 2609 1929 2653; x_wconf 81' lang='lat' dir='ltr'><em>respicientibus</em></span> <span class='ocrx_word' id='word_1_861' title='bbox 1942 2638 1951 2653; x_wconf 96' lang='lat'><em>,</em></span> <span class='ocrx_word' id='word_1_862' title='bbox 1978 2626 2037 2646; x_wconf 91' lang='lat' dir='ltr'><em>om-</em></span> 
     </span>
     <span class='ocr_line' id='line_1_126' title="bbox 1158 2659 2036 2705; baseline 0.005 -12"><span class='ocrx_word' id='word_1_863' title='bbox 1158 2661 1245 2693; x_wconf 83' lang='lat' dir='ltr'><em>nibus</em></span> <span class='ocrx_word' id='word_1_864' title='bbox 1259 2659 1342 2705; x_wconf 65' lang='lat' dir='ltr'><em>agnis</em></span> <span class='ocrx_word' id='word_1_865' title='bbox 1365 2663 1397 2693; x_wconf 60' lang='lat' dir='ltr'><em>(v</em></span> <span class='ocrx_word' id='word_1_866' title='bbox 1422 2660 1746 2693; x_wconf 75' lang='lat' dir='ltr'><em>vexillis&#39;Galaearum</em></span> <span class='ocrx_word' id='word_1_867' title='bbox 1769 2664 1802 2695; x_wconf 58' lang='grc' dir='ltr'><em>(ν</em></span> <span class='ocrx_word' id='word_1_868' title='bbox 1826 2663 1949 2695; x_wconf 81' lang='lat' dir='ltr'><em>aliorum</em></span> <span class='ocrx_word' id='word_1_869' title='bbox 1968 2667 2036 2697; x_wconf 87' lang='lat' dir='ltr'><em>Na-</em></span> 
     </span>
     <span class='ocr_line' id='line_1_127' title="bbox 1158 2709 2035 2754; baseline 0.003 -11"><span class='ocrx_word' id='word_1_870' title='bbox 1158 2717 1303 2753; x_wconf 81' lang='lat' dir='ltr'><em>vigiorum</em></span> <span class='ocrx_word' id='word_1_871' title='bbox 1321 2709 1453 2752; x_wconf 74' lang='lat' dir='ltr'><em>depositis</em></span> <span class='ocrx_word' id='word_1_872' title='bbox 1467 2733 1476 2749; x_wconf 91' lang='lat'>‚</span> <span class='ocrx_word' id='word_1_873' title='bbox 1504 2713 1632 2753; x_wconf 84' lang='lat' dir='ltr'><em>Legatus</em></span> <span class='ocrx_word' id='word_1_874' title='bbox 1656 2712 1817 2752; x_wconf 84' lang='lat' dir='ltr'><em>quamdam</em></span> <span class='ocrx_word' id='word_1_875' title='bbox 1837 2713 1973 2754; x_wconf 85' lang='lat' dir='ltr'><em>largam,</em></span> <span class='ocrx_word' id='word_1_876' title='bbox 2000 2716 2035 2746; x_wconf 67' lang='lat'><em>&amp;⁴</em></span> 
     </span>
     <span class='ocr_line' id='line_1_128' title="bbox 1157 2760 2030 2802; baseline 0.005 -11"><span class='ocrx_word' id='word_1_877' title='bbox 1157 2761 1328 2792; x_wconf 84' lang='lat' dir='ltr'><em>inauditam</em></span> <span class='ocrx_word' id='word_1_878' title='bbox 1350 2785 1360 2801; x_wconf 90' lang='lat'><em>,</em></span> <span class='ocrx_word' id='word_1_879' title='bbox 1397 2771 1485 2802; x_wconf 87' lang='lat' dir='ltr'><em>atque</em></span> <span class='ocrx_word' id='word_1_880' title='bbox 1501 2760 1731 2800; x_wconf 79' lang='lat' dir='ltr'><em>pulcherrimam</em></span> <span class='ocrx_word' id='word_1_881' title='bbox 1757 2762 1986 2795; x_wconf 62' lang='lat' dir='ltr'><em>benedilltonem</em></span> <span class='ocrx_word' id='word_1_882' title='bbox 2009 2766 2030 2795; x_wconf 75' lang='grc' dir='ltr'><em>ἆ</em></span> 
     </span>
     <span class='ocr_line' id='line_1_129' title="bbox 1156 2810 2030 2851; baseline 0.005 -9"><span class='ocrx_word' id='word_1_883' title='bbox 1156 2812 1269 2850; x_wconf 72' lang='lat' dir='ltr'><em>spiritu</em></span> <span class='ocrx_word' id='word_1_884' title='bbox 1291 2810 1394 2842; x_wconf 58' lang='lat' dir='ltr'><em>§ando</em></span> <span class='ocrx_word' id='word_1_885' title='bbox 1415 2816 1557 2851; x_wconf 74' lang='lat' dir='ltr'><em>incaepit,</em></span> <span class='ocrx_word' id='word_1_886' title='bbox 1585 2816 1740 2851; x_wconf 80' lang='lat' dir='ltr'><em>antiquum</em></span> <span class='ocrx_word' id='word_1_887' title='bbox 1759 2810 1973 2850; x_wconf 74' lang='lat' dir='ltr'><em>Testamentum</em></span> <span class='ocrx_word' id='word_1_888' title='bbox 1995 2815 2030 2846; x_wconf 64' lang='grc' dir='ltr'><em>(τ</em></span> 
     </span>
     <span class='ocr_line' id='line_1_130' title="bbox 1156 2860 2039 2906; baseline 0.005 -15"><span class='ocrx_word' id='word_1_889' title='bbox 1156 2871 1265 2892; x_wconf 84' lang='lat' dir='ltr'><em>novum</em></span> <span class='ocrx_word' id='word_1_890' title='bbox 1287 2866 1318 2892; x_wconf 83' lang='lat' dir='ltr'><em>in</em></span> <span class='ocrx_word' id='word_1_891' title='bbox 1341 2860 1538 2893; x_wconf 58' lang='lat' dir='ltr'><em>benedictione</em></span> <span class='ocrx_word' id='word_1_892' title='bbox 1557 2860 1713 2903; x_wconf 82' lang='lat' dir='ltr'><em>allegando</em></span> <span class='ocrx_word' id='word_1_893' title='bbox 1725 2884 1735 2899; x_wconf 95' lang='lat'><em>,</em></span> <span class='ocrx_word' id='word_1_894' title='bbox 1762 2863 1843 2893; x_wconf 74' lang='lat' dir='ltr'><em>modo</em></span> <span class='ocrx_word' id='word_1_895' title='bbox 1862 2866 2039 2906; x_wconf 77' lang='lat' dir='ltr'>Navigia,-</span> 
     </span>
     <span class='ocr_line' id='line_1_131' title="bbox 1154 2910 2028 2951; baseline 0.003 -10"><span class='ocrx_word' id='word_1_896' title='bbox 1154 2911 1238 2941; x_wconf 80' lang='lat' dir='ltr'><em>modo</em></span> <span class='ocrx_word' id='word_1_897' title='bbox 1248 2921 1332 2942; x_wconf 84' lang='lat' dir='ltr'><em>arma</em></span> <span class='ocrx_word' id='word_1_898' title='bbox 1346 2935 1357 2950; x_wconf 95' lang='lat'>‚</span> <span class='ocrx_word' id='word_1_899' title='bbox 1381 2913 1465 2942; x_wconf 75' lang='lat' dir='ltr'><em>modo</em></span> <span class='ocrx_word' id='word_1_900' title='bbox 1473 2910 1612 2951; x_wconf 81' lang='lat' dir='ltr'><em>personas</em></span> <span class='ocrx_word' id='word_1_901' title='bbox 1626 2933 1636 2948; x_wconf 89' lang='lat'>‚</span> <span class='ocrx_word' id='word_1_902' title='bbox 1663 2911 1747 2942; x_wconf 73' lang='lat' dir='ltr'><em>modo</em></span> <span class='ocrx_word' id='word_1_903' title='bbox 1760 2922 1842 2944; x_wconf 87' lang='lat' dir='ltr'><em>mare</em></span> <span class='ocrx_word' id='word_1_904' title='bbox 1856 2936 1866 2951; x_wconf 92' lang='lat'><em>,</em></span> <span class='ocrx_word' id='word_1_905' title='bbox 1893 2914 1976 2944; x_wconf 74' lang='lat' dir='ltr'><em>modo</em></span> <span class='ocrx_word' id='word_1_906' title='bbox 1987 2921 2028 2944; x_wconf 89' lang='lat' dir='ltr'><em>to·</em></span> 
     </span>
     <span class='ocr_line' id='line_1_132' title="bbox 1154 2959 2038 3002; baseline 0.005 -12"><span class='ocrx_word' id='word_1_907' title='bbox 1154 2969 1218 2992; x_wconf 88' lang='lat' dir='ltr'><em>tum</em></span> <span class='ocrx_word' id='word_1_908' title='bbox 1237 2967 1393 2993; x_wconf 77' lang='lat' dir='ltr'><em>exercitum</em></span> <span class='ocrx_word' id='word_1_909' title='bbox 1417 2961 1606 2992; x_wconf 72' lang='lat' dir='ltr'><em>benedicendo</em></span> <span class='ocrx_word' id='word_1_910' title='bbox 1627 2965 1658 2991; x_wconf 81' lang='lat' dir='ltr'><em>in</em></span> <span class='ocrx_word' id='word_1_911' title='bbox 1682 2959 1815 2992; x_wconf 83' lang='lat' dir='ltr'><em>bonorem</em></span> <span class='ocrx_word' id='word_1_912' title='bbox 1837 2965 1939 2994; x_wconf 80' lang='lat' dir='ltr'><em>Crucis</em></span> <span class='ocrx_word' id='word_1_913' title='bbox 1953 2986 1964 3002; x_wconf 86' lang='lat'><em>,</em></span> <span class='ocrx_word' id='word_1_914' title='bbox 1991 2964 2038 2997; x_wconf 71' lang='lat'><em>&amp;-</em></span> 
     </span>
     <span class='ocr_line' id='line_1_133' title="bbox 1153 3008 2026 3047; baseline 0.006 -7"><span class='ocrx_word' id='word_1_915' title='bbox 1153 3008 1369 3047; x_wconf 67' lang='lat' dir='ltr'><em>destructionem</em></span> <span class='ocrx_word' id='word_1_916' title='bbox 1383 3013 1590 3043; x_wconf 75' lang='lat' dir='ltr'><em>Saracenorum</em></span> <span class='ocrx_word' id='word_1_917' title='bbox 1603 3033 1612 3047; x_wconf 88' lang='lat'>‚</span> <span class='ocrx_word' id='word_1_918' title='bbox 1639 3010 1780 3042; x_wconf 79' lang='lat' dir='ltr'><em>auxilium</em></span> <span class='ocrx_word' id='word_1_919' title='bbox 1803 3013 1860 3044; x_wconf 79' lang='lat' dir='ltr'><em>Det</em></span> <span class='ocrx_word' id='word_1_920' title='bbox 1885 3017 2026 3045; x_wconf 81' lang='lat' dir='ltr'><em>invocan-</em></span> 
     </span>
     <span class='ocr_line' id='line_1_134' title="bbox 1151 3060 2024 3103; baseline 0.003 -14"><span class='ocrx_word' id='word_1_921' title='bbox 1151 3060 1205 3090; x_wconf 88' lang='lat' dir='ltr'><em>do.</em></span> <span class='ocrx_word' id='word_1_922' title='bbox 1232 3062 1298 3093; x_wconf 83' lang='lat' dir='ltr'><em>Rex</em></span> <span class='ocrx_word' id='word_1_923' title='bbox 1310 3063 1380 3094; x_wconf 68' lang='lat' dir='ltr'><em>vera</em></span> <span class='ocrx_word' id='word_1_924' title='bbox 1403 3061 1435 3093; x_wconf 61' lang='grc' dir='ltr'><em>(τ’</em></span> <span class='ocrx_word' id='word_1_925' title='bbox 1455 3065 1548 3091; x_wconf 73' lang='lat' dir='ltr'><em>omnis</em></span> <span class='ocrx_word' id='word_1_926' title='bbox 1560 3064 1702 3091; x_wconf 82' lang='lat' dir='ltr'><em>exercitus</em></span> <span class='ocrx_word' id='word_1_927' title='bbox 1713 3083 1722 3099; x_wconf 89' lang='lat'><em>,</em></span> <span class='ocrx_word' id='word_1_928' title='bbox 1752 3062 1870 3103; x_wconf 85' lang='lat' dir='ltr'><em>Legato</em></span> <span class='ocrx_word' id='word_1_929' title='bbox 1886 3063 2024 3102; x_wconf 79' lang='lat' dir='ltr'><em>devotissi-</em></span> 
     </span>
     <span class='ocr_line' id='line_1_135' title="bbox 1151 3108 2021 3152; baseline 0.005 -11"><span class='ocrx_word' id='word_1_930' title='bbox 1151 3110 1197 3141; x_wconf 66' lang='lat' dir='ltr'><em>me</em></span> <span class='ocrx_word' id='word_1_931' title='bbox 1222 3111 1266 3142; x_wconf 88' lang='lat' dir='ltr'><em>ad</em></span> <span class='ocrx_word' id='word_1_932' title='bbox 1291 3122 1388 3143; x_wconf 87' lang='lat' dir='ltr'><em>omnes</em></span> <span class='ocrx_word' id='word_1_933' title='bbox 1415 3108 1627 3141; x_wconf 62' lang='lat' dir='ltr'><em>benedictiones</em></span> <span class='ocrx_word' id='word_1_934' title='bbox 1641 3133 1651 3148; x_wconf 92' lang='lat'><em>,</em></span> <span class='ocrx_word' id='word_1_935' title='bbox 1677 3110 1823 3150; x_wconf 76' lang='lat' dir='ltr'><em>capitibus</em></span> <span class='ocrx_word' id='word_1_936' title='bbox 1850 3114 2021 3152; x_wconf 78' lang='lat' dir='ltr'><em>inclinatis,</em></span> 
     </span>
     <span class='ocr_line' id='line_1_136' title="bbox 1151 3157 2023 3204; baseline 0.002 -11"><span class='ocrx_word' id='word_1_937' title='bbox 1151 3157 1369 3201; x_wconf 82' lang='lat' dir='ltr'><em>respondebant</em></span> <span class='ocrx_word' id='word_1_938' title='bbox 1383 3184 1393 3200; x_wconf 94' lang='lat'><em>,</em></span> <span class='ocrx_word' id='word_1_939' title='bbox 1421 3161 1454 3192; x_wconf 65' lang='grc' dir='ltr'><em>Θ·</em></span> <span class='ocrx_word' id='word_1_940' title='bbox 1476 3161 1509 3190; x_wconf 74' lang='lat' dir='ltr'><em>in</em></span> <span class='ocrx_word' id='word_1_941' title='bbox 1521 3169 1630 3201; x_wconf 83' lang='lat' dir='ltr'><em>magna</em></span> <span class='ocrx_word' id='word_1_942' title='bbox 1641 3160 1793 3193; x_wconf 82' lang='lat' dir='ltr'><em>devotione</em></span> <span class='ocrx_word' id='word_1_943' title='bbox 1812 3171 1916 3194; x_wconf 83' lang='lat' dir='ltr'><em>erant.</em></span> <span class='ocrx_word' id='word_1_944' title='bbox 1947 3162 2023 3204; x_wconf 82' lang='lat' dir='ltr'>Epi-</span> 
     </span>
     <span class='ocr_line' id='line_1_137' title="bbox 1153 3208 2019 3251; baseline 0.002 -9"><span class='ocrx_word' id='word_1_945' title='bbox 1153 3210 1285 3251; x_wconf 85' lang='lat' dir='ltr'><em>scopalis</em></span> <span class='ocrx_word' id='word_1_946' title='bbox 1312 3208 1496 3244; x_wconf 66' lang='lat' dir='ltr'><em>benedistno</em></span> <span class='ocrx_word' id='word_1_947' title='bbox 1523 3208 1691 3242; x_wconf 88' lang='lat' dir='ltr'>militibus·</span> <span class='ocrx_word' id='word_1_948' title='bbox 1708 3211 1857 3243; x_wconf 61' lang='lat' dir='ltr'><em>Sanctam</em></span> <span class='ocrx_word' id='word_1_949' title='bbox 1895 3212 2019 3250; x_wconf 86' lang='lat' dir='ltr'>vitam,</span> 
     </span>
     <span class='ocr_line' id='line_1_138' title="bbox 1151 3256 2020 3300; baseline 0.003 -9"><span class='ocrx_word' id='word_1_950' title='bbox 1151 3259 1336 3294; x_wconf 84' lang='lat' dir='ltr'>Christiana</span> <span class='ocrx_word' id='word_1_951' title='bbox 1349 3261 1412 3292; x_wconf 86' lang='lat' dir='ltr'>vita</span> <span class='ocrx_word' id='word_1_952' title='bbox 1426 3258 1489 3291; x_wconf 78' lang='lat' dir='ltr'>iilis</span> <span class='ocrx_word' id='word_1_953' title='bbox 1502 3259 1685 3300; x_wconf 86' lang='lat' dir='ltr'><em>impetravit</em></span> <span class='ocrx_word' id='word_1_954' title='bbox 1698 3260 1878 3294; x_wconf 63' lang='lat' dir='ltr'>vistoriam.</span> <span class='ocrx_word' id='word_1_955' title='bbox 1908 3256 2020 3294; x_wconf 82' lang='lat' dir='ltr'>Etiam</span> 
     </span>
     <span class='ocr_line' id='line_1_139' title="bbox 1151 3309 2019 3351; baseline 0 -10"><span class='ocrx_word' id='word_1_956' title='bbox 1151 3309 1271 3343; x_wconf 81' lang='lat' dir='ltr'><em>milites</em></span> <span class='ocrx_word' id='word_1_957' title='bbox 1293 3309 1406 3344; x_wconf 86' lang='lat' dir='ltr'><em>docuit</em></span> <span class='ocrx_word' id='word_1_958' title='bbox 1428 3318 1601 3351; x_wconf 88' lang='lat' dir='ltr'><em>utrumque</em></span> <span class='ocrx_word' id='word_1_959' title='bbox 1621 3309 1682 3341; x_wconf 81' lang='lat' dir='ltr'><em>effe</em></span> <span class='ocrx_word' id='word_1_960' title='bbox 1705 3311 1766 3342; x_wconf 87' lang='lat' dir='ltr'><em>Dei</em></span> <span class='ocrx_word' id='word_1_961' title='bbox 1789 3311 1930 3344; x_wconf 88' lang='lat' dir='ltr'><em>donum.</em></span> <span class='ocrx_word' id='word_1_962' title='bbox 1958 3310 2019 3343; x_wconf 89' lang='lat' dir='ltr'><em>Li-</em></span> 
     </span>
     <span class='ocr_line' id='line_1_140' title="bbox 1153 3357 2019 3393; baseline 0 0"><span class='ocrx_word' id='word_1_963' title='bbox 1153 3359 1295 3393; x_wconf 77' lang='lat' dir='ltr'><em>bertinus</em></span> <span class='ocrx_word' id='word_1_964' title='bbox 1317 3361 1349 3393; x_wconf 89' lang='lat'>&amp;</span> <span class='ocrx_word' id='word_1_965' title='bbox 1371 3357 1565 3391; x_wconf 85' lang='lat' dir='ltr'><em>criminosus</em></span> <span class='ocrx_word' id='word_1_966' title='bbox 1589 3357 1760 3392; x_wconf 82' lang='lat' dir='ltr'><em>Exercitus</em></span> <span class='ocrx_word' id='word_1_967' title='bbox 1785 3371 1850 3392; x_wconf 91' lang='lat' dir='ltr'><em>non</em></span> <span class='ocrx_word' id='word_1_968' title='bbox 1873 3359 1915 3391; x_wconf 84' lang='lat' dir='ltr'><em>est</em></span> <span class='ocrx_word' id='word_1_969' title='bbox 1930 3358 2019 3393; x_wconf 89' lang='lat' dir='ltr'>aliud</span> 
     </span>
     <span class='ocr_line' id='line_1_141' title="bbox 1151 3408 2022 3453; baseline 0 -10"><span class='ocrx_word' id='word_1_970' title='bbox 1151 3408 1246 3453; x_wconf 61' lang='lat' dir='ltr'><em>quium</em></span> <span class='ocrx_word' id='word_1_971' title='bbox 1269 3410 1417 3443; x_wconf 83' lang='lat' dir='ltr'><em>scelerata</em></span> <span class='ocrx_word' id='word_1_972' title='bbox 1440 3408 1623 3441; x_wconf 82' lang='lat' dir='ltr'><em>daemonum</em></span> <span class='ocrx_word' id='word_1_973' title='bbox 1645 3409 1756 3441; x_wconf 79' lang='lat' dir='ltr'><em>tritura</em></span> <span class='ocrx_word' id='word_1_974' title='bbox 1771 3433 1779 3447; x_wconf 94' lang='lat'><em>,</em></span> <span class='ocrx_word' id='word_1_975' title='bbox 1806 3409 1942 3451; x_wconf 82' lang='lat' dir='ltr'><em>ideoque</em></span> <span class='ocrx_word' id='word_1_976' title='bbox 1967 3419 2022 3451; x_wconf 85' lang='lat' dir='ltr'><em>per</em></span> 
     </span>
     <span class='ocr_line' id='line_1_142' title="bbox 1151 3458 2022 3503; baseline -0.001 -11"><span class='ocrx_word' id='word_1_977' title='bbox 1151 3461 1250 3503; x_wconf 82' lang='lat' dir='ltr'>ipsam</span> <span class='ocrx_word' id='word_1_978' title='bbox 1274 3459 1397 3492; x_wconf 81' lang='lat' dir='ltr'>Divina</span> <span class='ocrx_word' id='word_1_979' title='bbox 1409 3458 1594 3492; x_wconf 86' lang='lat' dir='ltr'><em>Clementia</em></span> <span class='ocrx_word' id='word_1_980' title='bbox 1621 3469 1687 3497; x_wconf 77' lang='lat' dir='ltr'><em>non</em></span> <span class='ocrx_word' id='word_1_981' title='bbox 1700 3458 1867 3491; x_wconf 87' lang='lat' dir='ltr'><em>consuevit</em></span> <span class='ocrx_word' id='word_1_982' title='bbox 1891 3469 2022 3500; x_wconf 81' lang='lat' dir='ltr'><em>pacare,</em></span> 
     </span>
     <span class='ocr_line' id='line_1_143' title="bbox 1149 3507 2026 3554; baseline -0.005 -9"><span class='ocrx_word' id='word_1_983' title='bbox 1149 3508 1203 3545; x_wconf 86' lang='lat' dir='ltr'><em>sed</em></span> <span class='ocrx_word' id='word_1_984' title='bbox 1218 3509 1345 3545; x_wconf 88' lang='lat' dir='ltr'><em>turbare</em></span> <span class='ocrx_word' id='word_1_985' title='bbox 1356 3509 1388 3544; x_wconf 87' lang='lat'>&amp;</span> <span class='ocrx_word' id='word_1_986' title='bbox 1400 3508 1564 3554; x_wconf 79' lang='lat' dir='ltr'><em>flagellare</em></span> <span class='ocrx_word' id='word_1_987' title='bbox 1577 3507 1710 3551; x_wconf 83' lang='lat' dir='ltr'><em>Regna:</em></span> <span class='ocrx_word' id='word_1_988' title='bbox 1740 3508 1873 3550; x_wconf 82' lang='lat' dir='ltr'><em>Operari</em></span> <span class='ocrx_word' id='word_1_989' title='bbox 1886 3508 1945 3540; x_wconf 73' lang='lat' dir='ltr'><em>su&#39;ae</em></span> <span class='ocrx_word' id='word_1_990' title='bbox 1957 3510 2026 3543; x_wconf 85' lang='lat' dir='ltr'>vin-</span> 
     </span>
    </p>

    <p class='ocr_par' dir='ltr' id='par_1_24' title="bbox 1535 3557 1979 3605">
     <span class='ocr_line' id='line_1_144' title="bbox 1535 3557 1979 3605; baseline 0.005 -15"><span class='ocrx_word' id='word_1_991' title='bbox 1535 3557 1576 3590; x_wconf 89' lang='lat' dir='ltr'>M</span> <span class='ocrx_word' id='word_1_992' title='bbox 1630 3569 1647 3605; x_wconf 88' lang='lat'><em>3</em></span> <span class='ocrx_word' id='word_1_993' title='bbox 1891 3558 1979 3593; x_wconf 66' lang='lat' dir='ltr'>distae</span> 
     </span>
    </p>
   </div>
   <div class='ocr_carea' id='block_1_23' title="bbox 2067 342 2236 391">
    <p class='ocr_par' dir='ltr' id='par_1_25' title="bbox 2067 342 2236 391">
     <span class='ocr_line' id='line_1_145' title="bbox 2067 342 2236 391; baseline -0.018 -10"><span class='ocrx_word' id='word_1_994' title='bbox 2067 342 2186 391; x_wconf 67' lang='lat' dir='ltr'>Lib.}1‚</span> <span class='ocrx_word' id='word_1_995' title='bbox 2196 352 2236 380; x_wconf 48' lang='lat' dir='ltr'><em>c}</em></span> 
     </span>
    </p>
   </div>
   <div class='ocr_carea' id='block_1_24' title="bbox 1183 406 2087 462">
    <p class='ocr_par' dir='ltr' id='par_1_26' title="bbox 1183 406 2087 462">
     <span class='ocr_line' id='line_1_146' title="bbox 1183 406 2087 462; baseline 0.004 -13"><span class='ocrx_word' id='word_1_996' title='bbox 1183 421 1284 457; x_wconf 82' lang='lat' dir='ltr'><em>ptione</em></span> <span class='ocrx_word' id='word_1_997' title='bbox 1294 416 1409 460; x_wconf 86' lang='lat' dir='ltr'><em>securus</em></span> <span class='ocrx_word' id='word_1_998' title='bbox 1422 442 1429 450; x_wconf 95' lang='lat'><em>.</em></span> <span class='ocrx_word' id='word_1_999' title='bbox 1457 421 1516 450; x_wconf 77' lang='lat' dir='ltr'><em>Cui</em></span> <span class='ocrx_word' id='word_1_1000' title='bbox 1528 423 1577 449; x_wconf 84' lang='lat' dir='ltr'><em>vir</em></span> <span class='ocrx_word' id='word_1_1001' title='bbox 1592 429 1701 459; x_wconf 89' lang='lat' dir='ltr'><em>quoque</em></span> <span class='ocrx_word' id='word_1_1002' title='bbox 1713 418 1838 451; x_wconf 58' lang='lat' dir='ltr'><em>suntquis</em></span> <span class='ocrx_word' id='word_1_1003' title='bbox 1850 443 1860 458; x_wconf 91' lang='lat'><em>,</em></span> <span class='ocrx_word' id='word_1_1004' title='bbox 1886 427 1920 451; x_wconf 87' lang='lat' dir='ltr'><em>ut</em></span> <span class='ocrx_word' id='word_1_1005' title='bbox 1940 419 1974 452; x_wconf 56' lang='grc' dir='ltr'><em>(θ’</em></span> <span class='ocrx_word' id='word_1_1006' title='bbox 1991 425 2054 462; x_wconf 79' lang='lat' dir='ltr'><em>prl—</em></span> <span class='ocrx_word' id='word_1_1007' title='bbox 2074 406 2087 431; x_wconf 59' lang='grc' dir='ltr'>Ι</span> 
     </span>
    </p>
   </div>
   <div class='ocr_carea' id='block_1_25' title="bbox 2114 2278 2170 2319">
    <p class='ocr_par' dir='ltr' id='par_1_27' title="bbox 2114 2278 2170 2319">
     <span class='ocr_line' id='line_1_147' title="bbox 2114 2278 2170 2319; baseline 0 -11"><span class='ocrx_word' id='word_1_1008' title='bbox 2114 2278 2170 2319; x_wconf 61' lang='lat'><em>15.⁴</em></span> 
     </span>
    </p>
   </div>
  </div>
 </body>
</html>
