2366 3736
641 127 708 163 nr,
742 111 1169 163 contuitione
1206 122 1269 155 ετ
1303 110 1710 157 Arrntrtons.

1924 124 2027 160 r211

79 198 154 238 Lib.
181 212 214 237 2.
251 199 293 235 de
304 194 451 243 Lotbatii
465 198 566 245 Regis
576 200 720 235 divortio
731 201 830 238 etiam
843 192 1044 232 Hincmarus
1056 197 1134 231 Me-'
1184 204 1232 242 eat
1244 222 1254 239 ,
1281 202 1390 232 amicus
1412 208 1511 231 autem
1529 205 1602 239 erit,
1623 197 1653 240 fi
1667 200 1850 239 ejuratamore
1860 208 1915 231 non
1933 209 2033 243 peccet
2052 224 2062 233 .

78 261 149 299 cap.
180 250 233 294 16.
252 251 406 294 tropolita
425 251 610 291 Remenffl,
642 246 844 286 &inlitte'ris
856 248 895 281 ad
917 246 1124 281 Gouheriurn

252 295 352 338 Bonae
362 302 435 344 Spei
460 301 685 347 Presbyterum
710 300 844 335 sanetus
868 299 929 332 lvo
948 297 1125 340 Episcopus

79 349 141 392 Ep.
151 348 474 386 228.Carnutensis.
504 351 604 386 Hanc
624 349 642 389 a
666 349 737 383 solo
756 349 909 384 Domino
932 348 1125 387 resuscitati,

76 399 151 434 Lib·
176 412 208 436 2.
248 400 346 443 &per
360 401 538 445 Apostolos
559 399 655 438 soluti
669 399 785 433 Lazari
798 398 988 443 allegoriam
1010 397 1071 431 esse
1082 407 1124 431 et-

76 461 144 493 cap.
157 462 191 498 7.
249 450 313 484 iam
327 451 432 486 Sancti
447 449 609 493 Ambrosii
624 448 655 481 in
671 448 761 483 libris
773 449 814 483 de
839 447 1038 488 Poenitentia
1054 472 1064 493 ‚
1087 446 1125 480 ab

142 500 160 532 'f
250 501 342 534 omni
355 502 474 546 semper
495 499 636 540 Ecclesia
657 499 751 534 fuiffe
764 500 957 543 probatam,
986 499 1124 541 ideoque

75 547 118 583 C.
156 557 230 596 143,
249 550 410 591 haereticas
431 550 721 600 JoannisWicleffi
751 561 853 594 nugas
873 549 971 582 etiam
996 547 1037 581 ab
1058 548 1124 591 ipsa

74 607 155 645 144·
247 600 628 646 efficaciterexpugnari,
654 599 864 646 insigniter&
887 598 992 640 ample
1013 599 1125 633 oslen-

246 652 295 690 dit
308 651 340 683 in
352 660 450 695 opere
462 650 502 684 de
513 647 728 685 sacramentis
742 649 893 689 Thomas
920 648 1122 683 Waldensis.

244 703 293 735 At
317 701 395 741 vero
415 700 516 734 vitam
540 699 652 740 illam,
679 710 777 745 quam
802 710 868 732 non
885 698 1050 740 Discipuli
1070 709 1125 740 per

245 751 391 784 Ecclesia:
401 751 507 784 claves
519 773 530 790 ,
558 751 608 784 sed
622 751 742 783 secreto
756 749 815 782 suae
833 748 1010 791 Maiestatis
1029 758 1124 791 opere

242 800 332 836 solus
352 803 385 834 in
409 801 647 835 Poenitentibus
663 810 818 842 operatur
846 799 959 838 Deus,
985 800 1047 832 effe
1073 810 1123 831 ca—

245 851 326 884 stam
349 852 483 884 Divinae
511 851 640 894 justitiae
665 849 874 886 dilectionem
901 873 910 889 ,
949 859 1123 892 natamque

244 901 321 936 inde
343 903 467 945 peccati
488 901 736 935 detestationem
759 899 791 938 ὃς
815 898 952 938 odium,
979 899 1120 932 traditin

74 949 160 993 Psal.
171 960 229 998 54,
245 946 447 986 psalmorum
464 951 726 986 Commentariis
747 950 881 983 sanstus
896 948 1121 993 Augustinus:

244 1005 317 1042 Vitia
341 1000 436 1041 nostra
456 1000 571 1037 dilec‘lio
589 999 644 1037 est.
676 998 816 1032 Adsidua
835 1000 869 1032 &
893 999 1032 1032 nimium
1058 1009 1122 1032 ma-

245 1050 359 1084 nifesta
381 1051 425 1083 est
448 1073 458 1088 ,
495 1049 559 1083 haec
584 1050 652 1095 ejus
672 1050 821 1082 dostrina
844 1074 854 1090 ‚
891 1048 1057 1092 desumpta
1081 1061 1120 1081 ex

245 1102 363 1136 saneto
387 1100 516 1143 Joanne
541 1100 724 1143 Apostolo:
752 1101 817 1142 ,Qui
839 1111 895 1131 mm
907 1100 1009 1142 diligit
1024 1124 1033 1138 ,
1059 1111 1122 1131 ma-

244 1157 342 1189 netin
362 1160 473 1189 morte.
502 1150 570 1197 Qi
595 1151 675 1194 ergo
699 1150 830 1193 diligit,
856 1150 919 1192 jam
943 1152 1049 1182 vivere
1070 1160 1122 1181 cae·

244 1201 308 1245 pit.
338 1201 375 1234 ln
401 1201 601 1247 tractatusse
623 1200 764 1233 utilitate
783 1199 898 1243 jejunii
920 1199 1000 1232 dicit
1017 1200 1048 1232 id
1062 1200 1124 1232 esse

245 1251 508 1291 adeolucidum,
536 1261 570 1284 ut
582 1251 680 1283 etiam
702 1250 851 1283 diabolus
863 1250 941 1282 sciat
958 1251 993 1283 &⁹
1010 1248 1123 1292 sentiat

245 1306 343 1334 vitam
368 1301 491 1340 nostram
513 1301 565 1343 effe
590 1299 767 1333 charitatem
787 1324 793 1331 .
825 1299 923 1333 Hanc
943 1298 1123 1333 doCtrinam

245 1362 314 1385 non
331 1351 508 1393 penetravit
521 1352 630 1384 audior
653 1361 707 1383 aut
728 1349 892 1383 conflator
905 1348 1020 1383 horum
1032 1349 1049 1381 a
1062 1348 1123 1382 Pio

246 1401 292 1435 V.
319 1399 660 1442 Pontificejustillime
673 1399 922 1442 proscriptorum
935 1423 945 1439 ,
971 1398 1122 1432 articulo·

21 1085 32 1110 1
74 1076 197 1124 221³-ss-

244 1461 340 1485 rum:
367 1455 528 1493 Inpeccato
544 1448 616 1491 sunt
629 1450 705 1487 duo,
731 1449 812 1480 arvus
837 1449 1001 1481 &reatuin
1031 1452 1124 1480 Tran-

240 1501 345 1545 seunre
355 1510 454 1532 autem
464 1500 550 1537 ac‘lu,
580 1498 658 1530 nibil
665 1508 768 1534 manet
781 1497 836 1537 m'fi
853 1507 955 1530 reatus
967 1524 976 1538 ‚
998 1496 1062 1538 sive
1080 1498 1125 1530 ob·

240 1549 347 1594 'ligatio
367 1553 411 1585 ad
427 1558 569 1590 poenam.
597 1549 680 1581 Unde*
702 1555 735 1579 in
765 1550 953 1583 Sacramenta
976 1545 1125 1590 Baptisml

243 1609 298 1633 aut
312 1602 473 1633 sacerdotis
486 1598 664 1641 absolutione
672 1600 790 1641 proprie*
801 1605 902 1630 reatus
911 1603 1023 1638 peccati
1034 1599 1123 1630 dum-

243 1659 334 1683 taxat
344 1651 457 1683 tollitur
468 1673 479 1689 ,
501 1651 540 1683 (ff
552 1646 745 1686 Ministert'um
753 1648 940 1682 5acerdotum
947 1647 1042 1690 solum
1053 1648 1123 1680 libe-

242 1710 293 1732 rat
305 1701 325 1731 ἃ
336 1710 437 1734 reatu.
468 1701 606 1732 Peccator
630 1701 779 1734 Poennens
803 1709 861 1730 non
878 1697 1053 1739 vivificatur
1064 1702 1124 1730 mi·

241 1749 356 1788 nisterio
376 1750 539 1787 sacerdotis
561 1747 748 1790 absblventis
759 1771 769 1786 ,
790 1746 876 1790 seda
893 1745 952 1790 solo
963 1751 1047 1787 Deo,
1072 1754 1124 1789 qul

242 1803 456 1833 Paenitentiam
464 1797 622 1842 suggerens
634 1800 668 1831 Za·
681 1797 835 1841 inspirans
856 1797 995 1838 vivificat
1013 1809 1078 1830 eum
1091 1798 1124 1830 Θ

239 1848 415 1891 resuscitat,
441 1848 596 1888 ministerio
614 1857 715 1880 autem
737 1848 903 1883 sacerdotis
921 1845 1000 1889 fidus
1023 1856 1123 1880 reatus

240 1900 374 1939 tollitur.
401 1898 489 1933 Vera
510 1898 627 1932 animae
651 1898 765 1931 nostrae
792 1898 856 1930 vita
877 1896 921 1929 est
942 1897 990 1930 illi
1012 1897 1045 1930 δε
1070 1909 1123 1940 per

241 1950 400 1983 astualem
413 1947 606 1984 charitatem
618 1970 628 1986 ‚
653 1948 684 1980 ἀ
697 1955 750 1990 pet
763 1945 961 1979 habitualem
984 1948 1122 1990 gratiam

239 1999 353 2032 unitus
364 1998 473 2033 Deus:
503 1997 689 2031 Habitualis
700 1996 802 2040 gratia
814 2019 824 2034 ,
849 1997 925 2039 quia
939 2008 1004 2029 non
1018 1997 1034 2028 a
1049 1997 1123 2030 solis

239 2060 342 2092 poenae
359 2072 370 2089 ,
398 2048 450 2082 sed
475 2047 574 2080 etiam
597 2047 615 2080 ὲ
634 2047 734 2088 culpae
744 2045 883 2078 reatibus
901 2045 1037 2086 liberat,
1064 2046 1124 2088 ple-

238 2109 380 2142 namque
410 2098 538 2131 confert
569 2095 783 2130 iemissionem
817 2106 1021 2138 peccatorum
1039 2120 1048 2136 ‚
1077 2097 1121 2129 est

237 2149 342 2189 unio,
371 2145 590 2186 inhabitatio,
618 2147 650 2180 ἀ
673 2148 737 2178 vita
763 2146 972 2187 principalior
992 2157 1001 2186 ;
1030 2156 1125 2188 atque

238 2198 282 2231 ita
295 2209 443 2240 peccator
455 2221 466 2237 ‚
492 2197 580 2239 quod
595 2197 649 2227 illa
664 2207 719 2238 per
732 2195 975 2228 Sacramentum
999 2195 1124 2227 diffun-

236 2248 332 2280 datur
353 2249 384 2280 in
402 2247 516 2281 nostris
528 2244 681 2278 cordibus
693 2268 702 2283 ,
731 2255 932 2286 nequaquam
946 2244 1125 2278 vivifi:atur

235 2298 253 2330 Ξι
276 2297 346 2330 solo
369 2298 445 2330 Deo
458 2320 467 2335 ,
495 2296 544 2331 sed
557 2296 654 2328 etiam
668 2296 685 2328 a
698 2295 876 2327 ministerio
888 2294 1117 2329 Sacerdotum.

236 2347 331 2380 Solus
349 2347 413 2384 fine
437 2347 609 2389 adsumpto
633 2346 666 2378 in
690 2344 898 2378 ministeriale
920 2344 1119 2386 adjutorium

237 2398 447 2430 sacramento
472 2396 563 2430 Deus
576 2394 676 2429 solam
688 2396 844 2428 aetualem
857 2396 917 2428 suae·
938 2396 1123 2428 dilestionis

236 2447 269 2487 ὃ(
283 2448 413 2479 contriti
427 2447 533 2480 cordis
548 2448 650 2479 vitam
663 2444 886 2487 peccatoribus
901 2446 1032 2486 inspirat
1045 2470 1054 2483 ,
1078 2456 1119 2478 re-

237 2498 393 2537 cipiendae
415 2496 480 2538 jam
505 2497 639 2528 laudatae
662 2495 818 2528 habituali
845 2496 914 2527 vitae
935 2494 1119 2536 dispositio-

237 2557 312 2578 nem
337 2545 464 2588 penitus
485 2546 688 2578 necessariam
708 2558 720 2576 .-
748 2545 861 2585 Atque
885 2545 928 2577 ita
951 2546 1036 2578 lucet
1058 2545 1122 2577 fine

238 2595 298 2638 hac
310 2597 348 2628 ad
362 2596 453 2628 istam
471 2595 593 2628 nemini
608 2605 713 2636 patere
727 2592 899 2637 ingressum
911 2617 918 2625 .

101 2655 224 2690 proba.
290 2644 446 2679 Eamdem
470 2645 638 2678 veritatem
652 2644 756 2687 palam
769 2643 917 2688 ptaedicat
931 2644 1119 2677 sacrosancta

66 2713 118 2740 tur
158 2695 438 2739 ,Us‚Tridentina
469 2694 621 2738 Synodus
641 2718 651 2734 ‚
677 2693 838 2731 definiens
873 2693 1118 2727 Contritionem

68 2755 140 2788 mm
181 2767 221 2790 ex
237 2746 298 2779 effe
321 2745 468 2779 dolorem
481 2770 492 2785 ‚
518 2745 632 2778 odium
647 2768 656 2782 ,
682 2744 715 2777 &
738 2743 986 2778 detestationem
998 2744 1040 2776 de
1051 2754 1117 2785 pec·

69 2803 213 2839 Triden.
237 2806 310 2829 cato
330 2796 506 2830 commisso
519 2820 528 2828 .
557 2795 633 2828 Esse
651 2792 747 2827 debet
772 2804 837 2826 non
859 2793 1036 2829 deincurso
1050 2805 1115 2835 pec-

68 2853 140 2888 tino
238 2848 300 2880 cati
323 2846 482 2888 supplicio
493 2871 501 2885 ‚
517 2845 647 2886 aureius
669 2854 757 2877 reatu
770 2867 780 2883 ‚
809 2842 859 2877 sed
874 2843 914 2877 de
926 2844 995 2887 ipso
1011 2855 1116 2886 pecca·

67 2903 223 2941 Concilio
237 2906 274 2930 to
290 2920 300 2936 ,
325 2897 471 2940 adeoque
496 2896 559 2928 Dei
580 2907 617 2928 ac
638 2893 770 2937 Justitiae
791 2892 922 2932 dilestio
946 2919 953 2926 .
989 2893 1117 2926 Etenim

238 2946 351 2980 odium
366 2947 508 2981 infamiae
519 2957 560 2978 ex
571 2944 747 2978 dilestione
759 2945 851 2981 famae
862 2968 872 2989 ,
885 2943 988 2977 morbi
1004 2944 1117 2977 odium

238 3006 280 3028 ex
303 2996 447 3030 sanitatis
469 2996 643 3029 dilectione
664 3019 674 3034 ,
702 2993 816 3027 odium
843 2994 1043 3038 captivitatis
1065 3003 1118 3026 aut

238 3045 398 3080 servitutis
418 3059 457 3080 ex
483 3045 657 3079 diledlione
676 3044 856 3082 libertatis,
884 3045 917 3076 &
939 3045 1122 3087 generatim>

237 3096 375 3137 quodvis
396 3096 536 3139 cujusvis
548 3097 625 3129 mali
639 3094 752 3129 odium
769 3094 910 3133 nascitur
922 3105 960 3126 ex
976 3094 1119 3127 dilestio-

236 3155 277 3177 ne
289 3146 426 3188 oppositi
442 3146 540 3185 boni.
570 3147 615 3179 At
638 3145 712 3178 vero
725 3145 850 3178 bonum
863 3144 1038 3178 commisso
1051 3155 1122 3188 pec·

237 3204 311 3228 cato
322 3195 438 3229 directe
447 3196 612 3230 adversum
625 3195 669 3228 est
681 3195 805 3229 Divina
818 3194 936 3236 justitia
950 3218 962 3233 ,
989 3195 1040 3227 seu
1055 3195 1120 3228 ani·

236 3255 322 3277 mam
335 3244 472 3278 nostram
488 3246 539 3278 sua
556 3245 799 3282 inhabitatione
814 3245 994 3287 justificans
1008 3245 1098 3278 Deus
1111 3271 1119 3284 ,

235 3296 382 3335 adeoque
396 3294 575 3335 iniqu³tatis
586 3294 757 3330 detestatio
768 3297 801 3329 ὃς
814 3295 930 3329 odium
946 3307 982 3327 na
990 3295 1031 3328 sci
1054 3306 1119 3328 non

222 3345 371 3388 'possunt
386 3369 394 3384 ,
426 3346 480 3377 nisi
497 3356 535 3377 ex
562 3346 656 3387 ipsius
674 3347 763 3386 casto
775 3357 903 3378 amore.
935 3344 974 3377 Et
992 3345 1069 3377 hinc
1082 3346 1118 3378 ad

238 3390 349 3428 nescio
374 3405 469 3435 quem
496 3395 694 3428 Anastafium
721 3396 826 3429 scribit
842 3397 953 3430 beatus
967 3396 1119 3439 Augusti-

70 3420 128 3465 EP‘
147 3430 222 3469 144¹
242 3457 300 3480 nus
313 3459 323 3478 .-
350 3449 492 3479 Inimicus
510 3444 649 3487 Justitlae
662 3446 699 3486 est
711 3451 859 3488 quipoenae
874 3452 977 3479 timore
989 3454 1119 3487 nonpec-

1185 251 1268 282 Tunc
1287 253 1366 286 ,enim
1388 251 1457 281 ὐενὲ
1469 249 1584 282 timebit
1591 257 1728 294 peccare.
1758 253 1842 285 Nam
1855 250 2061 292 quigehcnnas

1186 304 1291 336 metuit
1302 323 1313 338 ,
1339 310 1396 331 non
1412 306 1531 340 peccare
1542 306 1643 333 metuit
1656 324 1665 339 ,
1684 298 1740 341 sed
1752 301 1875 331 audere.
1903 300 1954 332 1lle
1965 307 2062 332 autem

1182 357 1304 393 peccare
1326 354 1452 387 metuit,
1479 354 1528 389 qui
1549 357 1699 391 peccatum
1719 347 1815 391 ipsum
1833 348 2062 393 ficutgehennas

1185 400 1266 434 odie.
1298 398 1352 431 Est
1368 396 1644 443 RegiiProphetae
1657 398 1886 441 Philosophia:
1916 404 2064 442 ‚Iniquita-

1187 458 1246 482 tem
1265 450 1329 480 odio
1340 447 1453 487 habui,
1480 447 1715 486 &abominatus
1737 447 1821 491 sum,
1846 450 1937 492 legem
1961 459 2062 481 autem

1185 506 1270 534 tuam
1279 499 1372 531 dilexi
1385 522 1392 530 .
1410 498 1520 541 Pergit
1535 497 1735 540 Augustinus
1748 511 1758 536 ‚-
1770 500 1900 534 Tantum
1912 508 2062 540 peccatum

1186 549 1270 588 odit,
1299 549 1444 589 quantum
1461 546 1623 593 Justt'tiam
1645 548 1742 590 diligit
1763 573 1770 580 .
1802 549 1842 584 Et
1864 550 1896 582 in
1914 550 2002 583 libris
2021 549 2064 583 de

1190 599 1255 632 Dei
1265 597 1408 632 Civitate
1421 595 1544 631 scribit:
1574 598 1666 640 ,Quod
1675 596 1806 638 quisfine
1818 599 1952 631 illiciente
1965 610 2064 633 amore

1187 660 1246 685 non
1268 647 1393 688 habult,
1415 647 1476 689 fine
1495 656 1596 683 urente
1606 648 1700 679 dolore
1714 649 1900 688 nonperd1't.
1929 652 1980 680 Ex
2001 652 2062 688 ejus
2081 648 2156 687 Lib.
2180 659 2237 687 21.

1188 699 1329 738 amiffione
1347 699 1466 735 tantum
1490 697 1589 739 necesse
1610 695 1647 735 est
1670 705 1703 729 ut
1712 707 1781 729 urar
1794 698 1894 736 dolor,
1921 700 2064 740 quantum
2080 712 2148 747 cap.
2173 700 2226 739 16.

1187 748 1314 791 haeserat
1339 760 1437 781 arnor.
1468 749 1511 782 Et
1535 747 1575 781 de
1586 745 1734 785 ‚fidelibus
1748 747 2005 789 Romanis,'qui
2029 750 2063 781 in

1189 797 1330 834 Gothica
1343 799 1430 833 urbis
1440 798 1678 841 depraedatione
1688 798 1858 835 amiserant
1873 798 1925 829 sua
1940 799 2064 837 omnia,

1186 850 1231 882 ait
1255 849 1287 880 in
1311 850 1378 882 alio
1397 849 1539 891 ejusdem
1563 848 1668 890 operis
1692 847 1797 885 libro;
1826 849 1983 889 ,Quantum
2002 848 2064 880 haec
2084 865 2147 900 Lib
2185 879 2203 905 1

1185 899 1315 931 amando
1326 904 1539 940 peccaverint,
1562 898 1713 938 perdendo
1736 895 1906 939 senserunt.
1935 899 2064 930 Tantum
2149 891 2156 899 ’
2207 892 2215 901 ”

1186 950 1292 994 quippe
1305 951 1457 981 doluerunt
1467 973 1478 988 ,
1505 949 1652 989 quantum
1662 945 1693 989 se
1707 947 1848 980 doloribus
1860 945 2045 989 inseruerunt
2058 972 2065 979 .

1188 999 1397 1041 Loquiturex
1412 999 1573 1040 Apostolo
1587 1010 1594 1029 :
1621 1000 1761 1031 Omnium
1772 999 1912 1030 malorum
1924 1000 2015 1030 radix
2028 997 2065 1037 est

1183 1050 1332 1090 cupiditas
1348 1073 1360 1089 ,
1386 1060 1476 1091 quam
1498 1049 1620 1092 quidam
1643 1055 1814 1088 appetentes
1828 1045 2014 1088 inseruerunt
2034 1046 2068 1090 se

1186 1099 1330 1134 doloribus
1352 1100 1453 1132 multis
1471 1123 1478 1130 .
1514 1098 1621 1131 Dolor
1642 1097 1676 1135 &
1688 1097 1801 1130 odium
1814 1098 1886 1131 sunt
1901 1099 2066 1140 proprius,

1188 1150 1307 1191 parenti
1336 1147 1589 1190 inseparabiliter
1613 1157 1715 1181 nexus
1730 1172 1739 1186 ‚
1767 1147 1799 1179 &
1814 1147 1979 1190 adaequate
1992 1149 2070 1181 sem-

1187 1210 1241 1241 per
1258 1199 1538 1232 commensuratus
1552 1222 1561 1237 ,
1588 1196 1774 1230 dilectionis
1786 1198 1899 1236 foetus,
1929 1197 2069 1238 ideoque
2150 1184 2169 1223 ἶ
2188 1185 2197 1200 ¹

1186 1250 1365 1283 commissae
1386 1249 1568 1291 iniquitatis
1591 1246 1739 1280 dolorem
1763 1271 1774 1287 ,
1799 1247 2070 1293 detestationem,
2164 1270 2183 1297 f

1186 1300 1220 1332 ὅ(
1240 1299 1355 1332 odium
1380 1309 1420 1331 ex
1435 1297 1570 1340 Justitiae
1584 1297 1759 1331 dilectione
1770 1297 1802 1328 &
1815 1297 2047 1339 nafessaportet
2059 1321 2070 1336 ‚
2114 1305 2122 1314 ‘

1187 1349 1220 1382 &
1240 1347 1383 1392 ejusdem
1394 1358 1469 1380 cum
1485 1348 1550 1389 ipsa
1563 1347 1629 1380 esse
1640 1345 1754 1383 modi,
1784 1346 1936 1388 ponderis
1950 1370 1960 1385 ,
1974 1358 2070 1381 meu-

1188 1399 1261 1432 surae
1283 1422 1290 1430 .
1320 1396 1417 1431 Adeo
1439 1395 1573 1431 fundata
1592 1396 1636 1434 est
1659 1396 1807 1428 definitio
1831 1394 2031 1429 Tridentina
2062 1419 2071 1428 .

1187 1446 1288 1494 Qod
1309 1448 1376 1481 sola
1401 1447 1467 1482 Dei
1492 1446 1626 1480 dileetio
1639 1445 1780 1478 Domini
1795 1445 2073 1487 Discipulos&fi-

1190 1499 1250 1531 lios
1263 1498 1282 1531 a
1299 1496 1413 1532 mundi
1428 1498 1480 1531 seu
1493 1496 1618 1529 diaboli
1635 1494 1802 1538 discipulis
1813 1506 1849 1527 ac
1872 1495 1948 1528 filiis
1959 1496 2074 1530 discer-

1189 1558 1264 1588 nat,
1291 1546 1380 1591 quod
1405 1547 1472 1581 sola
1492 1546 1532 1582 ab
1556 1543 1723 1578 haedorum
1750 1544 1869 1578 sinistra
1894 1546 1933 1579 ad
1957 1546 2079 1579 ovium

1186 1597 1333 1633 dextram
1356 1597 1551 1637 transferat,
1579 1595 1667 1638 quod
1690 1595 1758 1631 sola
1772 1594 1868 1628 nobis
1881 1596 2074 1632 Sacramen-

1188 1658 1219 1682 ta
1237 1648 1385 1692 prodesse
1402 1646 1499 1680 faciat
1511 1670 1521 1687 ,
1547 1640 1644 1688 atque
1659 1645 1701 1679 ita
1714 1645 1803 1680 illam
1812 1646 1878 1679 esse
1891 1645 2069 1688 palmarem

1186 1699 1217 1732 &
1245 1697 1527 1734 fundamentalem
1561 1695 1782 1729 Contritionis
1814 1695 1847 1728 &
1873 1694 2072 1738 poenitentiae
2100 1708 2110 1713 ⁴⁷

1185 1749 1310 1787 astum,
1338 1748 1536 1780 incessanter
1557 1744 1785 1788 Augustinus,
1809 1743 2071 1785 Patresotnnes‚

1185 1809 1220 1830 ac
1238 1808 1284 1830 res
1310 1797 1375 1839 ipsa
1402 1796 1565 1835 clamant3
1593 1794 1703 1827 verum
1722 1794 1755 1826 in
1778 1805 1811 1827 re
1833 1793 1940 1829 lucida
1965 1796 2071 1829 nolim

1183 1858 1246 1892 ego
1269 1846 1440 1880 Lestorem
1454 1845 1600 1889 pluribus
1624 1844 1760 1888 fatigare
1773 1865 1782 1875 .

2082 927 2151 963 cap.
2182 927 2236 955 10.

1345 1945 1377 1980 C
1428 1944 1461 1985 A
1512 1943 1539 1983 P
1591 1943 1631 1979 U
1683 1942 1720 1976 T
1820 1943 1836 1976 1
1864 1943 1906 1978 V.

1234 2046 1333 2082 Sacrae
1354 2045 1480 2089 Synodi
1495 2043 1589 2078 verba
1602 2067 1613 2085 ‚
1640 2048 1735 2078 Deum
1749 2052 1906 2086 tamquam
1921 2048 2018 2076 omnls

1329 2101 1359 2141 J
1362 2095 1468 2135 ustitiae
1474 2094 1595 2136 fontem
1607 2089 1737 2138 'diligere
1750 2100 1895 2136 incipiunt
1908 2117 1919 2134 ,

1445 2143 1564 2189 largius
1586 2155 1815 2188 exponuntur.

1280 2244 1418 2280 Mnibus
1428 2244 1579 2281 fidelibus
1593 2243 1698 2278 immo
1708 2243 1861 2278 omnibus
1877 2242 2069 2278 hominibus
2088 2217 2147 2260 Ep'
2162 2230 2241 2258 ²²¹⁶

1302 2294 1387 2332 nihil
1413 2295 1514 2340 magis
1528 2296 1560 2328 in
1576 2305 1653 2328 veto
1676 2294 1721 2327 est
1742 2296 1839 2338 quam
1852 2296 1961 2328 Deum
1979 2295 2070 2337 opti·
2086 2280 2106 2302 ²
2157 2292 2165 2301 '

1182 2354 1273 2378 mum
1297 2347 1477 2379 maximum
1495 2370 1504 2384 ,
1530 2346 1607 2381 licet
1635 2356 1701 2377 non
1717 2344 1862 2383 intueri,
1890 2345 2001 2377 saltem
2017 2356 2069 2387 ap·

1184 2394 1379 2437 prehendere
1390 2418 1400 2434 ,
1423 2396 1455 2431 &
1468 2395 1552 2428 nihil
1569 2395 1664 2428 nobis
1677 2394 1721 2427 est
1733 2395 1836 2438 magis
1849 2392 2062 2436 impollibile.

1185 2446 1281 2479 Hanc
1299 2442 1522 2480 infirmitatem
1535 2444 1701 2487 adjuturus
1715 2445 1743 2477 S.
1760 2444 1964 2487 Augustinus
1978 2467 1987 2483 ‚
2013 2455 2065 2477 ne*
2084 2435 2174 2470 Deus
2191 2435 2238 2469 est

1183 2496 1247 2528 scio
1269 2496 1323 2528 cui
1349 2496 1438 2530 fratri
1462 2495 1650 2528 Consentio
1677 2493 1786 2526 suadet
1800 2494 2064 2537 priusconcipere
2082 2486 2238 2529 suprema·

1181 2546 1359 2589 Justhiam,
1389 2546 1422 2579 ὃς
1445 2544 1484 2579 ad
1497 2545 1565 2585 ejus
1579 2555 1657 2576 tunc
1671 2544 1804 2586 speciem
1819 2544 1870 2580 seu
1883 2543 2063 2578 similitudi·
2082 2535 2210 2579 JUstitia
2225 2557 2237 2571 ·

1182 2607 1255 2629 nem
1268 2597 1441 2637 concipere
1456 2596 1564 2627 Deum
1575 2618 1583 2630 ,
1613 2595 1659 2626 At
1669 2603 1743 2628 ecce
1757 2594 1835 2627 hinc
1847 2604 1952 2627 novus
1965 2605 2061 2628 error.

1182 2645 1279 2685 Mihi,
1307 2643 1472 2687 respondit
1495 2645 1550 2677 ille
1565 2667 1574 2681 ‚
1603 2649 1655 2684 qui
1672 2642 1871 2684 subtilitatem
1891 2643 2064 2686 disputatio-

1180 2700 1227 2727 nis
1241 2696 1338 2736 tepido
1345 2701 1495 2735 percipere
1507 2695 1591 2726 corde
1607 2698 1663 2725 va
1672 2693 1800 2735 poffum,
1829 2693 1987 2729 videbatur
2014 2700 2063 2726 nl-

1178 2744 1223 2778 hil
1250 2751 1361 2778 vivum
1386 2743 1549 2787 secundum
1566 2742 1764 2785 substantiam
1787 2744 1871 2785 inesse
1886 2743 2028 2789 Justitiae
2049 2768 2060 2784 ,

1178 2796 1299 2836 ideoque
1323 2806 1379 2826 non
1397 2794 1507 2835 possum
1517 2794 1614 2825 adhuc
1629 2797 1722 2825 Deum
1737 2817 1745 2831 ‚
1773 2795 1806 2824 id
1819 2793 1885 2832 est,
1906 2799 2062 2825 viventem

1179 2852 1317 2881 naturam
1338 2868 1348 2884 ,
1368 2845 1504 2887 Justmae
1520 2843 1644 2884 fimilem
1666 2849 1792 2884 cogitare
1814 2865 1824 2880 ,
1850 2847 1919 2884 quia
1929 2843 2062 2886 justitia

1179 2906 1234 2926 non
1246 2892 1318 2938 inse
1332 2918 1342 2933 ‚
1366 2893 1463 2936 s‘edin
1475 2895 1558 2926 nobis
1573 2900 1653 2925 vivit
1666 2916 1674 2929 ,
1687 2891 1824 2934 ntsr‘forte
1836 2903 1892 2924 non
1907 2892 1996 2934 hujus
2009 2892 2062 2925 hu·

1178 2955 1275 2977 manae
1289 2950 1443 2985 aequitntis
1454 2968 1463 2985 ,
1486 2943 1542 2986 scd
1556 2945 1607 2975 illa
1622 2967 1629 2980 ,
1657 2953 1722 2982 quae
1738 2944 1815 2975 Deus
1828 2942 1864 2981 est
1878 2967 1887 2981 ,
1911 2941 1975 2986 sola
1995 2941 2063 2982 affe-

1179 3005 1262 3027 ratur
1282 2995 1485 3038 effi’Justitia.
1518 2992 1722 3026 Existimavit
1738 2993 1899 3036 Justitiam
1916 3004 1983 3026 non
1996 2994 2062 3026 esse

1181 3046 1285 3077 vivam
1310 3055 1406 3087 atque
1432 3042 1737 3078 incommutabilem
1764 3042 1994 3081 substantiam,
2010 3043 2062 3077 sed

1180 3094 1337 3128 inhaerens
1358 3094 1453 3128 nobis
1472 3093 1620 3126 accidens
1642 3094 1673 3126 ἀ
1687 3091 1842 3125 mobilem
1858 3094 2062 3135 qualitatem,

1178 3143 1317 3188 ideoque
1351 3145 1399 3178 illi
1434 3154 1507 3176 cum
1528 3144 1607 3176 'Deo
1631 3140 1713 3175 nihil
1740 3145 1805 3176 esse
1837 3142 2064 3184 similitudinis

1177 3205 1231 3229 aut
1244 3196 1408 3238 paritatis.
1436 3193 1594 3236 Reposuit
1610 3192 1684 3227 vero
1698 3192 1725 3225 S.
1747 3193 1951 3236 Augustinus
1964 3192 2060 3225 aliam

1177 3245 1241 3278 esse
1259 3245 1486 3288 participatam
1511 3244 1543 3276 ὃς
1576 3243 1680 3276 cuivis
1701 3241 1835 3276 homini
1864 3243 2021 3285 propriam
2050 3265 2061 3281 ,

1177 3295 1272 3328 aliam
1304 3297 1481 3337 supremam
1519 3294 1551 3327 &
1573 3294 1667 3326 omni
1691 3291 1817 3326 homini
1850 3303 2061 3326 communem

1178 3345 1361 3388 Justidam,
1389 3343 1483 3385 cujusr
1501 3344 1616 3386 aequali
1644 3352 1699 3376 aut
1727 3342 1873 3385 inaequali
1896 3342 2063 3383 participa-

1178 3397 1274 3428 tione
1302 3393 1468 3437 aequaliter
1498 3403 1554 3426 aut
1583 3393 1783 3437 inaequaliter
1804 3392 1879 3433 just»
1903 3401 1958 3424 aut
1980 3391 2061 3433 justa

1177 3446 1237 3479 lint
1263 3444 1337 3488 justi
1360 3454 1476 3479 ornnes
1498 3443 1530 3478 δι
1550 3442 1631 3487 justa
1653 3443 1768 3479 omnia
1791 3453 1799 3474 :
1828 3441 1910 3475 Eam
1933 3441 1997 3475 esse
2015 3440 2063 3475 in·

1939 3502 2026 3527 com-
