2340 3776
327 187 424 234 Voce
441 188 651 235 Panegyrica
673 200 811 227 centena
835 190 973 238 Ostenta
998 192 1163 246 docente,

326 239 501 274 Detrufifle
520 242 583 276 suis
603 241 725 286 stagnis
745 267 755 282 ,
781 252 819 276 ac
841 243 968 279 lumina
993 245 1058 279 iteri
1077 269 1089 286 ‚

325 287 404 322 Post
426 289 637 326 obtruncatos
657 291 815 334 Mysteria
838 294 965 330 summa
982 306 1138 340 negantes

327 338 478 374 Effeciffe
497 341 561 374 Dei
586 365 598 381 ‚
624 350 695 376 toto
716 340 934 384 splendescere
955 344 1089 379 Mundo
1111 345 1130 376 ἔ
1180 357 1186 366 ·>
1319 375 1324 380 .

378 388 504 426 Cunsta
525 388 630 424 iflhaec
651 393 768 434 quanti
789 392 913 428 faciant
929 394 1093 439 Denique
1116 394 1283 442 Probique

326 439 467 483 Ingenio
480 440 648 489 composta
671 440 790 487 LUPl
814 467 825 490 φ
850 453 947 490 atque
968 443 1153 479 volucribus
1172 446 1251 481 aulis

326 488 460 522 Mundo
485 500 596 532 parta,
615 487 696 524 'tuos
721 493 803 527 tanti
824 495 953 528 censere
977 494 1103 529 labores
1162 513 1165 518 ·
1189 491 1193 496 ’
1317 521 1323 526 «

327 537 458 572 Arbiter
474 549 583 582 aequus
603 550 691 574 amat
705 554 717 574 :
734 551 862 588 tanturn
882 555 950 577 non
976 555 1056 582 ante
1067 545 1264 590 Magistrum
1333 584 1346 591 ,Β
1417 586 1422 594 7

328 587 454 622 Ponere
477 584 883 641 discipulunr‹compulsus
898 618 909 634 ,
937 593 1086 629 Nomina
1105 605 1247 639 quorum

325 635 498 673 Posteritas
517 634 708 688 celebraiiga
730 642 832 686 gradu
858 643 1001 687 fignabit
1022 645 1159 679 eodem.

379 686 707 739 Pergamo-dd'fi&
720 692 865 736 reliquos
890 703 974 737 quos
991 693 1102 729 abdita
1123 694 1247 730 Scrinia
1263 695 1437 738 condunt,

326 738 413 773 Erue
438 738 482 772 de
506 739 646 784 tenebris
671 740 805 783 Faetus,
831 742 865 776 ὅ(
889 743 1015 779 lumine
1034 745 1122 780 dona
1150 779 1153 782 ,

325 788 504 833 Ingenium
526 789 685 834 quidquid
708 791 810 836 liquet
831 793 1029 828 elucubrasse
1042 793 1286 841 ,LUP1NUM
1298 808 1314 838 ‚-

326 838 410 873 Non
432 839 545 874 minor
564 840 610 874 est
634 842 754 875 etenim
779 844 900 884 virtus,
927 854 996 887 quae
1013 846 1137 889 Scripta
1159 841 1338 882 Parentun‘n'

325 888 448 922 Vivere
470 899 623 932 perpetuo
646 891 837 927 meritorum
862 893 898 927 i'n
919 904 1030 928 mente
1052 890 1210 937 nepotum‘

324 937 485 973 Vindicat
507 938 639 974 interitu
661 952 671 982 ;
697 941 795 985 quam
818 953 887 986 quae
903 942 1042 979 feliciter
1066 945 1151 980 Orbi
1246 942 1248 945 ’

323 988 407 1023 Haec
428 986 540 1023 eadem
560 989 673 1027 eduxit
697 1015 708 1031 ,
734 992 872 1028 fortaffis
894 1005 1037 1037 praecoce
1059 996 1144 1029 Fato
1164 996 1173 1012 ⁴*

323 1038 489 1073 Amiffura
511 1038 599 1074 diem
615 1064 627 1082 ,
655 1041 712 1074 nisi
735 1041 883 1081 dextram
909 1043 1052 1089 porrigat
1074 1051 1182 1088 aequus

322 1089 410 1138 Qis
433 1088 607 1132 similisque
628 1090 676 1123 tui
702 1085 838 1126 Vindex
861 1116 869 1124 .
899 1092 976 1128 Hac
999 1090 1112 1136 utique
1135 1096 1222 1128 fama

320 1138 376 1172 Ne
396 1137 510 1173 dubita
526 1161 537 1177 ,
564 1138 822 1175 GUILELME
846 1165 858 1182 ,
884 1153 940 1186 per
960 1142 1159 1178 immortalia
1182 1143 1273 1178 vives

319 1189 454 1224 Secula.
481 1189 600 1223 Donec
620 1191 710 1224 enim
732 1191 900 1226 Doctrina
924 1193 1073 1236 lampade
1092 1202 1250 1237 magnum

320 1238 456 1279 Nomen
476 1238 512 1273 in
532 1236 624 1277 Orbe
645 1239 764 1278 LUPI
788 1240 878 1276 cluat
905 1264 918 1284 2
946 1240 1165 1280 inclamabere
1190 1251 1349 1288 magnus.

1216 1347 1368 1379 Fraterno
1393 1344 1500 1386 affe&
1524 1355 1689 1391 auguratur
1706 1375 1719 1393 ,
1754 1351 1791 1385 ε.
1813 1350 2076 1387 Amen-rus
2100 1322 2171 1387 ssa'

1265 1392 1372 1428 ROY
1382 1419 1395 1436 ,
1419 1392 1551 1438 ejusdem
1563 1399 1688 1431 ordinis
1708 1400 1965 1444 fflssniographus
1976 1402 2137 1435 Generalis
2150 1425 2160 1434 .

659 1495 739 1504 -.-.ae

423 1561 769 1601 ADMODUM
802 1562 1217 1604 REVERENDO
1251 1555 2079 1631 DOCTISSIMOQUEZPATRI..
2138 1608 2140 1610 ,

362 1655 1210 1735 GUILIELMO
1302 1659 2165 1769 VVYNANTQ

605 1773 891 1831 Augustimanae
919 1774 1266 1834 Fiandrossdgieae
1292 1775 1501 1826 Provinciae
1528 1779 1770 1848 Diffienrori,
1793 1782 1877 1829 &a
1908 1764 1911 1768 '
1974 1804 1979 1811 <

2128 1846 2130 1859 ἵ
2151 1847 2157 1865 0

442 1889 520 1934 Rgo
542 1891 659 1934 iterum
683 1892 753 1934 post
773 1893 838 1926 fata
863 1892 1032 1929 LUPUS
1053 1893 1239 1935 redivivus,
1265 1893 1426 1942 humique

531 1942 634 1984 Spirat
650 1966 660 1983 ,
684 1942 717 1976 ἀ
744 1944 777 1975 in
805 1941 906 1977 libros
927 1943 1101 1987 posthuma
1123 1946 1211 1980 fama
1231 1945 1344 1981 redit?

457 1994 491 2027 O
517 1990 672 2031 reddeat,
701 1991 874 2034 videatque
894 1994 980 2028 diem
996 2019 1007 2036 ‚
1034 1994 1089 2038 qui
1108 1996 1248 2035 funere,
1273 1995 1308 2030 ἀ
1331 1997 1402 2040 ipsa

531 2040 656 2074 Invidia
681 2041 801 2082 major,
832 2044 939 2076 vivere
961 2045 1083 2085 dignus
1106 2051 1192 2075 erat.

326 2087 396 2132 Qi
424 2088 523 2122 libros
550 2091 633 2123 inter
656 2088 761 2127 vixit,
784 2089 848 2129 jam
873 2091 979 2132 surgat
1004 2088 1141 2126 iisdem,

428 2135 518 2169 Dum
541 2137 671 2169 Tomus
695 2134 748 2168 hic
766 2135 872 2170 lucem
899 2148 966 2170 non
991 2137 1152 2180 periturus
1173 2134 1288 2173 habet.

327 2185 381 2220 sic
408 2183 542 2218 Phaenix
566 2185 725 2219 redivivus
748 2185 853 2227 adest,
879 2186 1047 2230 cinerique
1066 2185 1218 2230 superstes

431 2235 562 2269 Emittit
589 2234 682 2269 busto
705 2234 824 2268 semina
845 2236 918 2271 viva
938 2238 995 2271 suo
1009 2261 1016 2268 .
1167 2247 1171 2251 ’

327 2284 397 2331 Qi
416 2284 592 2318 Canonum
616 2296 776 2319 memores
797 2285 911 2320 Fassos
933 2311 945 2327 ,
971 2284 1252 2332 memorandae&
1272 2287 1360 2329 illis,

430 2335 604 2378 Descripfit
628 2345 722 2369 notas
746 2336 975 2380 Conciliisque
998 2341 1116 2370 Notas.

329 2386 409 2420 Hoc
428 2385 472 2419 est
497 2385 667 2428 Scriptoris
689 2408 700 2424 ,
725 2384 868 2419 cedrinis
885 2387 961 2421 dare
981 2387 1119 2421 nomina
1143 2385 1275 2429 Fastis',

429 2435 502 2469 Nec
521 2446 630 2469 toturn
653 2435 782 2469 tumulo
803 2436 873 2478 post
896 2437 950 2471 sua
973 2437 1040 2471 fata
1062 2436 1149 2481 tegi.

330 2485 474 2520 Scribere
491 2496 558 2518 non
581 2486 686 2519 solnm
706 2508 717 2524 ‚
744 2485 796 2519 sed
816 2485 941 2530 Scripta
964 2487 1075 2521 relicta
1099 2485 1243 2522 tenebris

432 2535 572 2575 Emere,
597 2535 630 2569 &
652 2535 717 2569 luci
737 2534 893 2576 reddere,
918 2536 1043 2582 grande
1066 2536 1185 2570 decus.

333 2584 393 2619 Per
415 2593 467 2625 te,
494 2585 574 2618 doae
600 2588 716 2624 Pater,
743 2584 910 2620 LUPUS
930 2587 975 2620 est
997 2586 1160 2621 redivivus
1187 2587 1222 2621 iu
1244 2587 1356 2631 Orbe,

433 2635 524 2668 Dum
548 2636 599 2668 sua
622 2634 747 2678 Scripta
767 2645 843 2669 tuus
864 2636 1011 2680 prodidit
1031 2646 1099 2671 arte
1119 2635 1237 2670 labor.

333 2685 388 2720 Ne
413 2685 551 2718 tenebris
572 2685 710 2718 latitaret
729 2709 740 2724 ,
769 2683 869 2719 habet
894 2696 926 2720 te
948 2685 1211 2720 vindice·lucem
1227 2713 1238 2730 ‚

433 2734 534 2781 Qlod
563 2735 693 2777 Scriptis
711 2733 810 2777 liquit
833 2734 905 2779 post
925 2737 979 2770 sua
1001 2737 1066 2770 fata
1085 2735 1269 2771 LUPUs.

337 2785 405 2819 Hic
428 2784 560 2818 Tomus
581 2784 705 2827 ingenii
723 2785 845 2827 praefert
870 2796 1086 2821 monumenta
1109 2785 1283 2823 LUPlNI
1295 2811 1308 2830 ,

434 2835 518 2881 Qae
540 2845 637 2868 nemo
661 2833 788 2867 invidiae
810 2835 922 2870 rodere
941 2834 1038 2871 dente
1057 2834 1142 2870 valet
1155 2861 1164 2869 .

337 2885 467 2929 Ingenii
494 2885 537 2918 est
567 2884 696 2918 illustris
722 2886 838 2927 Opus,
868 2885 956 2928 quod
977 2885 1107 2920 vindice
1124 2896 1231 2930 penna

437 2935 509 2968 Fert
532 2935 635 2968 varias
656 2933 786 2976 Sophiae
809 2946 877 2970 non
900 2936 1071 2970 morientis
1089 2946 1183 2979 opes.

340 2985 435 3017 Hinc
456 2984 587 3027 Scriptis
612 2983 677 3017 nati
701 2982 859 3018 laetabitur
879 2986 995 3020 umbra
1020 2986 1193 3031 Magistri,

440 3035 479 3067 Se
510 3036 615 3067 rursus
636 3034 765 3068 calamo
786 3036 893 3069 vivere
918 3036 1008 3079 posse
1032 3046 1109 3070 tuo.

341 3083 397 3117 Est
417 3083 547 3117 &oerum
568 3109 579 3124 ‚
604 3083 808 3128 dignumque
829 3085 926 3120 cedro
948 3096 1016 3120 tarn
1038 3085 1161 3120 illustre
1181 3085 1374 3134 Volumen,

443 3134 522 3179 Qo
544 3143 596 3167 tua
619 3157 629 3173 ,
654 3134 685 3167 ὅ(
709 3133 867 3168 Authoris
893 3137 980 3170 fama
1006 3137 1156 3179 perennis
1179 3138 1241 3172 erit
1256 3162 1265 3171 .

344 3183 427 3230 Qae
452 3182 586 3216 celebret
608 3184 713 3217 fausto
736 3184 895 3219 victurum
919 3187 1243 3230 Carmine-nomen,

443 3233 497 3267 Te
520 3235 643 3270 circum
663 3244 770 3277 penna
796 3236 918 3281 remige
942 3236 1043 3277 Fama
1063 3237 1168 3271 volet.

893 3341 930 3372 In
963 3347 1046 3371 τινα
1068 3336 1233 3381 vectusque
1253 3343 1395 3375 amicitie
1416 3343 1552 3387 “fferam
1573 3345 1610 3380 F.
1637 3345 1852 3390 JOANNES
1873 3349 2125 3389 HUYSSENS

939 3386 1069 3431 ejusdem
1080 3388 1201 3426 ordini:
1213 3411 1224 3430 ‚
1244 3393 1396 3427 Mariana
1420 3395 1607 3433 Sodalttatis
1632 3399 1718 3442 apud
1735 3401 1939 3448 Lovaeniensee
1962 3407 2089 3439 orator.

1990 3503 2127 3539 21²1-
