2366 3736
561 60 863 122 Renum

620 203 650 235 R

302 296 443 343 Eligiosa
456 299 606 344 professio
617 298 775 337 secundus
788 297 1082 344 Baptismus.Hinc

326 358 403 384 nata
428 349 630 383 consuetudo
656 349 845 385 celebrandi
873 351 1028 385 convivia
1048 350 1082 384 ss·

249 408 305 432 cut
326 398 362 432 in
389 398 554 442 Baptismo
576 398 656 433 olim
674 423 682 430 .
709 410 767 446 50.
792 411 822 436 1·
850 402 945 441 Vide,
972 399 1082 436 convi-

248 449 323 482 via.
348 448 459 495 Qam
481 447 751 485 consuetudinem
770 449 903 494 exigere
923 448 1083 486 Urbanus

204 531 208 536 ,
248 497 310 532 IV.
334 498 504 534 damnavit
523 499 565 534 de
586 499 736 536 Simonia
757 522 765 532 .
790 499 862 534 thid.
883 498 967 544 seqq.
991 498 1083 534 Varii

252 548 387 584 abusus.
1009 548 1082 583 ibid.

199 596 428 633 Romanorum
455 599 658 636 Pontificum
671 597 836 643 Rescripta
848 623 859 641 ,
886 597 1083 644 quandoque

250 647 535 691 probabilitatibus
556 650 724 685 nituntur.
867 657 919 686 11.
948 660 981 687 2·
1001 647 1083 695 seqq.

251 697 423 733 Erroribus
443 698 580 743 subjecta
603 699 695 734 sunt.
713 710 779 742 ,12-
798 708 830 733 2.
851 698 946 732 Hinc
973 708 1082 734 tamen

251 746 338 783 male
357 747 566 784 concluditur
587 760 702 784 contra
714 748 986 786 infallibilitatem
997 748 1081 783 Pon-

250 796 350 832 rificis
375 799 580 843 procedentis
601 811 645 833 ex
666 792 829 834 Cathedra
855 822 862 829 .
891 798 974 833 Non
995 799 1084 833 enim

250 857 323 880 tum
347 849 406 884 nisi
427 858 463 883 ut
481 849 685 893 particularis
707 848 878 892 procedit..
908 848 1085 893 Habetque

208 936 211 938 ,
250 896 458 942 Rescriptum
492 899 559 944 ejus
578 900 620 936 ad
643 900 805 937 summum
829 898 896 933 vim
920 899 1086 933 sententiae

254 947 524 985 interlocutoriae
853 974 856 976 -
985 959 1038 997 13-
1070 960 1082 983 1

202 994 313 1042 Reges
334 998 393 1044 qui
417 998 524 1035 aliena
546 998 707 1033 invadunt
729 980 843 1042 quam
850 998 988 1042 graviter
1011 1010 1087 1041 pec-

254 1057 355 1088 cent,
381 1049 416 1084 &
437 1049 587 1092 castigati
610 1049 695 1089 siut.
795 1049 871 1084 126-
901 1059 932 1085 2
946 1051 980 1084 (9·
1003 1047 1086 1094 seqq

200 1094 377 1141 Rigoristae
396 1097 576 1144 hypocritae
599 1098 704 1136 nitide
725 1097 1081 1147 descripti-71

204 1144 333 1180 Ruffim
347 1146 434 1182 fuere
443 1158 540 1191 tres,
565 1159 680 1183 omnes
702 1146 903 1206 Presbyteri,
929 1148 1051 1183 eruditi
1078 1171 1088 1186 ‚

257 1195 311 1228 sed
333 1196 375 1229 de
395 1196 458 1231 fide
483 1199 635 1241 suspecti·
628 1224 637 1241 ‚
663 1199 786 1243 primus
801 1198 1037 1242 Aquileiensis,
1049 1200 1088 1231 se-

203 1277 207 1280 .
253 1245 380 1281 cundus
400 1246 605 1290 palestinus,
633 1250 745 1285 tertius
766 1249 882 1291 Syrus.
985 1259 1086 1296 351

202 1290 325 1329 Ruflos
347 1297 399 1331 seu
411 1298 623 1341 Moscovitas
641 1310 721 1342 non
737 1300 930 1335 excusamus
945 1298 965 1334 a
988 1298 1090 1335 schis-

253 1356 362 1387 mate,
389 1349 466 1390 quia
488 1349 576 1385 nulla
599 1348 703 1392 potest
726 1359 783 1383 eos
795 1359 983 1393 ignorantia
996 1358 1087 1382 turos

204 1427 210 1430 ,
251 1396 407 1438 reddere,
432 1399 509 1439 cum
534 1411 601 1434 non
624 1400 661 1435 fit
684 1400 828 1436 innocua
846 1423 854 1431 .

596 1500 685 1546 .‚S‚.

206 1531 488 1681 SAcerdotibus
511 1610 579 1635 non
610 1599 687 1636 licet
715 1596 864 1646 ignorare
887 1598 1060 1633 Canones.

316 1656 362 1682 20
404 1659 420 1684 1

205 1696 414 1731 Sacramenta
438 1701 580 1733 recusare
606 1711 675 1733 non
699 1698 865 1739 possumus
887 1697 952 1729 illis
972 1697 1028 1741 qui
1044 1699 1092 1730 se—

1018 1746 1091 1778 licet

256 1757 401 1788 quuntur
425 1747 620 1782 sententiam
647 1746 718 1781 vere
739 1746 945 1789 probabilem
968 1771 979 1785 ‚

256 1794 370 1826 nossrae
391 1795 608 1828 contrariam.

1012 1804 1089 1840 9-1

205 1842 398 1876 Sanctorum
433 1843 595 1888 Imagines
628 1844 662 1877 ὅ(
682 1842 844 1885 Reliquiae
870 1842 1017 1887 legitime
1038 1856 1091 1887 po-

256 1902 380 1926 nuntur
402 1892 436 1927 in
462 1893 586 1927 Altari.
616 1904 693 1941 355.
710 1904 739 1928 1.
768 1894 808 1926 Et
826 1893 944 1935 pariter
956 1893 1091 1928 circum-

256 1943 403 1975 feruntur
425 1942 457 1975 in
481 1943 742 1978 processionibus
757 1966 767 1982 ,
794 1945 893 1976 etiam
912 1954 988 1976 cum
1014 1944 1092 1977 San-

257 1991 390 2025 stimma
410 1992 611 2027 Eucharistia
625 2018 633 2025 .
662 1995 737 2026 Vide
760 1992 982 2026 Processiones
997 2019 1004 2026 .

204 2040 360 2075 Seculurn
379 2042 533 2086 quintum
559 2044 623 2078 fuit
646 2045 798 2077 omnium
825 2041 1007 2077 seculorum
1034 2043 1091 2077 do·

966 2102 1039 2140 105.
1071 2106 1091 2131 2

256 2092 449 2127 Ciminium.

206 2141 293 2175 Scoti
322 2153 467 2186 tempore
500 2143 529 2176 S.
554 2142 757 2186 Hieronymi
780 2152 870 2176 erant
894 2141 1001 2176 adhuc
1023 2154 1089 2176 tam

256 2191 397 2232 barbari,
425 2204 460 2226 ut
472 2204 583 2226 carnes
595 2194 931 2226 humanasvorarent.
962 2190 1036 2238 185.
1075 2204 1087 2229 1

206 2240 235 2275 S
257 2242 358 2287 Sergii
374 2242 534 2286 Reliquiae
546 2243 668 2277 milites
680 2242 947 2289 invulnerabiles
945 2242 1090 2283 faciunt
1092 2279 1103 2289 ,

260 2301 334 2328 122-
367 2302 393 2329 1·

205 2341 356 2375 Simonia
383 2340 581 2377 horrendum
595 2311 1018 2387 vitium‚⁰1nrntassaepein
1035 2343 1092 2376 Ec-

254 2390 380 2423 clesiam
405 2390 516 2434 plagas
541 2393 722 2426 suscitavit.
987 2403 1042 2437 42
1073 2403 1086 2427 1

203 2439 353 2474 Simonia
385 2440 430 2472 est
466 2452 524 2483 pro
555 2441 841 2476 administratione
867 2443 1088 2476 Sacramento-

253 2500 326 2522 rum
345 2513 356 2528 ,
383 2490 434 2523 vel
461 2490 621 2533 sepultura
633 2493 762 2536 exigere
773 2491 966 2535 quidpiam.
993 2489 1088 2536 89-1-

255 2541 289 2572 &
310 2537 392 2583 fi'qq.
423 2542 539 2574 Praeter
561 2552 596 2573 ea
618 2552 686 2583 quae
710 2543 747 2574 de
763 2543 834 2581 jare
853 2543 907 2573 vel
939 2540 1090 2582 consuetu-

252 2590 323 2621 dine
345 2589 486 2623 laudabili
497 2590 706 2630 conferuntur.
734 2601 788 2637 92.
807 2601 833 2626 1.
848 2590 972 2634 Sponte
981 2590 1089 2624 oblata

253 2639 394 2683 recipere
415 2639 510 2674 licet.
1019 2640 1089 2672 ibid.

205 2686 400 2723 Simoniacae
422 2691 586 2734 pastiones
613 2701 682 2725 non
705 2691 797 2729 sunt,
823 2690 844 2723 si
868 2690 901 2723 in
928 2690 995 2724 istis
1009 2690 1089 2723 locis

253 2738 309 2773 ubi
335 2740 447 2783 vigent
472 2741 575 2785 Leges
597 2741 638 2774 de
651 2753 718 2774 non
734 2739 968 2774 amortizandis
980 2741 1087 2780 bonis,

251 2788 489 2823 Monasterium
511 2791 710 2833 paciscatur,
738 2791 788 2824 vel
810 2802 884 2824 cum
904 2791 1088 2834 parentibus

252 2839 455 2874 filiifamilias
474 2863 484 2879 ,
511 2840 561 2874 vel
579 2853 653 2874 curn
667 2839 845 2874 haeredibus
859 2840 943 2882 ejus.
976 2842 1027 2878 81.
1052 2850 1084 2874 2.

252 2888 358 2933 Leges
379 2889 468 2923 enim
495 2890 583 2930 istae,
610 2902 738 2924 tantum
763 2901 873 2924 vetant
894 2891 1011 2924 realem
1036 2902 1085 2934 ap

253 2939 497 2982 prehenfionem
510 2952 615 2974 rerum
629 2941 874 2982 imrnobilium-²
903 2953 969 2974 non
983 2943 1087 2974 extin-

934 81 1020 122 ετ
1086 67 1600 120 VERBORUM.

1140 154 1287 191 Simonia
1308 156 1600 193 Monasteriorum.

1141 205 1288 240 simonia
1299 206 1482 241 Monastica
1499 202 1735 247 committitur,
1755 212 1776 244 fi
1793 222 1902 254 praeter
1915 215 2008 257 spon-

985 1408 1040 1434 20·
1069 1408 1091 1437 2-

1734 165 1909 208 42·1·<s·5
1930 162 2015 207 seqq—

1188 265 1222 288 te
1241 255 1383 297 oblata,
1408 258 1631 294 committatur
1651 259 1755 303 pactio
1780 283 1788 291 .
1812 258 1868 309 48
1893 272 1922 298 2
1945 261 2009 305 seq·

1192 305 1271 339 Non
1302 302 1452 342 obstante
1483 304 1751 344 consuetudine.
1786 319 1843 357 49
1871 320 1896 343 1.
1921 310 2011 353 juxta

1191 365 1290 397 quam
1300 356 1428 392 abusive
1449 356 1562 393 Abbas
1581 370 1639 402 pro
1660 359 1691 392 se
1714 358 1864 403 exigebat
1876 360 2012 403 aliquid,

1191 404 1242 438 vel
1261 416 1319 448 pro
1339 406 1560 442 Monasterio.
1589 408 1660 441 ibid.
1687 408 1806 444 illicite
1828 433 1841 451 ,
1866 409 2014 453 quamvis

1191 454 1232 486 ad
1254 455 1341 500 piam
1363 456 1505 499 aliquam
1525 459 1672 492 causam.
1941 457 2016 491 ibid

1143 503 1499 541 SimoniaeMonasticae
1512 507 1735 551 poenaevariae.
1761 518 1816 555 45-
1843 520 1875 546 2
1895 507 2019 550 Lapsae

1192 555 1302 588 omnis
1320 554 1527 601 disciplinae.
1567 558 1622 607 46.
1653 569 1681 593 1-
1708 556 1881 602 Paupertas
1912 568 2021 601 perpe-o

1191 614 1268 638 tua.
1490 627 1492 630 v
1845 607 1916 640 ibid.
1933 605 2019 650 seqq.

1144 653 1300 687 Simoniae
1321 664 1420 696 poenae
1440 654 1530 703 variae
1552 678 1564 696 ,
1598 654 1755 691 divinitus
1778 657 1811 692 &
1831 655 2019 690 humanitus

1194 703 1336 737 inflictae.
1847 706 1920 739 ibid.
1935 703 2019 748 seqq.

1145 753 1298 789 Simoniae
1317 764 1433 795 poenae.
1460 753 1532 787 ibid.
1555 752 1617 799 seq.
1642 755 1792 790 Detrusio
1812 756 1843 790 in
1856 755 2022 789 Monaste-

1194 803 1276 837 rium
1299 803 1450 850 strid'tius,
1477 815 1712 850 cumperpetua
1724 803 1845 840 ibidem
1860 806 2022 848 poeniten-

1195 853 1258 886 tia.
1285 852 1488 900 Degradatio
1509 853 1678 889 Abbatum
1701 855 1735 891 ὅ(
1758 854 2018 889 Abbatissarum.

1196 903 1420 947 lrregularitas
1445 929 1452 938 .
1481 903 1553 937 ibid
1581 903 1642 938 Sed
1664 905 1805 948 respeetu
1830 903 2024 943 Abbatum,

1197 953 1316 987 Latina
1341 952 1479 1001 Ecclesia
1499 965 1568 988 non
1585 953 1850 990 admifittantum
1862 953 2021 999 rigorem.

1197 999 1253 1050 48
1280 1012 1311 1038 2.

1150 1051 1336 1092 simoniace
1359 1062 1528 1096 promotus
1550 1053 1735 1096 spoliandus
1760 1053 1804 1087 est
1834 1051 1908 1086 licet
1931 1053 2027 1086 inno-

1199 1113 1298 1139 cens,
1324 1102 1449 1137 defectu
1469 1103 1576 1137 tituli
1603 1116 1659 1152 47.
1688 1116 1716 1140 2.
1742 1103 1775 1138 Si
1797 1114 1906 1137 tamen
1932 1103 2028 1136 inno·

1154 1192 1157 1196 ι
1198 1163 1305 1193 cens,
1331 1152 1507 1187 restituitur
1531 1166 1539 1195 ;
1567 1153 1758 1204 obtenturus
1789 1154 1902 1196 locum
1935 1152 2029 1200 juxta

1202 1213 1330 1245 tempus
1350 1203 1577 1238 restitutionis.
1956 1195 2027 1234 ib'id.

1150 1251 1336 1288 simoniace
1358 1264 1487 1297 accepta
1511 1265 1564 1296 per
1577 1254 1812 1287 Monasterium
1834 1251 2029 1287 restituenda

1203 1304 1276 1337 sunt
1299 1301 1499 1343 haeredibus,
1524 1302 1546 1335 fi
1566 1301 1758 1336 innocentes
1779 1304 1876 1342 sint,
1900 1301 1945 1334 sm
1973 1301 2031 1333 mi-

1203 1353 1263 1387 nus
1286 1353 1495 1395 pauperibus
1925 1362 1979 1398 47
2012 1361 2030 1386 1

1153 1398 1322 1445 Societatis
1344 1402 1413 1447 Jesu
1437 1402 1556 1440 Clerici
1581 1413 1635 1453 per
1651 1399 1874 1456 professionem
1894 1410 2033 1443 primam

1204 1463 1273 1486 non
1292 1453 1375 1488 fiunt
1395 1463 1509 1487 manus
1528 1464 1677 1487 mortua.
1707 1446 1761 1498 84
1790 1462 1817 1486 ι
1847 1451 1948 1484 Bonis
1969 1450 2033 1483 suis

1203 1503 1388 1537 renuntiare
1421 1514 1488 1536 non
1519 1502 1645 1545 possent
1681 1513 1731 1545 per
1730 1462 1857 1544 4Leges
1887 1500 2035 1544 justinia-

1207 1553 1401 1586 naeas.rb1·d
1426 1549 1496 1585 Per
1500 1551 1676 1585 hodiernos
1692 1563 1797 1584 autem
1804 1551 1962 1583 Eccl'efiae
1977 1549 2037 1581 La-

1205 1601 1281 1634 tinae
1303 1611 1408 1635 mores
1427 1610 1633 1632 communius
1644 1602 1686 1629 est
1701 1600 1788 1642 quod
1805 1600 1919 1641 ptoffin
1938 1628 1940 1630 ,
1967 1599 2036 1630 ibid.

1156 1650 1284 1685 Steriles
1305 1651 1338 1685 ὅ(
1360 1649 1460 1684 effoeti
1484 1660 1524 1680 an
1549 1648 1637 1680 licite
1658 1647 1853 1680 contrahant
1873 1649 2038 1680 matrimo-

1206 1698 1298 1731 nium
1317 1699 1397 1729 0lim
1430 1697 1629 1739 disputatum
1659 1719 1665 1726 .
1694 1705 1750 1743 31.
1783 1706 1806 1728 1.
1833 1695 2038 1730 Permittitur

1205 1758 1294 1780 nunc
1321 1746 1360 1779 ad
1381 1746 1557 1779 remedium
1585 1746 1847 1779 inconunentiae.
1958 1746 2033 1778 ibid.

1155 1796 1306 1839 Synefius
1339 1796 1473 1839 gentilis
1505 1796 1601 1828 fidem
1635 1795 1802 1837 perfectam
1824 1795 2000 1837 suscipiens
2025 1820 2037 1836 ‚

1205 1857 1312 1889 praeter
1345 1845 1581 1879 resurrectionis
1611 1846 1782 1878 articulum
1808 1870 1818 1885 ,
1856 1845 2038 1887 baptizatus

1205 1896 1326 1929 dicitur
1351 1908 1360 1939 3
1398 1906 1494 1938 quem
1517 1897 1652 1938 agnovit
1681 1903 1803 1928 creatus
1827 1895 2003 1937 Episcopus
2025 1920 2032 1929 .

1203 1945 1267 1982 Sed
1287 1946 1508 1981 verosimiliter
1528 1946 1627 1979 etiam
1639 1945 1735 1980 antea
1749 1945 1918 1979 credebat.
1944 1954 2000 1993 40.
2018 1955 2036 1982 1

1578 2043 1617 2079 T

1155 2142 1374 2231 TEmpla
1405 2144 1570 2178 idolorum
1605 2144 1846 2179 Constantinus
1877 2144 1988 2179 clausit
2027 2157 2039 2189 ς

1270 2194 1480 2228 Theodosius
1502 2194 1616 2228 evertit
1634 2219 1640 2226 .
1910 2204 1984 2230 100.
2015 2207 2038 2232 2

1154 2245 1187 2286 S„
1207 2243 1350 2289 Thomas
1369 2246 1536 2291 sente'ntiae
1556 2246 1596 2278 de
1616 2243 1801 2279 occidendo
1829 2244 1973 2277 invasore
1989 2245 2040 2278 vi-

1169 2315 1171 2319 ·
1203 2305 1264 2334 tae,
1290 2284 1412 2377 sogam
1433 2292 1488 2330 mo
1513 2296 1657 2331 eramiae
1689 2293 1863 2335 inculpatae
1894 2293 2001 2326 tutelae
2025 2317 2037 2334 ,

1162 2354 1183 2358 ’·
1205 2346 1283 2378 item
1388 2346 1467 2378 Fam
1554 2342 1662 2385 judice
1686 2352 1868 2385 repugnant
1887 2343 1915 2375 S.
1947 2343 2037 2388 Aug.

1204 2393 1259 2436 qui
1284 2404 1391 2427 tamen
1411 2392 1495 2425 bona
1520 2391 1582 2425 fide
1604 2391 1675 2425 illas
1693 2391 1867 2436 sequuntur
1882 2402 1949 2425 non
1964 2393 2038 2427 sunt

1203 2443 1248 2475 rei
1269 2442 1415 2475 mortalis
1442 2441 1583 2484 peccati.
1932 2440 1986 2480 28.
2014 2452 2039 2477 2

1154 2493 1276 2526 Timor
1289 2491 1410 2526 servilis
1421 2492 1504 2525 alius
1518 2516 1527 2530 ,
1555 2491 1637 2524 alius
1650 2490 1779 2524 filialis.
1807 2500 1887 2538 230.
1900 2502 1929 2526 2.
1943 2492 2037 2538 de

1202 2543 1262 2575 sint
1284 2542 1317 2576 &
1343 2541 1376 2574 in
1400 2553 1466 2584 quo
1489 2542 1660 2575 differant.
1685 2541 1759 2573 ibid.
1782 2541 1867 2589 Qis
1897 2552 1998 2575 vanus
2029 2567 2038 2576 .

1203 2593 1276 2634 quis
1295 2603 1363 2627 non
1384 2602 1486 2626 vanus
1506 2614 1514 2624 .
1541 2602 1617 2642 231.
1649 2601 1681 2627 2.
1704 2590 1827 2626 Timor
1858 2591 2012 2626 initialis.

1203 2653 1280 2688 232-
1317 2653 1346 2678 1.

1154 2693 1275 2727 Timor
1295 2690 1416 2725 servilis
1429 2703 1494 2725 non
1508 2692 1551 2724 est
1566 2701 1759 2735 peccatum,
1786 2698 1900 2723 contra
1915 2688 2038 2725 Luthe-

1202 2752 1296 2775 rum.
1327 2741 1404 2789 236.
1436 2751 1463 2777 1.
1482 2739 1563 2783 seqq
1601 2741 1680 2774 Non
1702 2740 1747 2773 est
1770 2740 1856 2773 aelus
1877 2739 2001 2774 infusus
2026 2763 2038 2778 ,

1202 2793 1254 2826 sed
1276 2793 1439 2825 incurius.
1469 2801 1547 2838 237.
1579 2801 1609 2824 2.
1635 2789 1714 2822 Non
1738 2788 1816 2822 facit
1839 2790 1940 2833 magis
1967 2801 2038 2832 pec-

1200 2852 1367 2880 catorem,
1395 2851 1430 2874 ut
1451 2841 1534 2874 male
1557 2838 1718 2873 Lutherus
1744 2863 1750 2870 .
1777 2839 1848 2871 ibid.
1874 2852 1902 2875 2.
1930 2840 2038 2883 Expo-

1201 2889 1504 2936 niturTrid.238.
1538 2901 1565 2927 1
1591 2887 1671 2922 Non
1706 2888 1783 2924 facit
1804 2888 2037 2934 hypocritam

1200 2952 1283 2988 239.
1317 2952 1342 2976 1.

253 2998 360 3031 guunt
381 2989 545 3024 radicale
537 3001 609 3033 Jus,
637 2991 877 3024 Monasteriis
867 3003 884 3023 a
908 3000 1040 3029 natura,
1054 2991 1085 3024 ὅς
1149 2991 1271 3027 Timor
1292 3003 1331 3036 ge·
1317 2989 1448 3025 ehennae
1460 2988 1589 3023 cohibet
1603 2998 1732 3032 peccata
1747 2999 1898 3022 externa.
1891 2999 1990 3036 .232
2005 2999 2035 3025 2

254 3038 467 3080 Justinianaeis
485 3039 612 3084 legibus
632 3041 808 3075 tributum.
841 3040 911 3072 ibid.
940 3043 973 3074 (5
1001 3039 1083 3082 seqq

252 3087 365 3134 Qare
388 3090 503 3123 similes
524 3090 747 3132 stipulationes
765 3090 805 3123 ab
817 3090 973 3124 omnibus
987 3090 1083 3124 tribu-

251 3137 381 3171 nalibus
405 3140 599 3180 probantur.
628 3138 682 3176 82-
716 3152 740 3176 1.
769 3140 897 3173 Similes
921 3140 1083 3183 pactiones

251 3187 325 3222 sunt
358 3188 516 3231 antiquae.
542 3190 738 3233 Exemplum
764 3191 796 3223 in
823 3189 948 3235 Anglia
970 3215 976 3222 .
1013 3189 1083 3222 ibid.

250 3237 474 3273 Confirmatur
485 3250 523 3272 ex
537 3241 566 3274 S.
580 3240 697 3273 lvone.
715 3237 766 3284 84.
786 3251 812 3276 1.
835 3240 885 3272 Ex
896 3241 1082 3283 sylvestro.

247 3289 321 3322 ibid.
348 3300 375 3324 2,
406 3288 454 3321 Ex
479 3287 519 3319 D.
547 3288 697 3323 Thoma.
728 3290 799 3322 ibid.
829 3290 879 3323 Ex
897 3291 1083 3325 Dominico

249 3341 349 3375 Soto.
380 3335 435 3374 86.
464 3348 490 3373 1.
521 3338 572 3372 Ex
595 3339 758 3374 Navarro.
1009 3340 1080 3373 ibid.

1199 3042 1308 3076 Etiam
1331 3040 1580 3075 consuetudines
1604 3064 1610 3071 .
1648 3039 1720 3071 ibid
1745 3037 1851 3071 Immo
1883 3041 1973 3083 cogit
1997 3039 2038 3072 ad

1197 3091 1317 3125 bonam
1346 3091 1566 3125 voluntatem.
1597 3099 1675 3135 233.
1695 3099 1720 3123 1.
1745 3088 1839 3131 Juvat
1862 3088 1948 3122 enim
1963 3087 2040 3121 cha-

1197 3141 1343 3175 ritatem.
1369 3140 1441 3172 ibid.
1471 3139 1526 3172 Est
1546 3149 1654 3172 tamen
1678 3139 1900 3181 imperfectus.
1927 3138 2001 3169 ibid.
2016 3148 2040 3174 2

1198 3191 1285 3224 Cum
1308 3190 1430 3224 oriatur
1452 3200 1492 3222 ex
1515 3199 1625 3222 amore
1639 3188 1704 3221 sui.
1734 3187 1804 3218 ibid.
1833 3188 1954 3230 Legem
1972 3187 2037 3220 Dei

1200 3253 1259 3274 nec
1283 3241 1387 3273 levem
1413 3239 1504 3274 facit.
1535 3248 1612 3283 234.
1632 3249 1657 3274 1.
1681 3236 1752 3270 Nec
1775 3236 2036 3279 adimplet.1‘h1·d.

1197 3292 1278 3325 Non
1300 3288 1448 3323 excludit
1477 3288 1681 3322 voluntatem
1706 3286 1877 3330 peccandi.
1905 3285 1974 3318 ibid
2005 3297 2036 3322 2.

1199 3341 1278 3376 Hoc
1314 3339 1435 3374 scilicet
1461 3338 1580 3372 amoris
1613 3337 1758 3372 officium
1778 3335 1823 3370 est
1850 3358 1857 3368 .
1881 3334 1955 3422 ilbid.
1983 3335 2038 3368 Est

1906 3395 1986 3419 ocus
