2366 3736
132 621 204 654 Lib.
229 632 259 656 2.

131 683 202 714 cap.
223 681 284 720 ¹¹5·

349 162 438 208 128
929 156 1194 203 Dlssr:

308 246 450 281 duerunt
476 245 645 291 praesertim
660 241 867 278 Ludovici&
892 244 1005 280 Caroli
1030 244 1153 279 milites
1177 268 1184 277 .

307 295 463 331 Istienim
478 295 698 330 videbantur&
721 296 830 329 Fratre
852 295 1011 330 Lothario
1037 295 1114 338 passi
1138 295 1186 328 in-

307 346 448 390 juriam,
474 348 505 380 ἀ
521 346 727 389 ipfisfaverat
740 345 892 386 victoria,
918 357 1015 389 atque
1041 344 1185 390 itayide-

306 396 399 431 batur
420 398 523 429 favere
547 395 580 433 ὅ(
604 395 766 429 Divinum
791 394 968 439 judicium.
1008 395 1074 429 mo
1095 394 1183 428 enim

1229 169 1561 205 RTA’rIo

1225 258 1229 294 i
1244 244 1410 280 Robertus
1422 243 1498 280 verti
1510 245 1598 278 suani
1622 243 1832 287 tyrannidem
1846 247 2010 285 studuerat
2023 249 2117 285 stabi·

1242 295 1302 329 lire
1319 320 1330 336 ,
1356 296 1495 339 ideoque
1511 306 1646 338 uterque
1658 296 1723 328 sine
1738 296 1886 339 legitimo
1897 300 1999 338 tinulo
2011 301 2119 336 turba·

1242 355 1289 380 tat
1304 347 1339 380 ὅ(
1352 346 1513 379 afflixerat
1526 342 1750 379 Christianum
1768 348 1921 388 populum
1932 374 1939 382 .

1291 395 1438 443 Qaestio
1452 393 1589 428 secunda
1599 397 1642 429 est
1657 419 1667 435 ‚
1693 407 1734 429 an
1761 397 1882 430 bellum
1898 399 1992 439 poffit
2014 401 2118 435 etiam

304 447 419 480 saeculo
441 445 546 488 plures
583 445 772 488 judicabant
797 457 839 480 ex
865 455 982 480 eventu
1005 469 1016 485 ‚
1043 444 1183 488 ideoque
1244 455 1378 489 utraque
1389 457 1430 479 ex
1443 454 1530 488 parte
1543 445 1754 487 effejustum?
1782 447 1929 493 Qidam
1944 449 2116 485 affirmant:

303 507 371 529 non
409 494 559 539 generale
596 496 768 531 dumtaxat
795 495 936 540 praelium
958 521 968 537 ,
996 494 1048 529 sed
1084 496 1182 528 etiam
1243 497 1362 529 etenim
1387 496 1443 530 Lis
1457 493 1559 543 potest
1574 494 1738 538 utrimque
1749 497 1809 529 effe
1824 498 1923 538 justa:
1953 499 2119 542 utriusque

302 546 531 589 quodcumque
570 545 778 580 victoriosum
804 547 950 580 duellum
976 544 1179 588 accipiebant
1224 546 1340 588 {partis
1352 545 1563 581 fundamenta
1577 545 1694 587 pofflnt
1705 547 1767 580 effe
1780 547 2116 591 probabilia-Respon—

302 597 347 628 uti
363 595 527 628 Divinum
540 594 702 638 judicium
716 620 724 633 ‚
752 598 796 630 lta
812 597 898 640 large
909 596 1007 629 habes
1015 596 1098 638 apud
1121 595 1180 628 Ni·
1223 585 1375 638 ‘pendeo
1385 595 1475 629 aliud
1487 596 1548 628 elie
1561 593 1798 634 bellum,aliud
1810 596 1995 638 judicialem
2013 599 2118 631 litem.

301 645 452 680 tardum.
482 644 605 679 Verum
644 645 800 680 Rabanus
825 646 959 679 Maurus
981 671 991 686 ,
1017 646 1183 687 caeterique

299 695 459 731 doetiores
478 696 631 739 Episcopi
647 698 839 731 censuerunt
853 697 984 729 cunetos
995 695 1057 729 effe
1079 693 1181 728 homi-

299 745 410 785 cidas,
437 746 470 779 ἃ
485 747 667 790 graviffime
689 758 773 785 reos,
805 745 991 788 ideoque&
1017 746 1181 787 compule-

300 806 376 829 runt
400 795 440 828 ad
463 796 628 838 publicam
652 795 894 830 homicidarum
918 797 1147 839 poenitentiam
1174 819 1180 826 .

300 845 344 879 Et
369 845 525 879 Rabanus
537 847 590 880 dat
614 846 721 880 firmas
734 848 876 880 rationes
894 874 897 878 .
927 844 1039 878 Primo
1053 869 1063 885 ,
1091 845 1180 888 quod

299 895 386 930 istud
402 907 468 930 non
482 896 576 930 fuerit
595 895 716 930 bellum
732 921 742 937 ,
768 895 820 930 sed
844 896 996 929 Fraterna
1022 895 1146 929 Seditio
1173 921 1179 926 .

300 945 455 981 Secunde>
484 971 495 987 ,
520 946 608 989 quod
638 947 794 980 Feudales
822 947 931 989 palam
948 943 1094 979 viderent
1123 945 1180 978 ista

301 996 414 1030 omnia
426 997 588 1038 utrimque
611 999 663 1040 agi
682 1008 734 1039 per
755 997 913 1030 invidiam
927 997 959 1030 &
973 996 1139 1029 avaritiam
1167 1019 1178 1034 ‚

300 1046 442 1090 ideoque
463 1046 528 1080 istis
553 1048 682 1080 suorum
710 1046 900 1090 Principum
925 1047 1087 1079 mandatis
1112 1057 1178 1078 non

300 1098 470 1139 potuerint
506 1097 662 1130 obedire.
691 1095 832 1137 Tertio,
870 1095 957 1138 quod
980 1106 1096 1129 omnes
1120 1105 1180 1128 tres

299 1147 410 1189 Reges
429 1146 537 1180 inisto
549 1146 727 1180 suofurore
749 1157 817 1180 non
846 1147 1030 1190 legitimum
1053 1145 1181 1188 egerint

300 1195 509 1237 Principem,
537 1196 591 1228 sed
616 1194 803 1228 seditiosum
837 1194 1060 1236 Tyrannum,
1086 1194 1178 1234 cujus

298 1244 440 1278 studium
454 1245 497 1277 est
525 1243 718 1277 Christianae
732 1243 820 1286 pacis
830 1243 1102 1287 tranquillitatem
1112 1242 1177 1277 sub·

298 1305 423 1338 vertere
436 1319 443 1331 ,
473 1292 550 1327 Hoc
567 1293 655 1326 enim
669 1292 810 1326 omnino
827 1293 953 1326 faciunt
974 1302 1137 1336 quotquot
1149 1295 1182 1326 si·

299 1355 342 1378 ne
365 1345 458 1387 plena
469 1342 651 1377 necessitate
663 1352 878 1386 prorumpunt
893 1343 926 1376 in
939 1354 1026 1376 arma
1041 1367 1048 1375 .
1076 1342 1179 1378 RabaP

301 1405 362 1428 nus
374 1393 454 1427 reste
466 1393 555 1427 addit
577 1394 689 1427 divina
712 1391 831 1435 judicia
855 1395 918 1427 este
940 1393 1142 1427 secretiffima
1170 1418 1180 1435 ,

302 1444 443 1487 ideoque
461 1444 627 1478 vistoriam
668 1452 724 1477 aut
745 1444 829 1478 alios
852 1453 986 1481 eventus
1023 1454 1092 1483 non
1119 1445 1180 1483 effe

302 1496 389 1528 viam
400 1495 439 1527 ad
456 1494 522 1536 ipsa
537 1494 732 1536 penetranda
745 1518 753 1526 .

353 1543 502 1586 Ejusdem
526 1543 689 1577 sententiae
711 1545 840 1578 fuerunt
860 1543 1012 1588 Episcopi
1025 1543 1057 1578 in
1086 1541 1178 1577 Rhe-

302 1594 401 1627 mensi
420 1593 559 1635 synodo
571 1593 706 1637 Sculphi
723 1592 995 1638 Archi-Episcopi
1012 1619 1023 1635 ‚
1048 1593 1089 1627 de
1110 1595 1179 1635 qui-

303 1645 362 1678 bus
388 1645 495 1678 scribit
515 1644 668 1687 antiquus
692 1644 834 1684 Codex,
869 1644 955 1687 apud
983 1644 1182 1678 Rhemenses

302 1704 446 1737 repertus
471 1694 505 1727 in
534 1693 738 1728 Monasterio
759 1694 858 1728 sanffi
880 1693 1027 1739 Remigii
1054 1706 1062 1725 ε
1100 1699 1182 1726 Anno

303 1747 466 1777 Dominicae
489 1748 709 1777 lncarnattonis
730 1744 939 1789 nongentefimo
964 1743 1098 1788 vigefimo
1120 1754 1181 1784 ter--

300 1800 362 1833 tio,
391 1792 592 1836 Episcopatus
620 1804 720 1828 autem
745 1796 863 1827 Domini
890 1794 1007 1836 Sculphi
1022 1793 1149 1836 J‘ecundo
1173 1817 1183 1832 ,

301 1850 500 1891 convenientes
512 1842 609 1887 sandix·
624 1848 753 1884 Patres,
779 1845 920 1885 Sculpbus
938 1843 1047 1886 scilicet
1063 1844 1185 1876 Rhemu-

301 1905 368 1926 rum
383 1894 470 1926 Archi
483 1893 647 1936 Episcopus
661 1919 671 1934 ,
703 1895 780 1927 abbo
802 1896 974 1935 Sueffionicae
997 1894 1085 1927 Urlm
1112 1897 1175 1935 Epi·

302 1942 408 1987 scopus
421 1968 431 1984 ,
460 1946 597 1977 Adelmus
614 1944 814 1986 Laudunenfis
827 1971 836 1985 ,
863 1944 1030 1990 Stephanus
1045 1948 1186 1977 Camera-

303 1992 415 2036 cenfi13
442 1997 517 2026 Item
555 1996 693 2027 adelmus
735 1994 963 2037 5ylvanec9enfis
988 2020 999 2035 ,
1039 1996 1181 2027 Airardus

300 2051 375 2076 tunc
401 2044 478 2076 inibi
486 2045 655 2077 Ordinatus
669 2043 910 2088 Noviomagenfis
933 2057 996 2078 cum
1016 2055 1187 2078 caeterorum

305 2091 436 2135 ejusdem
465 2093 637 2135 Rbemenfis
658 2094 789 2136 Dioecefis
812 2094 1022 2138 Episcoporum
1043 2098 1162 2138 Legatir
1179 2119 1190 2135 ‚

306 2145 498 2176 decreverunt
509 2144 584 2176 banc
592 2152 801 2186 poenitennam
813 2145 860 2177 bis
878 2170 888 2184 ,
913 2146 1049 2188 quibello
1074 2146 1186 2183 Sueffio-

307 2199 357 2225 ms
371 2199 449 2224 inter
475 2194 630 2226 Robertum
655 2195 689 2226 cb·
712 2195 851 2226 Carolum
878 2194 941 2226 alio
963 2193 1161 2233 interfuerant
1179 2216 1187 2230 ,

308 2243 520 2283 injungendam
531 2255 545 2283 ;
572 2243 711 2279 videlicet
721 2253 753 2274 ut
768 2243 860 2275 tribus
871 2242 1116 2285 ,Quadragefimis
1131 2250 1185 2282 per

310 2300 372 2324 tres
386 2303 478 2324 annos
492 2301 584 2335 agant
604 2298 832 2333 poenitentiam:
858 2299 903 2325 ita
925 2301 956 2325 ut
972 2298 1075 2334 prima
1098 2294 1189 2335 Qua-

312 2340 539 2384 dragefimafint
552 2352 641 2375 extra
653 2342 809 2383 Ecclefiam
821 2367 831 2382 ‚
859 2347 892 2378 (ς
904 2349 936 2374 in
959 2347 1053 2376 Coena
1069 2346 1188 2374 Domini

310 2391 549 2425 reconcilientur.
583 2394 726 2425 Omnibus
740 2395 810 2426 veni
836 2392 882 2424 his
895 2393 990 2425 tribus
1012 2394 1189 2435 ,Quadrage-

308 2439 390 2482 fimis
404 2464 414 2480 ‚
436 2438 570 2483 secunda
582 2466 592 2479 ,
619 2450 728 2483 quarta
739 2444 772 2476 (ν
780 2441 872 2484 sexta
878 2442 964 2483 feria
975 2450 1007 2474 in
1017 2451 1118 2483 pane,
1140 2440 1186 2483 sa-

315 2493 363 2529 le,
391 2493 513 2534 &aqua
534 2491 698 2531 abstineant
723 2516 733 2531 ,
769 2502 822 2524 aut
843 2494 992 2524 redimant
1006 2519 1012 2524 .
1051 2492 1190 2524 Similiter

316 2541 480 2582 quindecim
501 2542 604 2574 diebus
640 2552 709 2574 ante
733 2547 922 2575 nativitatem
937 2540 1035 2584 sam‘li
1051 2543 1189 2584 Joannis

317 2591 491 2630 Baptiflae,
518 2593 551 2624 (τ
571 2593 738 2633 quindecim
773 2592 874 2624 diebus
901 2600 970 2624 ante
996 2596 1190 2626 nativitatem

320 2643 443 2672 Domini
464 2642 630 2673 salvatoris
645 2665 652 2673 .
681 2647 769 2674 Omni
791 2653 901 2684 qnoque
919 2641 1005 2684 feria
1027 2640 1118 2684 sexta
1136 2649 1190 2683 per

315 2701 445 2729 annum,
473 2690 527 2732 mfi
534 2694 713 2730 redemerit,
738 2691 954 2732 autfestivitas
979 2693 1099 2724 celebris
1127 2691 1191 2733 ipsa

315 2741 364 2773 dte
375 2743 512 2773 acciderit
525 2766 536 2781 ‚
561 2742 613 2773 vel
623 2753 686 2773 eum
698 2740 871 2782 infirmitate
886 2740 947 2782 five
960 2744 1069 2774 militia
1093 2743 1189 2774 deten-

315 2799 380 2823 tum
403 2791 454 2833 effe
463 2798 617 2834 contigerit
640 2816 646 2823 .
677 2790 730 2823 Ad
748 2792 877 2825 Decimi
896 2792 999 2825 i'aeculi
1012 2803 1136 2825 annum
1151 2793 1180 2823 vi

316 2840 475 2884 gesimum
501 2840 676 2874 secundum
694 2841 891 2876 Francorum
917 2853 1061 2884 proceres
1093 2842 1190 2875 Caro-

317 2892 387 2923 lum
399 2891 586 2933 Siinplicem
600 2915 611 2930 ,
639 2893 729 2925 suum
744 2892 870 2935 Regem
885 2891 1048 2933 ejecerunt
1063 2915 1073 2931 ,
1103 2892 1135 2926 &
1159 2894 1191 2924 in

318 2939 386 2981 ejus
422 2939 737 2975 thronumlevarunt
762 2941 931 2975 Comitem
971 2942 1154 2975 Robertum
1183 2966 1193 2981 ‚

319 2990 453 3022 unctam
464 2992 495 3022 ὅ(
508 3002 700 3024 coronatum
713 2992 753 3025 ab
767 2992 920 3025 Herinaeo
936 2991 1190 3034 Archi-Episco-

320 3049 365 3081 po
389 3039 579 3073 Riiemenfiv
610 3042 650 3074 Et
664 3042 702 3074 ad
728 3043 907 3084 pacandum
931 3043 1086 3086 Regnum
1113 3044 1195 3074 inter

321 3087 480 3121 Carolum
493 3090 524 3122 &
538 3090 717 3125 Robertum
741 3093 868 3125 fuerant
891 3093 1032 3126 stabilita
1052 3093 1195 3136 quaedam

320 3137 527 3171 Induciarum
542 3139 634 3173 Pasta
648 3165 655 3171 .
686 3142 729 3174 At
742 3144 815 3175 ecce
831 3143 973 3185 sequenti
988 3155 1077 3176 anno
1098 3142 1197 3176 Caro-

1243 644 1299 678 Ad
1312 644 1395 678 istud
1407 643 1628 679 inchoandum
1642 668 1653 684 ‚
1674 655 1731 678 aut
1741 645 1840 680 etiam
1852 648 2117 682 continuandum

1243 706 1310 729 non
1326 695 1442 729 sufficit
1457 694 1629 739 probabilis
1642 718 1653 734 ,
1666 694 1717 729 sed
1729 696 1929 731 omnimodo
1942 699 2119 742 requiritur

1241 756 1326 779 certa
1344 745 1378 778 ἀ
1391 745 1559 779 manifesta
1574 746 1673 778 causae
1685 743 1804 787 justitia
1818 755 1915 788 atque
1927 748 2091 782 neceffitas
2106 760 2114 785 ς

1242 795 1305 828 fine
1319 795 1368 828 his
1378 796 1584 829 Christianus
1598 795 1734 838 populus
1748 797 1859 838 nequit
1870 797 1888 828 a
1902 797 2033 842 Regum
2043 798 2120 832 affe-

1241 845 1344 879 aibas
1354 856 1409 880 aut
1418 845 1651 889 cupiditatibus
1662 846 1849 888 praecip'itati
1863 845 1895 878 in
1909 847 1981 879 istas
1989 848 2121 882 calami-

1241 896 1465 929 tates.Etenim
1477 907 1544 929 non
1557 897 1696 938 populus
1707 905 1831 937 propter
1842 896 2037 940 Regem,sed
2045 897 2118 931 Rex

1240 944 1284 979 est
1297 955 1423 989 propter
1435 946 1594 989 populum
1606 971 1614 977 .
1635 945 1727 979 Hinc
1739 946 1792 978 ille
1806 957 1881 979 anre
1893 947 2007 980 omnia
2020 947 2119 981 debet

1243 994 1329 1028 hunc
1341 996 1422 1029 tueri
1448 996 1480 1030 ἀ
1491 996 1670 1029 custodire.
1696 997 1809 1042 Qare
1830 996 2038 1030 manifestum
2051 996 2118 1035 est,

1242 1044 1329 1087 quod
1344 1045 1476 1086 bellum,
1491 1046 1597 1089 quoad
1611 1046 1694 1088 ipsos
1706 1047 1814 1079 saltem
1828 1045 2003 1089 Principes,
2016 1047 2119 1080 nulla·

1243 1104 1336 1130 tenus
1347 1094 1439 1138 poffit
1450 1097 1613 1139 utrimque
1625 1097 1687 1130 effe
1700 1096 1827 1139 justum.
1859 1096 1933 1129 Alia
1949 1096 2042 1139 poffit
2055 1097 2118 1130 effe

1243 1146 1325 1177 ratio
1337 1143 1539 1180 subditorum
1553 1146 1846 1180 militum-Etenim
1860 1146 1944 1190 Regi
1954 1157 1995 1179 ex
2007 1146 2120 1189 proba*

1245 1195 1301 1228 bili
1316 1193 1499 1235 dumtaxat,
1513 1196 1631 1237 ideoq;
1642 1198 1674 1230 ὅ(
1686 1195 1764 1230 falsa
1777 1198 1869 1230 causa
1882 1196 2043 1230 indicenti
2057 1195 2121 1230 bei,

1243 1243 1446 1282 lum,subditi
1458 1242 1594 1279 obedire
1605 1245 1740 1285 debent,
1755 1246 1983 1289 ideoquejuste
1995 1245 2121 1282 bellant

1244 1293 1412 1327 adversum
1424 1294 1503 1328 illos
1523 1295 1578 1336 qui
1591 1294 1673 1336 juste
1681 1296 1710 1328 se
1722 1305 1853 1329 tuentur
1865 1319 1872 1326 .
1900 1296 2028 1328 Locum
2041 1305 2122 1328 tunc

1244 1342 1441 1387 habet,quod
1455 1343 1488 1378 in
1503 1343 1595 1377 libris
1610 1354 1723 1377 contra
1734 1344 1889 1378 Faustum
1903 1343 2009 1377 scribit
2021 1343 2121 1378 S.Aun

1243 1393 1519 1439 gustinus:Regem
1532 1405 1612 1426 reum
1616 1393 1700 1435 facit
1711 1399 1854 1435 iniquitas
1870 1396 2040 1435 imperandi
2055 1419 2066 1434 ,
2077 1400 2123 1427 in·
2137 1412 2212 1450 Lib·
2229 1418 2287 1454 ’.ᾖ

1244 1453 1390 1477 nocentem
1402 1454 1501 1477 autem
1512 1444 1635 1476 militem
1647 1444 1767 1482 ostendit
1778 1446 1846 1475 ordo
1853 1442 2010 1486 seitvienda'
2024 1468 2032 1476 .
2055 1444 2124 1479 Di*

1243 1505 1283 1528 co
1295 1518 1302 1525 .
1320 1496 1388 1529 Alia
1395 1495 1474 1535 pofflt
1487 1494 1537 1535 effe
1546 1503 1625 1526 ratio
1630 1491 1816 1535 subditorum
1828 1496 1957 1526 militum
1969 1519 1976 1526 .
1990 1493 2125 1529 Etenim

1249 1544 1401 1578 Rabanus
1426 1544 1563 1576 Maurus
1584 1544 1614 1576 dt
1628 1543 1658 1576 ei
1669 1545 1912 1578 consentientes
1926 1546 2029 1587 plures
2041 1545 2125 1588 Epi-

1247 1593 1346 1637 scopi,
1361 1606 1398 1628 ac
1411 1594 1535 1637 praefata
1558 1591 1749 1627 Rhemenfis
1760 1594 1914 1636 Synodus
1926 1595 2067 1628 omnino
2079 1594 2130 1629 vi·

1244 1646 1362 1678 dentur
1375 1644 1529 1677 damnare
1540 1644 1637 1677 etiam
1650 1644 1841 1686 milites‚qui
1855 1643 1938 1688 Regi
1951 1643 1996 1678 ob
2010 1643 2124 1687 proba-

1247 1694 1347 1728 bilem
1360 1695 1531 1728 dumtaxat
1543 1694 1671 1727 causam
1683 1693 1844 1728 obediunt
1854 1717 1862 1726 .
1890 1693 1990 1727 Certe
2011 1694 2124 1729 Ludo-

1249 1745 1381 1778 vicus&
1395 1744 1531 1778 Carolus
1547 1744 1655 1788 Reges
1681 1745 1830 1779 adversus
1853 1745 1984 1778 fratrem
2003 1743 2127 1778 Lotha·

1249 1794 1331 1829 rium
1345 1793 1528 1828 habuerunt
1543 1795 1671 1827 causam
1685 1818 1695 1833 ,
1724 1794 1801 1828 licet
1820 1806 1888 1828 tion
1902 1794 2126 1834 necessariam,

1248 1856 1356 1879 tamen
1378 1843 1545 1878 manifeste
1568 1844 1770 1888 probabilem
1794 1868 1802 1877 .
1843 1845 1952 1878 Etiam
1985 1844 2126 1878 Carolus

1248 1894 1391 1938 Simplex
1413 1893 1560 1929 adversus
1583 1894 1767 1935 Robertum
1804 1894 1994 1929 Comitem.
2033 1894 2126 1928 Nam

1249 1945 1449 1989 perduellem
1475 1944 1641 1979 Dominus
1666 1946 1765 1978 etiam
1790 1945 1998 1987 inopinatum
2022 1943 2127 1987 potest

1252 1996 1425 2035 invadere,
1441 2006 1524 2029 snec
1544 2005 1625 2036 opus
1647 1994 1693 2027 est
1719 1995 1824 2037 ipsum
1848 1993 2050 2027 diffiduciare
2074 2001 2129 2036 pet

1252 2046 1423 2080 Faeciales.
1455 2044 1609 2087 Episcopi
1624 2044 1721 2086 igitur
1735 2043 1837 2077 illiad
1851 2042 2036 2087 legitimum
2057 2041 2124 2077 bei-

1253 2097 1321 2129 lum
1333 2095 1527 2129 censuerunt
1555 2093 1700 2127 etiamin
1729 2093 1865 2128 subditis
1888 2093 2031 2135 requiri,
2057 2103 2129 2126 non

1255 2145 1454 2187 probabilem
1469 2144 1664 2182 dumtaxat,
1691 2142 1743 2176 sed
1766 2145 1894 2187 insuper
1918 2142 2125 2176 manifestam

1253 2206 1289 2227 ac
1307 2193 1510 2226 necess'ariam
1524 2191 1680 2233 justitiam
1692 2216 1699 2223 .
1730 2193 1772 2225 Et
1797 2193 1870 2226 sane
1885 2192 2003 2227 subditi
2020 2193 2132 2227 viden*

1253 2254 1304 2276 tur
1317 2241 1355 2274 ad
1368 2241 1452 2274 bella
1468 2265 1478 2280 ,
1505 2252 1644 2282 quorum
1657 2239 1810 2283 justitiam
1824 2253 1891 2275 non
1916 2241 2039 2275 liabent
2063 2253 2130 2275 ma-

1255 2292 1421 2329 nifestam,
1449 2302 1513 2323 non
1544 2292 1632 2333 posse
1647 2293 1848 2324 consentire.
1876 2290 2011 2323 Etenim
2045 2291 2130 2323 bella

1253 2353 1360 2387 gerere
1376 2354 1442 2374 noti
1457 2341 1501 2374 est
1528 2341 1638 2374 ludere
1659 2352 1714 2374 aut
1731 2342 1836 2374 venari
1853 2365 1860 2372 .
1888 2341 1995 2374 Sanffl
2017 2341 2132 2384 Augu·

1256 2392 1328 2425 stini
1354 2391 1534 2425 authoritas
1555 2391 1600 2424 est
1626 2391 1777 2431 stimma,
1804 2390 1914 2425 nescio
1928 2401 2062 2431 tamen,
2088 2401 2132 2424 an

1255 2441 1364 2476 bacin
1378 2451 1464 2484 parte
1476 2442 1511 2473 sit
1526 2441 1754 2484 irrefragabilis
1766 2466 1773 2473 .

1306 2492 1453 2538 Qidam
1466 2502 1540 2523 cum
1555 2492 1661 2523 saniio
1676 2490 1866 2534 Augustino
1880 2492 2004 2526 senfiffe
2018 2499 2135 2533 putant

1254 2544 1354 2577 etiarn
1380 2542 1520 2575 sanetum
1559 2542 1719 2583 joannem
1761 2541 1937 2583 Baptistam
1954 2565 1964 2580 ‚
1987 2541 2028 2574 de
2052 2551 2134 2583 “quo

1257 2591 1361 2626 scribit
1378 2593 1409 2624 in
1431 2590 1612 2633 Evangelio
1625 2591 1750 2623 sanstus
1766 2590 1890 2623 Lucas:
1907 2590 2135 2634 Interrogabant

2139 1476 2207 1509 cap.
2232 1475 2288 1513 75.

1254 2655 1317 2676 eum
1331 2643 1486 2674 &milites
1501 2665 1511 2678 ,
1536 2641 1665 2672 dicentes
1679 2653 1689 2673 :
1717 2641 1792 2682 quid
1817 2640 1965 2681 faciemus
1989 2642 2022 2674 (τ
2045 2651 2098 2672 nos
2120 2641 2146 2674 ἓ,

1258 2697 1285 2725 Ε
1288 2702 1300 2724 t
1314 2698 1357 2723 ait
1368 2691 1427 2724 illis
1439 2704 1446 2723 :
1474 2697 1619 2723 neminem
1633 2696 1802 2723 concauam
1813 2714 1823 2729 ‚
1852 2700 1941 2731 neque
1954 2692 2134 2722 calumniam

1237 2775 1240 2796 Ι
1249 2743 1379 2784 faciatis
1393 2765 1402 2779 ,
1433 2742 1464 2774 (ν
1488 2747 1617 2773 contenti
1639 2740 1883 2782 estotessipendlis
1895 2741 2020 2779 vestris.
2049 2740 2133 2773 Non
2175 2771 2177 2773 ,

1237 2792 1338 2839 'justit
1354 2802 1387 2824 ut
1401 2790 1524 2824 militia:
1547 2791 1778 2823 valedicerent.
1808 2789 1855 2822 At
1877 2789 1951 2822 vero
1974 2788 2021 2822 illi
2043 2798 2135 2822 eraut

1260 2840 1543 2883 Romanilmperii
1559 2840 1698 2878 milites,
1727 2840 1780 2873 cui
1797 2840 1924 2874 nullum
1953 2849 2017 2871 erat
2037 2838 2085 2880 jus
2099 2838 2135 2871 in

1259 2893 1426 2935 Iudaicam
1442 2902 1556 2924 terram
1572 2916 1582 2930 ‚
1608 2891 1663 2922 nisi
1677 2889 1780 2923 libido
1793 2889 1952 2924 dilatandi
1980 2888 2134 2931 Imperii.

1262 2943 1384 2975 Eorum
1399 2941 1470 2974 istic
1483 2952 1568 2973 arma
1583 2940 1711 2973 nullum
1735 2950 1884 2982 poterant
1912 2939 2026 2973 habere
2052 2938 2136 2975 titu-

1260 2992 1327 3025 lum
1342 3015 1352 3030 ‚
1374 2992 1431 3024 nili
1445 2991 1571 3033 aliquot
1583 3001 1746 3024 annorum
1761 2988 2005 3032 possessionem:
2035 2985 2139 3022 Titu-

1261 3043 1329 3076 lum
1343 3041 1397 3074 vix
1425 3040 1645 3082 probabilem.
1675 3039 1871 3082 Respondeo
1906 3039 1982 3072 istos
2010 3038 2136 3072 milites

1262 3093 1366 3136 palam
1378 3091 1471 3124 fuiffe
1485 3102 1551 3124 non
1565 3090 1701 3135 gentiles
1712 3115 1722 3130 ,
1749 3088 1801 3122 sed
1813 3088 1937 3131 Judaeos
1951 3112 1958 3120 .
1987 3089 2041 3120 An
2071 3088 2141 3121 Ro-

1262 3142 1367 3176 manis
1381 3141 1589 3174 militaverint
1605 3164 1616 3180 ,
1643 3151 1710 3173 non
1722 3139 1816 3182 piene
1839 3139 1966 3172 constat
1979 3153 1990 3171 .-
2018 3138 2137 3180 poffint

321 3187 372 3220 lus
384 3187 546 3230 resumpsit
571 3192 697 3223 animos
710 3215 719 3229 ‚
747 3192 879 3235 collegit
897 3194 1034 3226 militem
1049 3217 1059 3232 ,
1085 3204 1125 3226 ex
1143 3194 1197 3225 im·
1243 3188 1246 3216 ³
1262 3193 1354 3226 fuiffe
1367 3191 1553 3224 Herodiani
1567 3215 1577 3230 ,
1603 3190 1780 3237 militaffies
1796 3187 1922 3222 Herodi
1938 3187 2134 3222 Tetrarchae.

323 3237 452 3280 proviso
464 3237 626 3281 aggreffus
662 3241 704 3271 est
733 3241 930 3280 Robeitum‚
957 3243 990 3276 δε
1010 3242 1130 3276 occidit
1165 3241 1213 3277 ini

322 3287 450 3331 praelio.
482 3287 521 3319 Et
544 3288 628 3320 cette
656 3289 766 3322 invalit
794 3290 846 3323 libi
872 3293 1069 3333 perduellem
1091 3303 1199 3333 tyran-

319 3349 423 3371 num.
451 3336 682 3370 Nihilominus
708 3341 830 3380 praefata
856 3341 1109 3383 Synodusistud
1135 3341 1199 3374 bel-

319 3387 391 3422 lum
403 3387 560 3428 judicavit
585 3389 746 3430 utrimque
760 3389 910 3430 'injustum
927 3416 936 3431 ‚
964 3394 997 3426 ὃ(
1012 3393 1107 3425 factas
1124 3390 1200 3424 hinc

324 3436 400 3469 inde
411 3438 509 3469 caedes
523 3436 648 3479 punivit
663 3448 697 3470 ut
712 3438 887 3472 huinicidia
943 3442 982 3474 Et
998 3440 1078 3475 τεᾶὲ
1095 3465 1102 3472 .
1134 3439 1218 3474 Εἰς-ι

325 3487 395 3521 nim
419 3486 558 3523 Carolus
581 3490 670 3525 fuam
690 3487 790 3522 fidem
812 3491 1034 3532 praevaricatus
1055 3492 1162 3527 fuerat
1190 3513 1198 3523 ·

1264 3242 1397 3277 Interim
1415 3240 1559 3274 tescadit
1582 3240 1616 3273 in
1639 3240 1742 3274 idem.
1774 3239 1906 3272 Etenim
1932 3240 1963 3271 ὅ(
1988 3238 2138 3273 Herodes

1267 3291 1321 3325 ‘iste
1336 3316 1346 3330 ,
1374 3302 1490 3334 utpote
1505 3290 1647 3323 Herodis
1660 3288 1770 3331 magni
1794 3289 1878 3322 filius
1898 3313 1908 3327 ,
1937 3289 2063 3321 nullum
2086 3285 2139 3318 ha-

1266 3342 1360 3376 bebat
1381 3341 1428 3383 jus
1441 3341 1480 3373 ad
1491 3340 1662 3383 Judaicum
1691 3338 1862 3381 Regnum.
1889 3338 1982 3372 Hinc
2006 3335 2139 3380 quaestio

1266 3391 1310 3426 est
1324 3416 1333 3431 ,
1360 3389 1529 3434 quomodo
1542 3389 1663 3423 sanstus
1677 3388 1909 3431 Joannesistos
1930 3387 2048 3424 milites
2071 3395 2140 3417 non

1266 3430 1385 3485 {uls-rit
1400 3438 1724 3483 deponere-iniquum
1748 3439 1975 3482 Cingulum&
1999 3437 2102 3469 Arma
2129 3436 2142 3469 Ξ

1276 3490 1475 3538 Respondet>
1486 3500 1573 3529 arma
1585 3488 1644 3525 ista
1657 3513 1670 3531 ,
1695 3488 1772 3525 licet
1795 3499 1850 3534 per
1868 3488 1999 3531 iniquos
2018 3483 2143 3527 princi-

1975 3545 2030 3583 pes
2048 3544 2102 3584 ge·
