2366 3736
397 69 468 142 1⁶32
503 97 786 145 ANTIQUA
823 92 1186 139 Drscwtm'a
1222 93 1463 138 Cunrsr.
1502 93 1783 138 Mittrtts.

214 182 358 220 ducendi
378 179 565 224 ,cupiditate
594 179 696 221 praelia
724 186 779 209 aut
818 174 972 208 militiam
1002 176 1093 208 susci-

216 236 331 279 piunt,
353 233 415 266 effe
437 230 639 274 torquendos
662 237 736 261 cum
762 224 988 263 daemonibus,
1026 225 1115 275 imc>3

215 285 287 329 ipsis
308 282 371 315 esse
398 282 592 323 nequiores.
621 275 804 313 istiusmodi
819 274 992 307 hominum
1018 284 1095 307 con-

213 336 317 380 geries
329 343 395 365 non
421 333 465 365 est
490 328 693 365 Christianus
718 326 897 369 exercitus,
926 324 978 357 sed
1005 323 1094 368 legio

212 383 449 416 daemoniorum
462 406 470 413 .
498 379 597 426 Qod
612 376 712 420 ipsum
726 384 841 411 notent
855 375 962 418 Reges
975 399 984 413 ,
998 384 1035 407 ac
1048 374 1092 417 ip,

212 434 319 470 sorum
333 432 518 466 Confiliarii
528 452 536 461 .
562 428 671 470 Reges
683 427 739 469 qui
753 435 820 459 non
835 426 873 458 ad
886 425 1095 467 reparandam

210 483 370 526 justitiam
384 507 395 522 ,
422 482 475 515 sed
488 479 526 519 ad
539 475 730 520 captandam
746 475 881 509 victoria:
894 476 926 508 &
941 474 1095 518 triumphi

212 535 351 577 gioriam
366 557 376 571 ‚
389 532 426 565 ad
437 528 640 564 dilatandum
653 524 828 569 Iin‘perium
841 524 898 565 ,ad
912 524 1093 558 diminuen-

212 584 268 619 das
278 580 447 617 adversarii
460 579 539 614 vires
553 601 563 617 ‚
589 588 644 610 aut
658 577 699 610 ad
711 576 829 612 similes
840 574 947 609 causas
963 577 997 608 in
1014 573 1095 608 bella

212 632 382 677 prosiliunt
406 653 418 670 ,
453 630 617 676 versantur
639 628 672 660 in
704 624 921 660 formidolosis
946 625 1096 658 militaris

212 680 412 726 professionis
423 678 573 723 periculis
587 702 593 709 .
623 677 698 711 Scio
709 676 827 714 castam
840 675 964 708 tuendae
977 674 1096 717 justitie

173 765 175 767 .
212 731 432 769 intentionem
464 731 527 763 effe
551 739 646 762 tantae
658 726 833 761 hominum
858 734 970 759 turmae
983 725 1095 758 diffici-

211 782 276 815 lem
290 805 298 813 .
329 781 379 813 Ex
395 780 491 814 variis
506 778 673 822 principiis
685 801 692 808 .
721 776 812 809 Hinc
825 775 997 818 supradixi
1010 776 1098 808 mili-

171 842 179 849 *
211 833 292 869 tiam
316 833 379 864 effe
397 830 610 874 periculosam
632 826 861 874 professionem
877 849 884 857 .

41 1042 116 1078 Lib.
141 1052 168 1079 1.

43 1093 104 1139 ΕΡ·
114 1102 195 1143 390·

65 3299 121 3344 Ep.
134 3309 188 3347 70.

261 882 373 928 Qam
384 892 490 919 meam
502 879 709 915 assertionem
733 876 839 918 ample
864 874 1038 909 confirmat
1061 874 1093 908 in

218 931 383 969 litterisad
406 929 666 976 Quintinianum
694 927 817 960 sanstus
841 925 978 962 Isidorus
1003 925 1094 957 Pelu-

211 982 332 1015 fiotes:
361 984 463 1014 Durus
490 989 536 1011 me
555 988 654 1011 rumor
689 976 884 1018 perturbavit
906 1000 917 1016 ‚
962 974 1096 1019 infausta

211 1032 351 1074 quaedam
361 1040 395 1061 ac
407 1028 577 1068 detestanda
599 1033 808 1060 annuntians.
839 1028 935 1066 Ajunt
959 1027 1096 1057 nonnulli

212 1076 258 1118 ita
272 1090 301 1112 te
312 1078 443 1123 insanire
463 1103 473 1118 ‚
500 1089 534 1111 ac
548 1084 658 1113 mentis
671 1088 769 1125 errore
779 1077 870 1118 adfici
883 1100 893 1116 ,
920 1085 953 1108 ut
970 1084 1096 1117 puerum

212 1131 300 1168 illum
310 1155 322 1171 ‚
351 1141 436 1172 quem
451 1131 527 1162 Deus
538 1134 634 1161 omnis
647 1130 821 1164 eruditionis
836 1135 974 1168 capacem
993 1125 1073 1167 fecit
1087 1150 1097 1165 ,

213 1181 257 1214 ad
268 1191 356 1212 arma
377 1205 388 1220 ,
417 1181 450 1213 <5
463 1176 554 1213 vilim
566 1190 600 1210 ac
611 1176 813 1220 despuendam
828 1201 839 1217 ‚
864 1174 1023 1221 mortisque
1048 1175 1095 1207 lu-

213 1232 286 1264 dum
312 1231 504 1270 existentem,
532 1230 670 1261 militiam
695 1230 802 1261 ducere
825 1229 902 1260 velis
926 1252 932 1258 .
962 1229 1098 1269 ,Quamo-

214 1281 316 1319 brem,
345 1278 400 1321 nisi
409 1280 493 1313 bonae
521 1284 628 1311 mentis
643 1278 798 1318 jadaram
818 1278 943 1318 prorsus
959 1281 1072 1317 seceris
1087 1300 1098 1315 ,

218 1329 315 1370 abfiste
326 1330 362 1361 ab
374 1331 423 1361 hoc
434 1329 611 1373 praepostero
623 1328 745 1368 confilio.
770 1332 821 1360 Ne
831 1330 1001 1366 lucernam,
1031 1337 1098 1367 quae

217 1381 329 1423 egregie
354 1380 472 1411 accendi
494 1380 616 1419 studet,
642 1384 804 1420 extinguas
827 1401 838 1416 ,
859 1376 918 1418 fid
935 1388 1020 1414 eum,
1048 1380 1099 1417 qui

216 1435 331 1466 ratione
352 1435 465 1468 utitur,
506 1430 677 1460 litterarum
688 1429 798 1465 fluuiis
822 1427 959 1466 afflduam
983 1432 1099 1466 operam

218 1480 292 1512 dare
320 1483 458 1519 permitte
475 1501 482 1509 .
509 1478 596 1510 Illam
617 1484 715 1509 autem
737 1478 917 1518 dignitatem
930 1499 940 1514 ,
965 1478 1024 1507 imo
1039 1484 1098 1516 poe-

218 1531 336 1562 nam&
356 1533 535 1564 cruciatum,
563 1525 633 1559 aliis
656 1525 837 1568 quibusdam
858 1527 1099 1572 circulatoribus,

217 1578 322 1620 quibus
332 1578 491 1612 cummunis
503 1577 639 1610 vecordia
652 1577 868 1610 &litterarum
891 1574 1012 1617 inscitia
1035 1587 1098 1608 con-

218 1639 299 1662 nexa
308 1628 344 1666 est
360 1651 370 1666 ,
389 1627 528 1667 concilia.
558 1627 710 1660 Affirmat
725 1628 831 1669 plura.
862 1626 974 1659 Primo
988 1650 997 1665 ‚
1010 1626 1098 1668 quod

218 1676 339 1712 militia
353 1678 390 1710 fit
417 1675 551 1710 vilicae
576 1676 759 1721 despuenda
784 1675 954 1719 profeffio.
983 1676 1098 1713 Secun-

219 1730 266 1762 do
285 1730 374 1768 quod
390 1728 426 1760 fit
452 1727 674 1768 mortisludus
691 1751 698 1758 .
727 1726 800 1760 Nec
814 1726 857 1759 de
882 1726 1023 1770 caligata
1045 1736 1100 1760 aut

219 1778 365 1822 gregaria
389 1776 506 1812 militia
519 1777 665 1820 loquitur
677 1803 686 1819 ,
713 1777 765 1811 sed
778 1778 877 1810 etiam
891 1775 932 1810 de
944 1777 1050 1810 nobili
1063 1787 1100 1810 ac

221 1828 422 1861 Praetoriana
437 1851 444 1859 .
471 1828 565 1861 Hinc
584 1827 684 1860 tertio
695 1828 833 1861 affirmat
846 1827 948 1869 ipsam
960 1838 1028 1859 non
1039 1828 1100 1860 este

220 1878 439 1922 dignitatem,
468 1878 522 1911 sed
545 1888 673 1921 poenam
705 1877 739 1910 &
761 1878 942 1911 cruciatum
959 1902 966 1910 .
995 1877 1100 1924 Qar-

219 1929 274 1967 ιό,
301 1929 391 1971 quod
405 1930 459 1961 illa
471 1939 538 1961 non
564 1926 754 1966 nobilibus,
781 1939 836 1961 aut
853 1927 926 1961 aliis
947 1927 1099 1961 bonaein-

219 1978 304 2010 dolis
316 1988 352 2009 ac
385 1973 501 2017 talenti
523 1978 698 2019 juvenibus
719 1976 929 2010 concilianda
957 1978 995 2009 fit
1010 2001 1020 2016 ‚
1047 1978 1101 2010 sed

220 2026 493 2065 circulatoribus,
519 2026 727 2069 quibusinest
744 2025 894 2059 vecordia
910 2050 920 2065 ‚
948 2037 986 2059 ac
1007 2026 1101 2060 insci-

220 2078 266 2111 tia
280 2076 460 2114 litterarum
471 2098 480 2107 .
493 2075 612 2111 Censet
629 2076 668 2111 ad
686 2075 807 2110 bellum
820 2087 889 2110 non
910 2075 1079 2111 ducendos
1092 2100 1102 2119 ἓ

222 2127 279 2163 nisi
293 2127 390 2166 tales,
420 2125 529 2170 quales
543 2126 575 2158 in
590 2126 684 2160 tertia
702 2129 853 2160 oratione
864 2125 1014 2160 describit
1038 2137 1102 2159 ma-

221 2186 306 2220 gnus
318 2177 468 2209 Basilius:
502 2176 584 2207 Alius
604 2177 722 2217 quidem
745 2185 776 2207 eo
792 2181 957 2216 peccavit,
984 2177 1062 2216 quod
1083 2177 1102 2207 ἃ

219 2237 311 2268 puero
317 2227 476 2267 perperam
488 2226 629 2259 educatus
636 2225 674 2264 fit
687 2246 698 2262 ‚
721 2224 805 2258 &ab
829 2224 945 2263 injustis
964 2230 1101 2266 parenti-

223 2277 278 2309 bus
303 2282 334 2307 in
358 2276 450 2308 lucem
471 2276 566 2309 editus
581 2297 593 2317 ,
618 2285 652 2307 ac
673 2281 824 2308 enutritus
851 2280 885 2307 in
908 2280 1020 2316 pravis
1041 2283 1103 2307 tum

224 2324 327 2359 verbis
341 2348 351 2363 ‚
382 2335 445 2358 tum
458 2323 557 2365 fac‘iit
580 2349 587 2356 .
619 2325 700 2357 Alius
723 2328 815 2367 vero,
845 2331 985 2367 quamvls
1009 2327 1104 2358 multa

229 2376 274 2408 illt
289 2374 480 2417 suppeterent
493 2399 503 2414 ‚
529 2386 596 2416 quae
607 2373 704 2417 ipsum
715 2376 758 2407 ad
767 2381 911 2410 virtutem
922 2381 1100 2415 excitarent,

226 2427 332 2467 nempe
345 2426 476 2458 educatio
488 2424 606 2464 honesta
618 2437 652 2457 ac
675 2425 806 2458 liberalis
818 2450 829 2466 ‚
860 2425 1031 2458 exhortatio
1051 2435 1103 2467 pa—

232 2486 350 2509 rentum
363 2498 374 2514 ,
397 2474 542 2516 perfec‘lio
567 2487 601 2507 ac
611 2475 789 2516 praestamia
801 2478 942 2518 quaedam
965 2486 1084 2509 naturae
1096 2500 1107 2515 ,

226 2524 398 2566 auscultatio
417 2526 588 2557 divinorum
622 2523 785 2566 sermonum
803 2551 812 2566 ‚
842 2526 940 2560 vibius
976 2528 1101 2559 modera-

226 2586 274 2608 tus
287 2598 297 2613 ‚
322 2577 356 2607 Θ·
377 2575 436 2605 alia
457 2573 563 2614 quibus
584 2580 702 2607 animus
714 2577 756 2606 ad
777 2583 923 2608 virtutem
941 2577 1055 2616 institut
1071 2589 1104 2610 ac

227 2623 387 2665 informari
403 2622 476 2666 solet
495 2647 505 2661 ‚
544 2633 645 2656 tamen
666 2626 700 2658 <5
727 2623 787 2667 ipse
814 2634 933 2667 peceato
971 2639 1005 2659 ac
1020 2626 1105 2669 scele-

229 2686 261 2707 re
279 2673 313 2717 se
336 2673 505 2713 obstrinxit.
535 2674 586 2706 Ex
609 2674 656 2706 his
671 2673 834 2721 principiis
861 2677 986 2709 sanstus
1007 2676 1100 2710 mdo-

226 2735 280 2757 rus
293 2723 438 2757 nobilem
461 2724 566 2757 virum
580 2722 768 2760 dehortatur
780 2749 791 2767 ‚
820 2738 860 2759 ne
878 2727 983 2760 filium
998 2728 1102 2768 suum,

226 2774 318 2809 bono
332 2775 458 2807 talento
476 2784 626 2807 ornatum
640 2786 675 2807 ae
689 2775 863 2809 litterarum
883 2777 993 2810 studio
1016 2777 1099 2811 dedi-

224 2835 295 2860 tum
317 2825 576 2864 adolescentem,
605 2825 767 2867 permittat
789 2825 922 2860 inscribi
951 2827 1098 2860 miiitiae.

225 2874 299 2908 Nec
315 2875 360 2908 est
388 2875 520 2916 simplex
546 2873 751 2908 dehortatio.
782 2877 934 2910 Affirmat
955 2877 1099 2911 delatum

223 2924 283 2959 fibi
312 2925 465 2958 nuntium
487 2926 550 2959 effe
573 2925 751 2961 infaustum
789 2938 826 2959 ac
853 2927 1097 2963 detestandum.

1904 100 1999 148 117

1155 177 1286 215 ,cundum
1294 174 1432 218 saeculum
1442 179 1570 222 diligunt
1582 202 1592 217 ‚
1614 186 1669 219 per
1680 184 1709 215 te
1722 183 1844 218 euplum·
1851 186 2028 219 pervenire,

1155 238 1189 259 ac
1195 235 1249 268 per
1260 226 1310 259 hoc
1321 233 1371 271 qui
1383 227 1545 267 refraenare
1566 230 1599 262 (τ
1623 225 1796 275 compescere
1805 228 1926 269 debutsti
1950 243 2028 276 cupi.

1156 279 1266 309 ditate:
1280 287 1349 310 tuas
1358 302 1368 318 ,
1396 279 1512 318 explere
1523 284 1629 321 cogeris
1642 279 1757 314 alienas
1770 302 1777 308 .
1804 281 1898 324 ,Quod
1907 290 1939 311 ut
1950 282 2004 321 fiat
2013 309 2027 323 ,

1157 324 1270 369 necesse
1280 327 1317 367 est
1329 327 1445 366 multa,
1471 339 1535 368 quae
1568 331 1630 360 Deo
1650 324 1829 369 dis'pltcent3
1850 329 1949 371 fiant:
1978 343 2029 365 nee

1158 387 1257 410 tamen
1271 379 1428 420 explemur
1440 379 1632 418 cupiditates.
1661 382 1747 410 Nam
1754 377 1882 422 facilius
1901 380 2031 424 resecan-

1158 437 1206 460 tur
1218 433 1322 468 ineis,
1350 433 1401 469 qui
1427 431 1523 460 Deum
1544 428 1695 469 diligunt,
1721 430 1812 470 quim
1834 434 1866 466 in
1888 437 1954 471 eis,
1980 437 2031 474 qui

1161 479 1302 512 mundum
1326 479 1479 521 diligunt,
1505 479 1669 517 aliquando
1686 476 1838 522 satientur
1859 504 1867 511 .
1897 483 2031 525 ¹Quando

1158 529 1223 570 ergo
1230 533 1346 568 poteris
1370 536 1412 564 tot
1435 526 1584 559 bominum
1608 535 1790 559 armatorum
1813 553 1823 568 ‚
1850 541 1969 575 quorum
1982 531 2033 575 fo·

1159 578 1261 610 venda
1271 577 1308 617 est
1323 578 1474 619 cupiditas
1489 601 1500 616 ‚
1537 582 1659 609 timetur
1683 584 1824 610 atrocitas
1838 592 1849 612 .·
1876 584 1996 622 quando
2021 604 2033 621 ,

1157 633 1302 671 inquam,
1343 639 1441 665 eorum
1456 623 1865 668 poteris'concupiscentiam,
1890 637 1941 671 qui
1964 633 2034 664 dili.

1153 687 1231 720 gunt
1241 678 1383 710 mundum
1398 702 1408 717 ‚
1431 689 1488 714 non
1524 679 1588 709 dico
1604 677 1741 719 satiare,
1770 679 1848 717 quod
1863 678 1928 719 fieri
1953 682 2033 714 nullo

1158 728 1240 761 modo
1254 727 1343 768 potest
1356 752 1366 767 ,
1390 726 1448 771 sed
1456 729 1563 768 aliqua
1571 737 1609 759 ex
1626 734 1713 767 parte
1729 726 1849 768 pascere
1872 753 1882 768 ,
1910 742 1947 762 ne
1970 737 2036 763 uni-

1160 775 1249 820 versa
1257 777 1325 818 plus
1335 787 1483 819 pereant,
1511 777 1567 818 nifi
1572 785 1603 809 tu
1619 776 1723 817 facias
1744 788 1811 817 quae
1835 781 1912 823 Deus
1931 781 2035 821 probi-

1158 826 1205 860 bet
1219 851 1230 866 ,
1255 827 1481 868 &facientibus
1503 826 1723 860 comminatur?
1752 830 1875 868 Propter
1885 832 1965 870 quod
1987 837 2035 863 vi-

1158 878 1208 912 des
1231 884 1295 911 tam
1307 879 1402 910 multa
1413 884 1540 911 contrita
1554 902 1564 917 ,
1590 886 1623 910 ut
1631 879 1701 918 jam
1715 878 1774 909 vile
1787 879 1908 918 aliquid
1917 902 1926 916 ‚
1953 882 2033 922 quod

1159 932 1320 970 rapiatur,
1349 934 1406 960 vix
1428 933 1624 964 inveniatur.
1661 928 1734 961 Tot
1772 928 1979 962 turbidorum
2001 931 2037 964 &2

1159 976 1352 1011 animalium
1365 977 1541 1013 hominum
1555 989 1676 1013 turmas
1689 988 1797 1021 regere
1818 979 1850 1012 δε
1864 981 2037 1014 continere

1158 1028 1202 1061 est
1217 1038 1374 1072 magnum
1387 1028 1495 1062 revera
1507 1039 1590 1071 opus
1601 1052 1608 1058 .
1639 1027 1692 1066 Ut
1705 1030 1785 1061 reste
1798 1027 1830 1061 ὃ(
1852 1028 2037 1064 Christiane

1160 1078 1238 1116 fiat,
1265 1077 1311 1111 est
1335 1076 1580 1123 fingulariffima
1605 1078 1710 1122 gratia
1737 1080 1874 1121 Spiritus
1901 1081 2000 1113 sand'ci
2028 1105 2036 1112 .

1161 1128 1252 1164 Hinc
1265 1129 1392 1162 necesse
1406 1129 1451 1162 est
1469 1153 1480 1168 ‚
1508 1139 1544 1162 ut
1557 1127 1699 1172 ipsorum
1713 1129 1864 1175 Magistri
1890 1130 1952 1163 sint
1974 1142 2039 1164 ma-

1159 1175 1422 1221 gniChi-istianae
1443 1178 1574 1222 justitias
1587 1178 1769 1223 Gigantes,
1795 1180 1924 1222 qualem
1949 1181 2038 1214 idem

1162 1226 1367 1271 Augustinus
1387 1229 1519 1262 mandat
1542 1231 1604 1262 effe
1616 1229 1758 1262 eundem
1781 1228 1951 1264 Comitem
1976 1231 2038 1264 Bo-

1163 1278 1337 1312 nifaciurn:
1369 1282 1464 1317 Ornet
1475 1290 1569 1311 mores
1583 1288 1648 1311 tuos
1659 1281 1810 1319 pudicitia
1830 1282 1994 1323 conjugalis
2023 1305 2035 1324 ,

1160 1336 1242 1361 ornet
1251 1326 1402 1369 sobrietas
1415 1327 1622 1370 &frugalitas
1637 1354 1644 1361 .
1669 1330 1766 1362 Valde
1776 1332 1855 1359 enlm
1868 1339 1954 1371 turpe
1963 1330 2001 1370 est
2028 1344 2039 1371 5

1162 1386 1195 1408 ut
1212 1388 1299 1417 quem
1311 1387 1367 1409 non
1378 1382 1473 1409 vincit
1486 1376 1569 1409 bomo
1583 1401 1592 1416 ‚
1622 1383 1729 1414 vincat
1740 1376 1832 1410 libido
1845 1391 1851 1409 :
1880 1380 1914 1411 (τ
1936 1380 2043 1412 obrua-

1161 1436 1211 1458 tur
1225 1433 1315 1464 vino,
1345 1431 1467 1468 quinon
1483 1432 1616 1462 vincitur
1629 1426 1733 1469 ferro.
1763 1430 1894 1462 Divitiae
1912 1428 2042 1472 ‘saecula-

1161 1487 1208 1511 res
1224 1500 1233 1516 ‚
1256 1475 1284 1518 fi
1293 1475 1406 1516 defint‚
1430 1485 1488 1518 per
1512 1477 1594 1509 mala
1616 1486 1704 1519 opera
1728 1488 1786 1510 non
1809 1482 1988 1520 quaer'antur
2009 1487 2042 1513 in

1162 1528 1295 1568 mundw,
1316 1524 1448 1566 fiautem
1458 1525 1555 1567 adsint
1569 1550 1579 1566 ‚
1602 1528 1745 1568 perbona
1771 1536 1861 1570 opera
1878 1528 2041 1572 serventur·

1161 1583 1195 1608 in
1216 1578 1302 1610 coelo.
1334 1580 1474 1609 Animum
1485 1579 1605 1612 virilem
1627 1579 1661 1610 (5
1686 1577 1887 1617 Christianum
1911 1591 1968 1612 non
1990 1582 2042 1614 de-

1162 1627 1232 1660 bent
1246 1651 1255 1666 ‚
1276 1625 1306 1668 fi
1315 1628 1456 1659 accedunt
1468 1650 1478 1665 ,
1506 1628 1661 1669 attollere;
1690 1639 1741 1662 nec
1751 1627 1856 1661 debent
1869 1629 2016 1674 frangere
2029 1656 2042 1671 ,

1157 1676 1185 1718 fi
1206 1678 1362 1711 recedunt.
1391 1678 1473 1710 Illud
1494 1679 1595 1722 potius
1623 1684 1776 1721 cogitemus
1798 1681 1879 1721 quod
1892 1684 2041 1714 Dominus

1162 1733 1222 1761 ait:
1257 1727 1305 1759 ubi
1329 1727 1366 1767 est
1377 1725 1536 1769 thesaurus
1547 1737 1616 1760 tuus
1629 1752 1640 1767 ‚
1667 1729 1707 1760 ibi
1729 1730 1763 1762 (5
1789 1740 1834 1762 cor
1856 1740 1938 1762 tuum
1961 1737 2036 1764 erit.

1165 1778 1313 1811 Militum
1338 1777 1482 1820 magistri
1496 1778 1568 1811 sunt
1582 1789 1648 1811 non
1663 1778 1763 1812 solius
1775 1780 1955 1820 exercitus,
1983 1780 2037 1815 sed

1163 1828 1195 1860 &
1210 1828 1312 1861 totius
1327 1826 1527 1869 Reipublicae
1539 1852 1550 1867 ,
1577 1826 1691 1861 imo&
1716 1829 1862 1862 Ecciefiae
1880 1830 1963 1871 offa,
1992 1833 2041 1864 fit-

1164 1887 1350 1916 mamenta‚
1381 1877 1616 1910 antemuralia:
1646 1877 1724 1911 hinc
1738 1889 1806 1912 non
1833 1879 2044 1915 solummodo

1165 1929 1197 1962 in
1212 1927 1375 1971 corporali
1395 1926 1511 1960 robore
1529 1939 1567 1961 ac
1593 1926 1735 1961 humana
1763 1929 1952 1972 prudentia,
1989 1931 2044 1965 sed

1166 1979 1338 2021 insuperin
1360 1977 1454 2012 omni
1477 1976 1668 2012 Christiana
1690 1977 1813 2020 justitia
1832 1978 1954 2015 debent
1978 1983 2043 2016 effe

1166 2028 1271 2064 valida
1287 2028 1317 2062 &
1331 2027 1421 2063 firma
1432 2053 1439 2060 .

1216 2077 1351 2120 Propter
1365 2077 1431 2112 haec
1455 2079 1486 2112 δε
1503 2078 1616 2114 fimilia
1629 2080 1703 2114 suos
1718 2080 1798 2114 olim
1810 2106 1820 2121 ‚
1848 2082 2043 2124 martyrium

1166 2127 1402 2168 dissuadentes,
1427 2130 1553 2162 amicos
1576 2128 1790 2174 interrogavit
1813 2132 1938 2165 sanstus
1958 2133 2046 2165 Gor·

1165 2176 1238 2210 dius
1252 2200 1262 2215 ,
1290 2177 1434 2210 militum
1448 2177 1608 2211 Centurio
1623 2192 1629 2210 :
1652 2183 1738 2211 Nam
1752 2181 1886 2212 militans
1900 2182 1969 2214 ordo
1981 2172 2047 2224 des-

1162 2235 1301 2267 peratam
1314 2226 1405 2260 babet
1414 2225 1560 2269 salutem?
1588 2228 1754 2271 Nullusque
1774 2231 1914 2262 Centurio
1936 2237 2007 2273 pius
2024 2233 2039 2264 ἓ

1166 2279 1212 2309 Et
1249 2275 1399 2319 respondit
1418 2289 1424 2309 :
1459 2279 1591 2311 recordor
1606 2285 1702 2319 primi
1724 2284 1915 2313 centurionis
1937 2306 1946 2320 ‚
1972 2287 2036 2324 qui

1166 2329 1255 2359 Cruci
1282 2328 1453 2361 salvatoris
1492 2323 1638 2368 affistenfl
1666 2331 1731 2368 ejus
1757 2332 1963 2365 Divinitatem
1982 2341 2039 2372 per

1162 2378 1301 2419 prodigia
1308 2376 1397 2418 fallu
1418 2375 1588 2421 cognoscens
1601 2402 1611 2417 ‚
1640 2390 1696 2410 non
1715 2379 1751 2417 est
1774 2386 1913 2420 veritus,
1939 2381 2039 2414 adhuc

1159 2430 1190 2471 J
1194 2428 1289 2460 udaeis
1302 2433 1332 2458 in
1345 2429 1423 2460 caede
1432 2427 1626 2467 furentibus,
1657 2440 1760 2462 nomen
1786 2431 1848 2469 ejus
1866 2430 1974 2470 palam
1984 2430 2042 2472 fa·

1165 2482 1239 2509 tert.
1268 2479 1361 2519 ‚Quod
1378 2482 1456 2509 enim
1483 2483 1581 2509 animo
1596 2476 1684 2519 sensit
1698 2501 1707 2516 ‚
1734 2479 1771 2511 id
1791 2490 1838 2512 ore
1855 2478 1956 2521 subito
1981 2493 2046 2514 ma-

1167 2526 1319 2568 m'fhstavit
1332 2540 1342 2559 .·
1370 2527 1455 2560 Vere
1468 2526 1531 2561 Dei
1544 2527 1647 2560 Filius
1668 2537 1734 2561 erat
1760 2527 1835 2561 iste:
1863 2530 1948 2563 Alius
1968 2536 2043 2564 item

1166 2581 1305 2609 Centurio
1327 2575 1475 2615 Christum
1494 2575 1592 2608 adbuc
1606 2583 1646 2609 'in
1669 2588 1757 2610 carne
1783 2578 1951 2618 existentem
1989 2581 2042 2624 effe

1168 2630 1263 2660 Deum
1276 2651 1285 2666 ,
1313 2628 1346 2660 (15
1360 2630 1469 2669 Regem
1484 2633 1635 2659 virtutum
1647 2633 1771 2671 agnovit
1781 2651 1791 2666 ‚
1817 2635 1869 2672 qui
1887 2631 2041 2674 poffetsolo

1166 2678 1255 2710 verbo
1268 2685 1347 2718 opem
1358 2674 1444 2718 suam
1455 2683 1509 2716 per
1523 2677 1670 2715 Ministros
1680 2675 1809 2719 spiritus
1821 2681 1976 2723 egentibus
1991 2683 2045 2714 ad-

1157 2727 1265 2768 ferre.-
1292 2727 1387 2767 Cujus
1414 2727 1448 2759 ὀ·
1465 2727 1557 2768 fidem
1596 2729 1740 2761 Dominus
1778 2727 1883 2771 Israeli
1904 2730 2042 2770 universo

1161 2778 1299 2817 praetulit
1315 2801 1322 2808 .
1349 2776 1505 2809 Cornelius
1518 2782 1590 2809 item
1601 2782 1744 2811 Centurio
1755 2781 1900 2822 Angelum
1922 2782 2044 2814 Domini

1164 2829 1267 2859 videre
1281 2850 1291 2865 ,
1317 2827 1351 2859 ὁ·
1369 2834 1425 2867 per
1445 2828 1568 2859 Petrum
1587 2825 1694 2870 salvus
1706 2830 1778 2871 fieri
1794 2835 1923 2870 meruit,
1950 2834 2037 2872 cujus

1166 2880 1309 2908 Dominus
1324 2885 1425 2917 preces
1435 2874 1521 2916 fimul
1539 2888 1574 2909 ac
1597 2876 1783 2919 eleemosinas
1806 2877 1953 2921 respexit.
1981 2888 2042 2916 Ho-

1163 2938 1230 2958 rum
1246 2923 1335 2970 igitur
1357 2929 1569 2959 Centurionum
1591 2926 1755 2969 discipulus
1774 2940 1809 2960 ac
1833 2933 1966 2964 imitator
1989 2931 2042 2974 effe

224 2975 482 3022 Qintinianum
509 2974 647 3010 insanire
659 3000 669 3016 ,
697 2987 734 3011 ac
749 2977 867 3011 mentis
886 2989 991 3011 errore
1005 2978 1098 3011 affici.
1146 2966 1259 3018 impio.
1290 2976 1402 3010 Habes
1417 2977 1482 3010 haec
1494 2976 1578 3019 apud
1592 2976 1757 3022 Magnum
1773 2978 1926 3018 Basiliam
1941 2981 1975 3014 in
1987 2991 2044 3014 en-

226 3024 346 3061 Fecisse
356 3026 508 3067 jasturam
522 3025 612 3059 bonae
624 3026 755 3061 mentis.
783 3027 864 3073 Quae
877 3028 989 3061 omnia
1003 3028 1096 3061 Chri-

226 3074 342 3132 sliani‚
370 3075 497 3110 'nobiles
520 3077 685 3132 prasertim
700 3100 710 3119 ‚
738 3077 819 3111 bene
841 3076 1033 3119 advertant,
1060 3089 1097 3114 ac

228 3134 412 3165 imprimant
424 3136 606 3161 memoriae.

1146 3028 1272 3063 ¹,comio
1310 3026 1432 3060 laudati
1462 3027 1618 3068 Martyris
1644 3052 1649 3058 .

1680 3028 1723 3061 Et
1749 3022 1932 3063 istiusmodi
1970 3041 2041 3064 non

1161 3077 1328 3111 dumtaxat
1355 3076 1575 3110 Centuriones
1601 3087 1657 3111 aut
1696 3077 1892 3120 Tribunos,
1929 3081 1981 3114 sed
2006 3081 2042 3115 ὅ(

1142 3128 1331 3176 ¹agregarios
1347 3126 1468 3160 milites
1494 3125 1635 3160 Ecclesia
1659 3128 1782 3172 semper
1803 3127 1919 3165 habuit
1940 3131 2038 3173 pluri-

277 3173 418 3212 Hincad
430 3176 597 3210 Comitem
613 3175 822 3213 Bonifacium
837 3177 909 3211 vere
932 3177 1052 3223 scripsit
1066 3179 1096 3213 S.
1143 3185 1252 3212 'mos.
1281 3178 1395 3223 Quare
1416 3176 1559 3210 militum
1583 3176 1733 3219 professio
1748 3203 1760 3219 ,
1785 3178 1859 3213 licet
1885 3179 2045 3224 periculo-

230 3222 455 3266 Augustinus:
482 3228 561 3269 ‚Quis
573 3237 629 3258 non
642 3228 747 3260 videat
764 3252 774 3268 ,
800 3229 880 3271 quod
902 3228 987 3259 multi
1009 3227 1096 3261 homi·
1142 3227 1145 3247 ¹
1161 3228 1212 3268 sa,
1241 3228 1262 3261 fi
1275 3237 1385 3262 tamen
1397 3225 1477 3259 recte
1490 3226 1657 3271 expleatur
1673 3252 1684 3270 ‚
1711 3228 1817 3265 sanssa
1829 3229 1873 3265 est
1884 3254 1898 3272 ,
1925 3241 1963 3266 ac
1983 3229 2047 3265 Ec·

230 3285 281 3306 nes
292 3273 348 3306 tibi
362 3273 523 3309 cohaereant
536 3279 579 3309 ad
590 3279 733 3309 tuendam
756 3288 839 3312 tuam
858 3284 1026 3320 potentiam
1046 3279 1099 3311 vel

223 3322 354 3366 salutem
367 3347 376 3362 ‚
402 3332 451 3366 qui
461 3326 572 3365 etiamfi
578 3339 673 3359 omnes
696 3328 749 3359 tibi
766 3328 870 3369 fideles
886 3326 965 3369 fini,
995 3340 1044 3361 nec
1057 3328 1095 3360 ab

228 3375 430 3416 aliquoeorum
441 3375 507 3407 ullae
521 3382 681 3409 timeantur
706 3378 818 3419 infidiae
831 3403 841 3418 ‚
869 3380 972 3419 nempe*
994 3388 1095 3411 tamen

227 3422 417 3465 uacatione,
443 3425 577 3469 quaeipfi
586 3438 642 3460 non
658 3426 820 3470 secundum
842 3431 935 3463 Deum
948 3451 959 3469 ,
978 3427 1037 3473 sed
1052 3427 1097 3475 se·

1163 3277 1259 3314 clefiae
1272 3276 1514 3324 per-necessaria
1528 3301 1536 3309 .

1917 3476 2019 3515 CA-

2061 1307 2119 1356 Ep.
2134 1315 2213 1353 205.
