2366 3736
640 94 709 130 DE
745 80 1172 138 Cp-NTMTIONE
1206 90 1271 119 ET
1307 87 1696 122 ATTRITIONE·

230 165 296 204 stes
316 163 554 209 adimplendam
568 188 579 204 ,
601 164 654 198 sed
676 175 753 198 ante
774 163 873 207 ipsam
896 158 988 209 plene
998 160 1102 202 exple-

230 217 256 255 ri
268 216 372 258 iussit,
394 215 542 250 Ecclefiae
552 215 691 259 rigorem
702 214 796 252 fuisse
815 212 921 256 quoad
931 209 1090 245 moribun

230 267 290 303 dos
301 265 487 309 mitigatum
499 265 516 299 a
530 267 626 300 tertio
637 264 767 301 decimo
780 258 921 297 Canone
943 259 1083 299 Nicaeno
1096 283 1106 303 ‚

231 314 407 353 mandante
431 315 558 355 nullum
569 315 720 356 deinceps
741 311 915 347 necessario
930 308 1043 353 ‚quod
1053 308 1093 349 tri

231 365 290 399 bus
310 375 405 399 antea
427 365 565 407 peccatis
585 365 687 402 fuerat
710 362 809 405 usque
839 372 920 398 tunc
950 370 1105 403 negatum

230 414 264 452 in
296 414 487 457 quibusdam
515 412 684 451 Ecclesiis,
711 412 875 454 postulat'ae
905 409 1105 447 Reconcilia-

228 464 330 503 tionis
349 467 469 499 viatico
490 464 640 505 deinceps
658 462 806 500 frustrari.
837 459 960 504 Verum
975 458 1106 504 rigidio-

231 525 280 548 res
299 514 431 558 quidam
451 514 602 557 Episcopi
624 511 767 548 mandari
788 510 940 551 dixerunt
960 508 1001 543 de
1032 509 1107 545 solis

232 564 494 610 Pqtnitentibus,
514 562 569 607 qui
587 563 653 596 sani
675 573 853 596 maternam
876 561 1026 602 Ecclesiae
1038 559 1108 609 pie-

232 625 333 647 tatem
359 614 570 656 implorarant
593 637 604 656 ,
643 612 874 651 Poenitentiam
900 620 1109 653 acceperant,

230 665 264 700 ἀ
288 662 461 710 diligenter
489 674 678 707 peregerant
703 664 802 705 usque
839 659 878 694 ad
912 660 1110 694 infirmitatis

230 713 430 754 adventum,
459 712 598 756 ideoque
624 714 663 747 ad
692 712 795 756 alios,
822 722 904 755 quos
931 711 1110 746 solusinor·

230 763 272 795 tis
292 763 391 797 timor
417 763 458 797 ad
488 765 672 801 Dominum
697 773 874 806 coegerat,
899 758 1023 801 Lapsos
1043 769 1111 803 gra-

229 812 310 853 tiam
334 813 426 846 islam
455 825 522 850 non
550 814 637 856 posse
663 810 794 852 extendi
818 824 825 844 :
865 810 920 849 Eis
948 809 1110 843 Poeniten-

230 864 283 895 tiae
294 865 454 899 actionem
466 865 498 899 &
513 862 807 897 Reconciliationis
819 861 945 894 donum
966 871 1033 892 non
1045 859 1112 902 pos·

211 911 213 914 ’
231 917 263 948 se
274 913 366 949 simul
395 914 539 956 impendi
555 937 566 952 ‚
583 913 634 953 sed
647 914 790 955 quaedam
813 910 995 944 interstitia
1015 919 1113 943 etiam

232 963 274 1002 ab
294 963 346 1002 his
366 964 429 996 effe
450 962 604 996 servanda
630 987 637 994 .
679 961 876 1001 fundabant
897 962 927 993 se
948 961 981 993 in
1004 960 1114 992 saneto

231 1012 471 1054 Cypriano,qui
484 1023 596 1054 pacem
611 1011 719 1055 Lapsis
732 1010 936 1047 moribundis
948 1011 1025 1042 durn
1039 1009 1113 1043 dan-

230 1063 305 1095 dam
331 1061 461 1104 sanxit,
486 1062 590 1098 sanxit
614 1062 655 1096 de
675 1062 751 1099 solis
775 1062 830 1103 qui
867 1061 931 1092 vivi
969 1059 1115 1097 Ecclesiae

230 1110 315 1150 fores
336 1111 377 1144 ad
398 1111 652 1148 misericordiam
676 1114 836 1157 pulsarant
848 1108 1116 1152 flentes,adden5

229 1162 266 1195 in
294 1161 440 1204 Epistola
462 1162 504 1195 ad
531 1162 765 1206 Antonianum
789 1162 986 1204 Episcopum
1006 1157 1046 1191 de
1060 1170 1115 1198 ca:—

230 1210 329 1245 teris:
357 1216 430 1253 Non
450 1211 487 1250 est
511 1213 621 1255 dignus
646 1218 677 1244 t'n
698 1221 791 1245 morte
807 1217 935 1251 accipere
955 1209 1117 1252 solatium,

231 1267 283 1305 qui·
306 1262 377 1292 dum
399 1267 482 1294 vixit
504 1273 562 1299 non
579 1268 723 1305 cogitavit
741 1261 776 1305 se
797 1261 987 1294 meriturum.
1017 1258 1116 1292 Hanc

232 1310 386 1344 duritiem
412 1311 572 1354 improbat
585 1313 617 1345 ὃ(
635 1312 804 1354 proscribit
827 1312 951 1344 sanstus
966 1309 1056 1348 Leo,
1069 1308 1116 1341 di·

232 1372 310 1397 cens
330 1370 408 1394 verz
431 1385 442 1400 ,
476 1372 545 1404 quat
567 1364 665 1395 etiam
691 1362 723 1394 in
746 1362 850 1400 taliter
873 1357 1117 1396 Poeuitentibus

233 1412 379 1453 praesumi
403 1411 497 1444 debet
523 1421 578 1443 aut
604 1413 717 1452 sperari
734 1435 745 1449 ,
767 1409 974 1443 conversioni
1007 1407 1116 1440 nullas

233 1460 252 1498 ὲ
281 1461 354 1494 Deo
367 1463 495 1503 optimo
525 1460 669 1498 uiaximo
683 1462 751 1500 fieri
767 1460 864 1493 veniae
891 1467 999 1491 motas
1014 1480 1025 1496 ‚
1047 1468 1116 1490 non

235 1520 273 1543 ut.
297 1511 363 1552 ipsa
391 1522 446 1552 per
474 1511 676 1553 semetipsam
705 1512 770 1542 fine
798 1511 1009 1547 Sacramento
1036 1506 1117 1540 acci-

233 1558 299 1602 piat
323 1558 465 1599 veniam,
493 1560 544 1592 sed
575 1572 609 1592 ut
639 1558 866 1594 satisfactionis
893 1560 925 1591 ὅ(
954 1557 1116 1590 Reconci-

234 1610 402 1649 liationis,
429 1610 446 1642 a
475 1610 592 1651 quibus
621 1610 710 1642 illam
739 1610 897 1651 accipiat,
924 1607 1116 1640 Sacramen-

232 1669 270 1693 to
295 1660 327 1692 &
352 1658 516 1702 adjutorio
545 1659 695 1696 vestiatur
715 1684 723 1691 .
762 1658 1006 1692 Vestimentum
1034 1655 1117 1695 illud

231 1709 265 1744 ὅ(
292 1709 490 1751 adjutorium
527 1709 573 1742 ait
613 1710 659 1746 illi
688 1709 748 1742 effe
773 1707 856 1741 adeo
883 1705 1116 1745 necessarium,

231 1769 268 1792 ut
294 1760 373 1792 dum
402 1771 468 1793 non
500 1770 553 1801 per
579 1770 808 1801 contemptum
834 1769 890 1792 aut
917 1768 1050 1801 gravem
1064 1766 1115 1792 ne-

230 1809 426 1852 gligentiam
445 1831 457 1847 ,
494 1809 549 1841 sed
576 1820 631 1854 per
660 1810 869 1851 improvisam
898 1807 1115 1841 necessitatem

232 1858 377 1894 adhiberi
417 1870 484 1891 non
514 1858 684 1901 potuerit,
722 1858 856 1891 laudata:
891 1855 1116 1889 conversionis

232 1908 348 1941 fructus
374 1908 405 1946 &
434 1908 589 1943 successus
611 1910 647 1946 sit
677 1909 773 1942 nobis
801 1908 960 1945 incertus,
989 1906 1021 1938 ἀ
1049 1907 1114 1938 Di-

233 1960 313 1990 vino
342 1956 470 2003 Judicio
498 1959 692 1991 reservatus.
722 1955 869 1994 Proinde
894 1957 1017 1993 sandius
1042 1955 1115 1994 Leo

233 2007 338 2050 palam
365 2005 411 2044 est
438 2007 630 2044 nobiscum.

284 2056 391 2090 Etiam
405 2057 505 2090 totius
521 2056 867 2094 Ecclefiaeconsensum
882 2053 1030 2098 producit
1044 2055 1113 2089 Do·
1129 2075 1130 2078 =

215 2106 341 2139 ,minus
366 2106 549 2141 Cardinalis
565 2130 575 2145 ,
597 2107 627 2139 ὅ(
655 2107 760 2139 scribit
785 2120 795 2138 .·
825 2110 860 2137 In
885 2104 1010 2145 Ecclefia
1032 2102 1115 2145 sape*

231 2158 389 2192 concedunt
423 2171 459 2188 a.
478 2156 666 2197 Pontificibus
715 2158 909 2197 indulgentiae
939 2153 1113 2186 habentibus

233 2211 444 2243 contritionem
467 2199 653 2248 peccatorum
671 2204 790 2247 ficorum
805 2217 868 2237 cum
890 2203 1113 2247 propoli‘tocon-

229 2255 610 2302 fefflonvlsosacrarnentalis
628 2254 682 2296 suo
701 2265 829 2296 tempore
843 2253 998 2295 faciendae
1023 2277 1029 2284 .
1066 2256 1114 2291 Ee

228 2301 342 2351 eadem
363 2306 559 2347 Indulgentiae
581 2307 601 2337 ἃ
620 2305 758 2351 fidelibus
782 2315 841 2349 toto
859 2305 924 2336 orbe
944 2303 1114 2340 libenter&-
1148 2314 1151 2317 ’

216 2367 297 2393 „cum
313 2360 486 2398 gratiosum,
507 2354 623 2398 ahtqione
641 2348 860 2400 suscipiantur.
888 2361 926 2386 At
949 2363 1062 2387 certum
1074 2352 1113 2392 est

233 2406 437 2447 indulgentias
450 2404 499 2436 hoc
522 2411 679 2446 requirere,
701 2416 733 2438 ut
756 2411 807 2446 qui
829 2416 879 2437 eat
898 2402 990 2445 sumit
995 2405 1067 2442 jam
1074 2400 1110 2442 fit

232 2461 265 2486 in
279 2453 358 2493 statu
377 2460 490 2497 gratiae
504 2478 515 2494 ,
548 2457 581 2488 (5
600 2455 674 2488 liber
693 2457 713 2491 ᾇ
734 2466 819 2487 reatu
837 2462 940 2486 mortis
966 2463 1087 2486 aetcrnae
1100 2477 1110 2491 ,

233 2504 266 2536 (¹5
285 2502 377 2545 solum
394 2512 451 2544 pro
472 2505 680 2544 temporalibus
699 2512 797 2545 poem's
817 2503 992 2546 satisfacere
1013 2513 1111 2536 tenea·

232 2562 290 2585 tur.
315 2555 511 2596 Indulgentiae
522 2559 597 2585 enim
613 2555 853 2594 ‹itemparalihus
861 2561 957 2594 poeni's
978 2553 1109 2586 homines

232 2603 363 2638 liberant
376 2628 386 2647 ,
405 2601 435 2650 fi
452 2613 553 2635 tamen
570 2609 656 2643 prius
680 2604 719 2637 ab
742 2614 921 2637 aeternarum
942 2613 1028 2635 reatu
1039 2603 1097 2635 libe

232 2657 294 2685 rati·
308 2652 436 2693 fuerint.
465 2655 567 2695 ,Quare
577 2652 716 2695 universa,
732 2652 857 2693 Eccleſja
868 2653 959 2686 credit
966 2661 1022 2694 per
1033 2656 1107 2685 Con-

231 2709 383 2739 trtti'onem
403 2714 466 2736 cum
488 2712 556 2735 voto
577 2702 749 2744 conftffiotiis
761 2704 780 2734 ἃ
796 2713 883 2736 reatu
895 2712 1014 2745 peceato
1035 2714 1105 2734 mor-

230 2752 303 2786 talis
324 2752 469 2786 hominem
488 2752 610 2789 liberari
624 2777 635 2792 ,
651 2763 741 2797 atque
764 2759 796 2784 in
811 2761 946 2798 gratiam
968 2764 1033 2786 cum
1047 2756 1108 2786 Deo

230 2804 332 2838 redire.
362 2802 557 2844 Respondeo
570 2803 658 2835 aliud
671 2804 733 2836 esse
747 2803 995 2848 indulgentiam,
1016 2803 1105 2850 aliud

230 2852 297 2894 ejus
319 2853 456 2885 frustum
482 2853 533 2886 seu
555 2852 721 2885 effcdium.
752 2854 832 2886 Eam
848 2850 942 2896 vposse
965 2853 998 2886 in
1023 2853 1103 2885 statu

231 2905 353 2944 peccati
379 2902 530 2940 mortalis
548 2903 664 2938 donari
687 2914 785 2946 atque
805 2905 984 2947 acceptari,
1008 2915 1104 2936 nemo

229 2951 389 2991 dubitavit
415 2964 576 2995 unquam:
601 2953 681 2987 Earn
693 2955 781 2986 enirn
794 2965 869 2989 ante
896 2954 1106 2987 Reconcilia·

229 3001 352 3034 tionem
377 3002 486 3050 passim
499 3001 587 3035 dedit
613 3003 750 3038 Ecclesia
773 3004 907 3046 antiqua
924 3005 1104 3036 Sacramen-

229 3052 308 3085 tales
332 3053 560 3087 satisfaffiones
582 3054 628 3085 uti
658 3053 769 3095 passim
797 3064 872 3087 ante
900 3053 1103 3087 Reconcilia-

228 3100 352 3134 tionem
381 3103 534 3149 imposuit
560 3113 656 3146 atque
683 3105 803 3145 expleri
828 3103 935 3147 jussit,
962 3104 1006 3137 ita
1028 3114 1101 3146 quo·

229 3161 294 3192 que
320 3149 450 3188 indulsit
466 3153 499 3186 δι
521 3148 694 3186 relaxavit.
722 3153 845 3187 Verum
859 3165 925 3186 tam
950 3154 1100 3196 expletio>

228 3200 280 3233 nis
301 3212 397 3243 quam
426 3202 635 3236 relaxationis
658 3204 777 3240 frustus
800 3205 852 3237 scu
879 3203 1007 3236 effeetus
1037 3216 1102 3237 non

228 3249 285 3283 nisi
317 3250 383 3291 post
411 3262 572 3287 remotum
609 3264 714 3287 reatus
744 3256 796 3287 seu
825 3255 945 3296 peccati
974 3253 1102 3287 obicem

226 3299 260 3332 in
285 3299 570 3336 Reconciliatione
593 3326 603 3341 ,
634 3305 666 3337 δε
690 3316 743 3346 per
766 3305 865 3347 ipsam
886 3303 964 3336 dato
997 3305 1105 3347 gratiae

225 3348 310 3384 statu
323 3349 513 3385 sumebatur.
543 3352 667 3386 Eodem
692 3355 793 3387 modo
806 3355 840 3387 fit
863 3364 959 3387 etiam
984 3355 1017 3386 in
1041 3355 1104 3388 lau-

225 3399 312 3437 datis
322 3412 376 3445 per
389 3399 577 3439 Dominum
587 3395 796 3446 Cardiiialem
808 3405 1024 3452 indulgentiis
1037 3427 1045 3435 .

1910 90 2007 136 227

1212 159 1381 200 Dominus
1391 160 1574 198 Cardinalis
1592 159 1725 194 adducit
1746 156 1845 192 ctiam
1869 163 1955 194 vatia
1965 162 2033 193 san·

1164 210 1206 250 sti
1232 211 1507 256 Augustiniloca,
1527 210 1640 248 fimilia
1657 209 1734 243 huic
1756 210 1788 241 in
1810 208 1928 251 quinto
1942 211 2034 253 super

1166 261 1261 299 sancii
1286 259 1419 302 Joannis
1439 260 1591 301 Apostoli
1605 261 1714 297 literas
1735 259 1889 293 tractatu:
1911 260 1941 290 51'
1963 266 2030 301 quis

1165 316 1197 343 tn
1218 312 1302 351 eorde
1316 308 1370 352 suo
1389 315 1536 347 invenerit
1556 309 1733 345 charitatem
1746 334 1755 350 ‚
1768 307 1888 351 securus
1901 307 1940 348 fit
1962 314 2033 351 quia

1160 363 1230 401 jam
1253 359 1367 404 tranfitt
1380 368 1501 397 amorre
1511 360 1553 391 ad
1564 366 1679 400 vitam,
1694 362 1807 400 jamin
1831 360 1957 394 dextera
1976 357 2032 396 est.

1170 410 1211 452 Et
1234 410 1382 454 adjungit
1398 422 1405 442 :
1437 415 1475 447 At
1489 420 1557 440 num
1570 416 1600 441 in
1613 412 1736 454 dentem
1748 409 1796 452 esse
1804 408 1972 450 dicipotest‚
1982 412 2035 450 qui

1168 460 1338 498 adhaereas
1358 460 1395 500 est
1408 459 1551 502 gebennae
1572 459 1691 500 &filius
1709 464 1763 493 trae
1773 471 1806 491 ac
1822 460 2000 500 perditionis
2023 458 2036 493 ἓ

1172 509 1514 544 Adducit&aliurnex
1529 509 1660 541 laudaro
1672 510 1804 542 tradiatu
1818 508 1947 542 locum:
1978 510 2038 545 Di-

1168 558 1318 604 leaiosola
1329 558 1467 602 discernit
1479 567 1556 591 inter
1565 557 1641 599 filios
1654 560 1706 590 Dei
1716 561 1747 591 (st
1756 558 1831 600 filios
1845 557 1955 590 a‘iabolt'
1966 582 1973 589 .
1998 557 2041 590 Et

1171 611 1236 645 haec
1250 609 1390 648 omnino
1404 610 1531 646 adsidua
1543 608 1586 641 est
1610 609 1705 645 ‚sancti
1731 607 1907 651 Augustini
1930 606 2044 643 doetri-

1171 674 1221 695 na.
1231 660 1431 702 Respondeo
1445 660 1584 702 primum
1595 668 1669 690 cum
1682 657 1752 690 aliis
1764 657 1920 690 similibus
1932 657 2043 691 locum

1172 710 1424 754 intelligendum
1436 710 1468 744 &
1481 708 1520 742 de
1532 707 1664 751 perfecta
1675 706 1830 740 charitate
1843 731 1853 746 ,
1873 708 1904 739 &
1916 705 1955 739 de
1978 706 2042 739 im-

1174 762 1314 804 perfecia.
1336 758 1437 807 Qod
1448 759 1668 801 enim‚quaevis
1682 757 1778 795 etiarn
1792 756 1868 796 haec,
1877 755 2046 799 praesertim

1174 807 1193 844 si
1205 812 1330 847 adfectu
1344 812 1378 844 fit
1392 811 1482 852 super
1493 809 1604 843 omnia
1617 831 1627 847 ,
1649 818 1848 850 peccatorem
1861 807 2025 840 resuscitet
2037 830 2048 845 ,

1174 861 1279 898 vivere
1296 861 1408 900 faciat,
1431 858 1620 901 adeoque&
1632 858 1763 892 ‘amorte
1785 856 1826 890 ad
1841 856 1940 889 vitam
1952 856 2050 889 trans-

1174 913 1269 950 ferat,
1291 912 1382 953 super
1398 922 1439 943 ex
1468 907 1665 942 authenticis
1693 906 1889 945 testimoniis
1910 904 2049 939 ostendi.

1174 961 1348 1000 Transfert
1376 960 1394 992 a
1423 971 1549 998 morte,
1576 970 1643 991 non
1671 956 1802 1001 quidem
1831 956 1870 989 ad
1900 954 2051 988 habitua-

1176 1013 1238 1051 lem
1261 1010 1452 1047 remissionis
1464 1019 1684 1052 peccatorum,
1711 1017 1818 1041 tamen
1830 1007 1870 1039 ad
1897 1005 2054 1042 aiiualem

1176 1061 1296 1095 fidei&
1311 1061 1390 1096 boni
1403 1061 1508 1101 operis
1521 1059 1619 1094 vitam
1634 1083 1641 1089 .
1671 1057 1808 1097 Eadem,
1836 1057 1912 1089 licet
1927 1068 1994 1089 non
2009 1056 2057 1089 so-

1178 1114 1227 1152 la,
1253 1121 1361 1146 tamen
1387 1122 1438 1152 per
1461 1110 1719 1150 Sacramentum,
1741 1106 1829 1150 quod
1850 1105 2055 1150 Augustinus

1178 1172 1382 1206 nequaquam
1394 1158 1564 1198 excludit,
1587 1158 1694 1202 adjuta
1708 1182 1718 1196 ,
1739 1154 1880 1194 omnino
1901 1155 2055 1190 transfert

1176 1214 1194 1246 a
1216 1212 1337 1245 sinistra
1361 1210 1400 1248 ad
1423 1211 1588 1246 dexteram
1603 1233 1610 1240 .
1639 1206 1743 1243 Possit
1771 1218 1880 1245 tamen
1904 1206 2053 1239 &solam

1179 1261 1346 1305 perfestam
1369 1259 1559 1304 charitatem
1575 1259 1699 1293 sanstus
1722 1257 1926 1300 Augustinus
1941 1253 2054 1288 inistis

1179 1312 1282 1345 verbis
1305 1311 1455 1352 respicere
1469 1323 1479 1343 .-
1502 1308 1601 1354 Qod
1626 1309 1713 1340 enim
1728 1307 1869 1349 perfestae
1889 1305 2056 1339 charitatis

1177 1362 1285 1400 laudes
1305 1362 1338 1394 δε
1362 1370 1442 1392 vires
1469 1355 1537 1392 toti'
1552 1356 1662 1400 generi
1692 1358 1874 1398 frequentet
1899 1353 2057 1388 adscribat

1182 1409 1437 1457 probatiffimurn
1469 1406 1646 1441 Canonicae
1666 1406 1763 1443 etiam
1786 1403 1970 1445 locutionis
2003 1414 2060 1446 ge·

1179 1473 1263 1501 nus,
1284 1460 1354 1493 dixi
1373 1460 1438 1502 jam
1461 1458 1578 1500 supra,
1604 1456 1636 1490 &
1660 1455 1705 1488 est
1732 1454 1960 1492 manifestum.
1989 1452 2060 1486 Ali-

1179 1523 1232 1545 um
1253 1512 1271 1543 a
1286 1510 1437 1544 Domino
1454 1505 1624 1545 Cardinali
1645 1503 1815 1542 adduQum
1835 1505 1945 1539 locum
1959 1513 2060 1545 expo-

1179 1563 1228 1595 nit
1250 1561 1438 1602 frequenter
1460 1569 1497 1594 ac
1520 1565 1666 1599 patenter
1693 1554 1757 1597 ipse
1781 1551 2056 1599 Augustinus,di-

1177 1622 1254 1645 cens
1265 1610 1331 1643 Dei
1345 1609 1430 1642 filios
1442 1608 1459 1646 a
1471 1605 1595 1639 diaboli
1609 1604 1687 1642 filiis
1702 1615 1762 1638 nec
1773 1615 1827 1648 per
1840 1601 2059 1643 Sacramenta,

1179 1673 1239 1696 nec
1262 1670 1316 1703 per
1338 1655 1574 1696 Ecclesiasticas
1600 1655 1778 1699 dignitates
1796 1678 1807 1694 ‚
1838 1665 1896 1688 nec
1915 1664 1969 1697 per
1990 1663 2061 1696 gra-

1178 1711 1218 1745 tis
1249 1711 1324 1744 data
1356 1707 1548 1744 charismata
1568 1730 1580 1751 ,
1604 1705 1657 1743 sed
1689 1705 1846 1752 distingui
1869 1715 1923 1747 per
1955 1703 2059 1737 solam

1177 1761 1368 1795 charitatem
1390 1782 1402 1801 ,
1430 1757 1519 1800 quod
1546 1765 1663 1798 nempe
1687 1754 1749 1791 alia
1771 1755 1884 1787 omnia
1909 1753 1974 1786 fine
1994 1752 2057 1787 hac

1177 1812 1237 1844 sint
1258 1809 1410 1847 inutilia,
1432 1808 1465 1840 δε
1490 1817 1557 1839 non
1584 1804 1719 1847 prosint.
1747 1803 1913 1850 roirca
1936 1802 2058 1837 exinde

1179 1872 1245 1894 non
1269 1860 1384 1902 probes
1401 1856 1548 1900 quamvis
1560 1854 1662 1893 solam
1673 1852 1739 1893 fine
1762 1854 1971 1892 Sacramento
1982 1851 2059 1886 cha·

1176 1912 1305 1944 ritatem
1325 1907 1518 1952 justificare,
1550 1903 1602 1937 sed
1624 1905 1688 1938 fine
1709 1901 1866 1938 charitate
1888 1902 2057 1937 neminem

1176 1961 1217 1994 ab
1249 1960 1320 1993 ullo
1352 1956 1519 2002 justificari
1542 1956 1775 1994 Sacramento,
1799 1953 1888 1996 quod
1923 1952 1988 1987 hoc
2016 1951 2054 1986 in

1177 2010 1304 2052 Scripto
1326 2006 1499 2050 praesettim
1518 2005 1606 2038 nitor
1627 2001 1826 2046 persuadere.

1229 2059 1382 2102 Pergit&
1399 2067 1489 2100 urget
1506 2054 1671 2088 Dominus
1686 2053 1891 2088 Cardinalis:
1913 2053 2054 2098 ,Quicbir-

1175 2117 1296 2146 ri'tatem
1307 2108 1407 2146 babet,
1417 2107 1508 2149 legem
1521 2105 1623 2146 implet
1634 2129 1643 2144 ,
1655 2112 1685 2136 ut
1698 2104 1871 2147 Augustinus
1883 2102 2005 2145 ostendit
2014 2091 2054 2138 eie

1176 2160 1276 2191 verbis
1293 2157 1425 2199 apostoli,
1437 2153 1730 2188 PLENlTUDo
1744 2147 1878 2188 LEGIS
1891 2151 1979 2187 EST
1989 2154 2053 2187 Di·-

1175 2207 1357 2242 LECTIO
1372 2230 1379 2237 .
1405 2210 1442 2241 At
1452 2215 1533 2237 nemo
1547 2203 1625 2238 rec‘lt?
1637 2210 1739 2236 vivere
1749 2228 1760 2243 ,
1780 2205 1812 2237 ω
1824 2204 1911 2248 Iegem
1931 2204 2053 2245 implere

1170 2258 1261 2299 potest
1271 2283 1281 2297 ,
1294 2255 1350 2302 nisi*
1356 2263 1546 2300 regeneratus
1557 2278 1566 2292 ,
1582 2252 1798 2295 &justificatus
1810 2276 1821 2296 ,
1849 2254 1882 2286 (9
1889 2252 1972 2295 fillus
1995 2256 2052 2286 Det

1173 2307 1314 2348 effec‘lus,
1335 2307 1447 2340 dicente
1471 2302 1624 2346 Augustino
1645 2314 1652 2336 2
1690 2301 1795 2338 NON
1830 2301 1957 2339 BENE
1988 2301 2051 2336 VI-

1174 2357 1326 2392 VUNT
1339 2352 1501 2392 HOMIN
1511 2353 1560 2386 Es
1573 2377 1583 2392 ,
1610 2351 1699 2389 N181
1728 2352 1927 2391 EFFECTI
1942 2351 2049 2386 FILII

1148 2413 1151 2418 ’
1173 2407 1252 2441 DEI
1265 2432 1271 2438 .
1302 2409 1320 2439 5
1323 2412 1436 2449 equitur
1446 2409 1538 2447 igitur
1551 2427 1560 2442 ‚
1573 2413 1606 2435 ut
1619 2408 1669 2444 qui
1681 2402 1858 2434 charitatem
1870 2400 1978 2434 habent
1989 2425 2000 2441 ,
2011 2403 2048 2433 lt-

1172 2459 1232 2491 beri'
1241 2457 1320 2500 fiant
1330 2458 1349 2492 ἁ
1360 2464 1478 2497 peccato
1490 2477 1499 2492 ,
1523 2452 1759 2497 quandoquidem
1762 2451 1862 2493 sanc‘ll
1867 2449 1925 2492 fint
1937 2475 1947 2491 ,
1959 2452 1992 2484 ὁ·
2008 2451 2048 2484 le-

1165 2519 1232 2551 gem
1252 2508 1395 2548 impleant
1407 2529 1418 2548 ,
1436 2503 1515 2544 quod
1535 2513 1619 2537 nemo
1637 2502 1727 2542 potest
1741 2525 1751 2540 ,
1772 2499 1852 2541 nisit?
1863 2509 1980 2542 peccato
1991 2503 2047 2541 ju-

1164 2558 1323 2600 stificatus.
1354 2552 1548 2596 Respondeo
1570 2551 1636 2584 haec
1660 2550 1813 2593 Apostoli
1838 2549 1947 2584 verba:
1979 2553 2046 2594 ,Qut

1169 2610 1267 2654 diligit
1280 2630 1290 2647 ,
1301 2608 1390 2649 legem
1401 2604 1540 2644 implevit
1552 2626 1562 2642 ,
1585 2601 1740 2634 Plenitudo
1751 2601 1823 2644 legis
1844 2600 1882 2638 est
1905 2601 2041 2643 dilavio,

1168 2659 1230 2691 este
1243 2668 1310 2695 uon
1324 2654 1553 2697 cujuscumque
1565 2675 1575 2690 ,
1587 2650 1638 2684 sed
1652 2651 1763 2691 solius,
1783 2650 1898 2693 utpote
1909 2662 1977 2694 quae
1990 2653 2044 2685 so-

1168 2706 1197 2740 la
1209 2705 1404 2749 totiuslegis
1416 2701 1632 2744 adimplenda:
1647 2702 1726 2734 vires
1740 2699 1856 2734 habeat
1868 2725 1879 2740 ,
1905 2702 2043 2743 perfestssae

1167 2754 1334 2790 charitatis
1346 2754 1533 2788 encomium
1550 2776 1556 2783 .
1587 2750 1716 2785 Etenim
1727 2750 1864 2790 Divina,
1897 2762 1991 2791 quam
2007 2753 2040 2789 in

1169 2806 1227 2839 hac
1241 2807 1307 2839 vita
1319 2804 1336 2837 ὲ
1350 2802 1445 2837 nobis
1457 2801 1655 2844 completam
1669 2811 1798 2842 oportet
1810 2824 1820 2839 ,
1843 2799 1894 2836 lex
1909 2801 1966 2838 est,
1979 2800 2042 2838 Post
2105 2836 2107 2838 μ

1166 2853 1411 2897 concupiscentias
1424 2862 1491 2885 tuas
1504 2863 1559 2883 non
1571 2863 1632 2889 eas,
1644 2851 1695 2884 seu
1713 2849 1791 2883 nulli
1804 2849 1977 2892 cupiditati
1989 2851 2042 2883 ad-

1167 2903 1483 2943 sensum,adfixivum
1499 2899 1824 2945 praesertim,praebeas:
1841 2898 1942 2947 Qod
1956 2900 2043 2935 lucet

1166 2957 1230 2989 fieri
1244 2967 1309 2989 non
1326 2955 1424 2998 pofie,
1438 2952 1494 2985 nifi
1505 2962 1558 2994 per
1572 2950 1738 2992 perse-&am
1752 2947 1956 2989 charitatem,
1968 2961 2040 2993 quae

1165 3007 1198 3039 sit
1212 3007 1335 3049 patiens
1350 3028 1360 3045 ,
1373 3003 1466 3037 fortis
1478 3027 1488 3042 ,
1501 3001 1640 3043 benigna
1654 3023 1664 3038 ,
1678 3011 1745 3031 non
1759 3009 1833 3043 agat
1854 3011 2015 3041 perperam
2025 3025 2039 3041 ,

1167 3068 1232 3090 non
1246 3058 1372 3099 cogitet
1386 3054 1507 3086 malurn
1520 3074 1530 3089 ,
1549 3049 1662 3083 omnia
1677 3049 1804 3086 sufferat
1820 3074 1830 3088 ,
1841 3049 1962 3090 credat,
1975 3052 2039 3092 spe-

1166 3117 1224 3146 ret,
1235 3107 1266 3140 &
1276 3116 1372 3149 quam
1386 3112 1488 3145 neque
1501 3111 1598 3139 mors,
1610 3110 1712 3141 neque
1725 3100 1806 3141 vita,
1817 3110 1875 3133 nec
1887 3100 1951 3134 ulla
1975 3112 2040 3133 cre-

1149 3165 1258 3203 ⁸aturae
1268 3155 1396 3189 dileffio
1411 3150 1503 3195 possit
1514 3149 1531 3182 ὲ
1543 3148 1676 3183 Christo
1689 3148 1758 3192 Jesu
1776 3151 1928 3196 separare.
1954 3149 2039 3195 Qua-

1148 3207 1152 3230 J
1165 3218 1198 3239 re
1208 3205 1347 3239 omnino
1361 3203 1511 3246 profiteor
1526 3200 1629 3244 legem
1643 3200 1833 3245 adimpleri,
1854 3201 1905 3234 seu,
1918 3199 2044 3242 integro

1165 3255 1324 3290 observari
1340 3265 1404 3286 non
1420 3251 1518 3294 posse,
1540 3250 1594 3282 nisi
1610 3249 1833 3292 irregeneratis
1843 3260 1879 3280 ac
1891 3248 2042 3290 justifica-

1165 3306 1205 3339 tis
1223 3331 1230 3338 .
1257 3303 1416 3351 Qisquis
1428 3299 1515 3337 enim
1529 3299 1632 3342 legem
1647 3298 1824 3342 adimplet,
1847 3298 1911 3340 jam
1925 3297 2040 3337 perfec-

1166 3366 1232 3389 tam
1244 3355 1436 3388 charitatem
1458 3348 1570 3389 habet,
1600 3349 1745 3392 adeoque
1768 3347 1811 3380 est
1832 3346 2040 3389 justificatus,

1167 3404 1293 3441 Vei-tim
1328 3400 1417 3447 quod
1443 3399 1542 3447 longe
1578 3399 1668 3434 aliud
1696 3399 1731 3434 fit
1758 3399 1864 3442 legem
1889 3396 2044 3439 adimple.

1963 3457 2021 3486 re,
