2366 3736
349 155 444 202 172

296 228 469 276 sexaginta
504 228 540 265 &
565 239 666 264 unum
690 254 698 261 .
727 228 811 267 Aeta
832 230 936 266 latent
957 255 969 272 ,
1005 240 1061 264 aut
1088 230 1186 275 perie-

298 289 394 318 runt,
421 281 510 318 Inter
537 279 640 314 Sanffl
669 278 851 324 Augustini
875 280 1036 325 Epistolas
1048 280 1184 324 superest

297 329 365 373 ejus
389 330 430 365 ad
456 329 652 369 Pontificem
680 329 814 371 Relatio
831 356 845 379 ,
871 331 965 378 cujus
996 341 1071 370 ecce
1097 341 1185 370 com*

298 380 456 429 pendium
468 404 475 412 .

347 429 467 481 Primo
483 451 496 468 ‚
533 429 679 472 queritur
708 432 837 476 grassari
863 442 984 466 novam
1009 429 1148 467 haerefim
1174 456 1184 472 ,

295 490 368 525 quae
387 477 486 516 nobis
506 479 597 514 radat
614 480 694 517 duas
717 482 908 516 Dominicae
921 481 1092 518 Orationis
1105 481 1185 525 peti»

296 531 402 566 tiones
415 541 426 562 .-
449 531 582 564 Dimitte
600 530 685 565 nobis
701 532 804 566 debita
815 532 928 576 nostra3
955 536 1009 564 Ne
1026 543 1079 565 nos
1096 533 1181 569 indu·

294 590 346 614 cas
381 582 413 610 in
434 585 630 616 tentationem
652 605 659 613 .
689 582 800 617 Docet
819 584 909 616 enim
933 581 1107 618 hominem
1129 592 1183 625 per

293 628 432 664 liberum
455 628 521 665 sine
542 631 609 664 Dei
627 632 731 676 gratia
741 632 910 669 arbitrium
923 632 1105 677 pertingere
1116 632 1181 674 pos-

292 678 327 717 se
343 677 385 716 ad
402 680 666 725 tantamjustitiae
677 682 910 726 perfectionem
922 704 935 722 ,
961 691 997 719 ut
1011 682 1048 715 fit
1063 683 1183 725 absque

291 728 387 764 omni
409 730 539 772 penitus
563 742 718 781 peccato.
745 732 855 767 Etiam
870 730 1058 773 superandis
1078 741 1179 769 tenta-

291 777 440 817 tionibus
457 778 556 815 docet
577 781 678 826 ipsam
692 793 759 816 non
770 782 833 816 effe
844 780 1049 818 necessariam
1060 806 1068 816 ,

341 828 518 871 Praeterea,
545 841 645 876 negat
666 831 805 874 parvulis
819 830 919 865 inesse
930 830 1092 874 originale
1109 843 1179 874 pec-

290 886 424 918 catum,
452 880 590 925 ideoque
608 881 716 924 ipsos,
742 880 819 915 licet
841 881 909 915 fine
921 879 1047 919 Christi
1062 881 1181 929 Baptis-

289 938 349 967 mo
371 928 558 971 discedant,
587 931 714 965 futuros
726 931 761 966 in
774 931 840 967 vita
852 939 968 966 aeterna
983 955 992 963 .

338 978 492 1014 Secundo
508 1003 520 1021 ‚
544 980 659 1016 erroris
679 979 777 1024 hujus
801 979 962 1018 Aunores
980 980 1113 1018 Relatio
1134 981 1180 1016 di-

287 1028 334 1063 cit
347 1030 411 1070 esse
422 1027 596 1074 Pelagium
607 1030 642 1071 &
658 1030 838 1070 Celestium
852 1044 860 1065 :
886 1030 931 1067 Et
953 1029 1066 1072 hunc,
1081 1031 1181 1075 apau-

286 1078 335 1117 cis
350 1080 447 1117 annis
467 1079 662 1120 damnatum
673 1079 898 1126 Carthagine,
922 1080 987 1123 jam
1010 1080 1180 1127 Presbyte-

286 1139 361 1162 rum
382 1128 500 1175 degere
510 1128 545 1163 in
560 1130 655 1174 Afia;
683 1131 778 1166 illum
792 1131 910 1171 haerere
921 1130 1180 1174 Hierosolymis,

284 1177 398 1211 fallere
416 1179 490 1217 istic
513 1180 696 1227 quosdam,
722 1182 756 1215 ἀ
776 1182 796 1219 ,ὲ
816 1180 949 1225 multis,
977 1182 1087 1224 sancto
1108 1193 1179 1226 pras—

285 1227 394 1265 sertim
416 1222 633 1276 Hieronymo
643 1253 656 1270 ‚
676 1231 879 1276 impugnari.

335 1276 478 1319 Tertio,
504 1289 564 1314 nec
578 1277 751 1325 Pelagium
764 1292 824 1316 nec
832 1280 1017 1320 Celestium
1033 1280 1178 1324 damnat,

284 1338 349 1363 nee
369 1327 469 1361 unam
480 1327 574 1365 Dios
569 1329 722 1371 politanae
735 1330 864 1374 Synodi
876 1332 1070 1369 memoriam
1081 1332 1174 1372 facit,

285 1376 342 1415 sed
362 1376 438 1411 illos
457 1387 514 1421 pet
536 1377 642 1421 ipsum
660 1379 861 1415 Pontificem
883 1390 979 1424 rogat
1002 1382 1122 1425 corripi
1144 1382 1177 1415 &

282 1427 415 1511 ωειιῖιιετί
437 1450 449 1467 ,
486 1428 621 1462 credens
642 1427 845 1474 Apostolicae
872 1431 1057 1467 austeritati
1080 1431 1177 1481 plane

282 1487 325 1518 ce
353 1487 446 1511 uros.

333 1524 486 1576 Qarto,
511 1525 776 1573 rogat‘damnari
796 1529 909 1565 saltem
932 1530 997 1573 jam
1021 1530 1176 1566 dicioser-

264 1588 391 1623 =rores,
423 1587 460 1611 ut
483 1575 544 1617 sic,
572 1577 800 1624 lieetnonipfi
815 1582 982 1622 auctores,
1010 1582 1123 1617 saltem
1134 1581 1176 1622 ab

283 1627 360 1679 ipsis
378 1626 620 1674 circumscripti
637 1629 766 1672 Fideles
784 1642 998 1673 revocentur,

436 1731 612 1771 Epi-ponitur
634 1729 795 1778 ,Pontificis
816 1729 1021 1781 Responsum,
1055 1782 1062 1790 .

278 1825 281 1827 ’
395 1825 510 1875 Ujus,
533 1827 584 1867 uti
606 1827 944 1874 &Carthaginenfis,
971 1829 1177 1873 SynodiRev

279 1903 282 1906 .
353 1915 372 1917 Ὗ
419 1877 580 1917 lationem
602 1879 708 1927 Julius
730 1880 914 1924 Episcopus
935 1882 1001 1916 una
1027 1881 1173 1917 Romam

277 1927 424 1973 detulit,
449 1928 547 1976 simul
556 1927 677 1965 obtulit
690 1928 848 1965 Pontifici
864 1953 876 1974 ‚
887 1940 986 1973 atque
996 1931 1043 1965 ita
1055 1940 1175 1964 utram.

283 1988 351 2022 que
369 1977 544 2021 synodum
560 1978 649 2013 lucet
668 1978 786 2013 eodem
800 1988 948 2026 tempore
958 1978 1174 2021 celebratam,

282 2027 330 2067 Et
354 2026 473 2077 huju8‚
500 2039 621 2063 novam
643 2027 785 2063 haerefim
801 2040 871 2065 nou
882 2029 1090 2069 damnantis,
1118 2029 1172 2063 sed

279 2076 326 2117 ad
352 2077 440 2114 Petri
471 2078 627 2122 Apostoli
655 2077 818 2121 judicium
838 2079 1030 2121 referentis,
1057 2078 1174 2114 mode-

279 2128 379 2167 ssiam
405 2127 565 2166 Pontifex
592 2129 739 2164 laudavit
761 2128 938 2173 plurimum
963 2154 974 2170 ,
1000 2129 1175 2168 adfirmans

280 2177 378 2217 'bunc
399 2179 461 2212 esse
472 2178 573 2212 vetust
580 2188 635 2211 um
646 2179 794 2215 Ecclefiae
803 2188 929 2212 morem
942 2179 975 2212 &
988 2188 1152 2213 canonem
1164 2203 1175 2222 ‚

283 2227 330 2264 ab
349 2227 507 2261 omnibus
529 2229 641 2270 utique
664 2228 808 2273 Synodis
825 2228 1024 2262 servandum
1044 2251 1052 2264 ,
1081 2228 1176 2263 Istius

284 2276 323 2316 in
345 2277 612 2320 Diospolitanam
646 2288 779 2322 quoque
811 2278 984 2321 Synodum
1010 2276 1176 2315 modestiae

284 2328 400 2362 auctor
419 2327 563 2365 omnino
593 2327 658 2365 fuit
680 2326 805 2366 sanstus
822 2328 1031 2372 Augustinus
1059 2352 1066 2365 ,
1093 2327 1175 2361 Acta

283 2377 402 2415 omnia
422 2376 575 2420 probavit
596 2376 754 2416 Pontifex
775 2401 787 2419 ,
811 2377 919 2421 primo
939 2374 1174 2413 diceus'haerefi

285 2425 353 2461 hac
368 2425 455 2462 nihil
476 2427 512 2461 in
527 2427 637 2463 Deum
655 2428 744 2471 poffe
763 2428 846 2472 fingi
866 2427 1034 2468 acerbius,
1061 2425 1177 2470 utpote

288 2488 363 2521 quae
382 2477 480 2510 caflet
492 2476 606 2513 divina
618 2477 777 2520 adjutoria
788 2500 799 2517 ,
823 2477 968 2512 dicendae
979 2478 1014 2511 in
1026 2476 1096 2511 dies
1108 2478 1176 2511 Do-

289 2526 421 2564 minicae
431 2525 605 2564 Orationis
615 2526 832 2566 necessitatem
844 2528 968 2567 auferat
979 2551 991 2573 ,
1010 2526 1176 2577 dicatque;

289 2577 382 2623 ‚Quid
403 2575 478 2609 mibi
500 2583 571 2618 opus
593 2578 676 2617 Deo?
939 2597 944 2602 ·

344 2625 518 2671 Secundo,
543 2624 660 2663 definit
685 2635 811 2663 tantam
833 2626 896 2661 effe
921 2624 1041 2663 divinae
1063 2627 1105 2665 ad
1119 2628 1177 2664 fin·

292 2677 390 2723 gulos
412 2678 500 2711 astus
520 2676 631 2720 gratiae
653 2677 873 2711 neceffitatem
889 2700 900 2717 ,
926 2686 959 2710 ut
986 2673 1052 2720 ipsa
1068 2683 1178 2719 priva-

293 2737 360 2761 tum
396 2727 496 2770 necesse
524 2724 565 2767 sit
593 2726 716 2765 Diaboli
751 2728 867 2767 laqueis
895 2732 1045 2760 irretitum
1064 2738 1176 2762 occum-

293 2778 363 2811 bere
381 2801 388 2808 .
417 2775 578 2816 celestibus
613 2781 691 2810 em'm
718 2776 843 2813 auxiliis
868 2776 1009 2822 destituta
1034 2778 1178 2815 voluntas

298 2827 379 2863 nihil
392 2826 484 2868 potest
496 2838 503 2846 ·
851 2849 853 2851 -
908 2834 912 2843 ¹

346 2875 490 2916 Tertio,
516 2887 590 2911 eam
614 2874 732 2909 definit
755 2875 962 2914 necessariam
973 2877 1180 2919 etiamrestltu·

296 2933 334 2958 aa
345 2927 428 2959 nobis
440 2924 827 2968 prssinistarusltbertate.
857 2925 895 2966 ld
905 2925 950 2963 est
963 2950 975 2968 ,
999 2928 1097 2968 etiam
1109 2928 1179 2975 post

299 2985 464 3017 acceptam
485 2976 702 3013 remiffionem
714 2986 943 3020 peccatorum>

352 3024 505 3070 Qarrd,
530 3026 652 3060 stabilit
676 3026 839 3070 originale
849 3034 1041 3069 peccatum,
1068 3026 1180 3064 sancit·

302 3084 368 3118 que
402 3074 501 3112 etiam
539 3076 688 3119 parvulos
713 3076 780 3109 fine
806 3075 973 3119 Baptismo
999 3086 1068 3110 non
1095 3076 1182 3120 posse

303 3123 425 3159 babere
451 3125 552 3161 vitam
577 3134 750 3166 aeternam,
774 3124 817 3159 εὸ
841 3124 930 3170 quod
955 3126 1111 3169 scriptum
1121 3127 1179 3161 fit:

306 3173 379 3216 Nifi
411 3175 667 3207 manducaveritis
699 3185 817 3209 carnem
845 3177 923 3209 Ftlu
947 3175 1075 3209 homenis
1101 3199 1113 3216 ,
1149 3179 1183 3211 (9

306 3224 441 3259 biberitis
467 3226 531 3266 ejus
554 3222 730 3268 sanguinem
743 3247 755 3264 ‚
781 3237 839 3263 non
865 3224 1013 3273 babebitis
1038 3231 1182 3264 vitamin

306 3274 393 3311 vobls
405 3299 412 3306 .

359 3322 510 3370 Qinffi,
536 3322 708 3367 Pelagium
730 3325 764 3358 &
787 3326 989 3371 Celestium,
1012 3336 1182 3369 tamquam

311 3385 418 3409 novos
439 3373 692 3423 Haereliarchas,
717 3377 885 3419 quousque
898 3377 1083 3422 resipiscant
1095 3400 1107 3418 ,
1125 3378 1183 3422 pri-

312 3432 365 3461 vat
385 3425 477 3457 omni
500 3424 649 3458 Ecclefiae
669 3426 924 3459 commuuione.

360 3474 459 3513 Sexto
479 3498 492 3516 ,
517 3472 772 3519 refipiscentibus
798 3498 811 3516 ‚
837 3475 869 3513 δε
894 3475 1187 3522 praevaricationem

690 145 971 206 Atha
1008 142 1309 195 E—cheMAE
1346 145 1640 195 Decnern

1247 230 1336 267 suam
1358 231 1498 267 solemni
1511 231 1707 276 profeffione
1718 228 1969 273 damnantibus,
1994 228 2133 277 promiti-

1247 281 1289 318 ,tit
1309 280 1427 327 solitam
1447 282 1599 318 Ecclefiae
1618 282 1797 315 medicinam
1822 305 1834 320 ,
1859 282 1894 316 id
1914 283 1959 316 est
1976 307 1987 323 ,
2012 284 2133 320 laicam

1246 329 1416 367 dumtaxat
1438 332 1709 368 communionem
1739 356 1747 363 .
1787 330 2011 369 Haerefiarchis
2041 333 2133 368 enim

1245 382 1334 419 aliud
1360 383 1405 419 eo
1439 383 1540 426 usque
1562 392 1633 417 non
1662 381 1848 430 permiserat
1873 381 2018 418 Ecclefiae
2039 383 2136 420 disci-

1270 431 1355 470 lina.

1248 443 1268 478 P
1296 480 1401 517 Porro
1422 505 1434 522 ,
1461 491 1516 524 per
1542 481 1774 518 Innocentium
1805 480 1934 516 laudata
1957 481 2132 517 Dominici

1247 531 1404 575 Corporis
1423 533 1456 566 δε
1475 532 1653 575 Sanguinis
1672 533 1815 576 sumptio
1834 533 1871 569 fit
1885 543 1943 576 per
1954 532 2131 576 susceptam

1247 582 1281 615 in
1302 581 1468 625 Baptismo
1491 582 1591 619 fidem
1606 606 1613 613 .

1293 631 1398 679 Qod
1431 631 1702 668 sacramentalem
1733 630 1943 667 Eucharistiae
1973 631 2131 676 sumptio·

1245 691 1319 715 nem
1331 682 1564 727 dogmatizarit
1578 682 1722 725 parvulis
1733 683 1941 716 necessariam
1954 706 1965 722 ‚
1992 681 2130 725 iniquis-

1243 730 1318 765 sime
1340 732 1473 775 quidam
1497 732 1673 769 blaterant:
1702 731 1905 778 Apostolicae
1915 731 2006 770 sedis
2018 733 2130 770 austo-

1243 782 1374 819 ritatem
1399 793 1565 820 evertunt,

1440 882 1473 921 A
1501 884 1528 917 F
1556 883 1586 919 R
1614 882 1629 917 1
1655 883 1686 918 c
1711 881 1742 918 A
1770 882 1805 917 N
1834 881 1874 918 U
1904 881 1926 916 s

1291 982 1583 1031 QUlNQUE
1619 979 2081 1021 EplsCoPoRUM

1419 1082 1451 1119 c
1476 1049 1572 1121 o'N
1598 1082 1633 1120 V
1664 1082 1692 1119 E
1718 1083 1753 1120 N
1780 1082 1818 1120 T
1845 1081 1884 1119 U
1911 1082 1954 1120 s-

1325 1181 1387 1216 0st
1408 1182 1678 1227 Diospolitanam
1703 1181 1876 1227 Synodum
1898 1181 2069 1225 permansit
2092 1180 2130 1216 in

1339 1232 1510 1267 Palaestina
1526 1258 1536 1274 ,
1547 1233 1752 1280 qualiffivistor
1765 1257 1775 1273 ,
1788 1232 1939 1276 Pelagius
1953 1255 1964 1271 ,
1975 1232 2129 1267 seducens

1240 1283 1273 1316 &
1291 1282 1455 1317 sedustus.
1482 1283 1550 1317 Suae
1575 1283 1676 1316 etiam
1695 1282 1845 1316 adversus
1859 1282 2003 1314 sanetum
2016 1279 2131 1323 Augu-

1241 1332 1360 1370 stinurn
1373 1331 1513 1367 audaciae
1526 1334 1741 1376 protestorem
1753 1330 1866 1365 habuit
1879 1331 2041 1378 Joannem
2053 1329 2130 1372 Epi·-

1240 1384 1372 1426 scopum
1398 1381 1742 1428 Hierosolymitanum
1761 1401 1773 1415 ,
1799 1380 1922 1416 Coram
1954 1377 2020 1414 hoc
2037 1379 2130 1415 enim

1240 1432 1383 1477 contigit
1407 1430 1532 1468 famosa
1556 1433 1611 1465 illa
1625 1430 1828 1466 concertatio
1838 1431 1880 1464 de
1892 1429 1980 1466 hisce
1990 1429 2131 1473 propoli·

1239 1482 1385 1516 tionibus
1397 1493 1404 1513 :
1435 1489 1528 1517 Homo
1535 1480 1629 1523 potest
1638 1481 1690 1523 effe
1696 1479 1760 1521 fine
1769 1489 1887 1522 peccato
1899 1505 1910 1520 ,
1923 1482 1958 1515 (εν
1969 1483 2030 1514 Del
2041 1490 2131 1512 man·

1238 1534 1314 1565 data
1328 1531 1425 1574 facile
1449 1531 1590 1571 custodire
1607 1554 1617 1570 ,
1637 1529 1665 1571 fi
1684 1531 1775 1563 velie.
1804 1535 1895 1565 Homo
1920 1540 2045 1564 neceam
2070 1531 2130 1565 Del

1237 1584 1387 1623 adjutorio
1394 1582 1486 1623 potest
1498 1581 1550 1624 effe
1556 1580 1619 1622 fine
1634 1588 1753 1622 peccato
1767 1605 1774 1612 .
1801 1582 1898 1616 Istam
1914 1605 1924 1622 ‚
1935 1580 2003 1614 Dei
2015 1588 2128 1626 tamen

1238 1633 1438 1675 adjutorium
1458 1632 1477 1665 ὲ
1498 1633 1529 1665 se
1549 1629 1669 1664 addens
1696 1629 1921 1674 subintelligi,
1948 1628 2102 1673 Pelagius
2115 1647 2131 1669 5

1237 1681 1324 1716 hanc
1346 1682 1492 1716 defendit
1504 1680 1624 1715 Paulus
1637 1680 1788 1714 orofius.
1818 1681 1891 1714 Nec
1904 1677 2007 1714 male.
2025 1676 2127 1715 intel-

1237 1732 1320 1769 lexit
1346 1732 1437 1766 enim
1460 1731 1501 1765 de
1530 1731 1689 1765 consueto
1710 1728 1807 1774 hujus
1831 1731 1905 1763 vitae
1925 1728 2094 1771 adjutorio
2113 1751 2129 1771 ,

1236 1780 1328 1827 quod
1349 1792 1533 1825 numquam
1553 1782 1598 1816 est
1626 1790 1756 1816 tantum
1777 1782 1829 1814 seu
1853 1779 1938 1814 adeo
1959 1780 2098 1823 plenum
2112 1801 2127 1819 ,

1238 1841 1273 1865 ut
1294 1831 1312 1865 a
1337 1831 1520 1868 venialibus
1540 1831 1638 1866 etiam
1651 1830 1791 1874 lapfibus
1811 1831 1912 1864 servet
1925 1828 2096 1863 hominem
2114 1849 2128 1863 .

1237 1882 1338 1916 Hanc
1362 1882 1495 1917 interim
1512 1880 1696 1917 doctrinam
1717 1880 1802 1915 adeo
1822 1879 1984 1914 aversatus
2006 1878 2070 1913 fuit
2079 1876 2138 1913 di-

1236 1934 1305 1969 stus
1329 1932 1492 1977 Joannes‚
1519 1941 1554 1965 ut
1564 1931 1717 1967 Orofium
1740 1930 1829 1972 quasi
1843 1928 2069 1974 blasphemum
2090 1927 2130 1963 δε

1236 1980 1357 2015 divinae
1376 1982 1487 2025 gratiae
1507 1980 1720 2015 detractorem
1731 1980 1896 2024 rejecerit,
1924 1980 1958 2012 ἀ
1971 1976 2131 2027 secumira

1235 2029 1406 2065 Sacrificio
1426 2029 1570 2066 nolucrit
1593 2027 1765 2074 procedere
1783 2054 1791 2063 .
1821 2028 1900 2063 Post
1920 2027 2025 2063 multa
2047 2050 2060 2068 ,
2084 2025 2130 2060 ab

1237 2090 1374 2124 utraque
1395 2090 1486 2123 parre
1506 2077 1772 2122 compromissum
1786 2078 1916 2122 &quafi
1927 2076 2129 2121 appellatum

1237 2132 1299 2165 fuit
1311 2130 1352 2164 ad
1366 2129 1600 2165 Innocentium
1612 2128 1733 2174 Papam
1748 2154 1756 2162 .
1783 2128 1899 2166 Latius
1912 2128 1980 2164 haec
1991 2128 2026 2162 in
2038 2126 2131 2172 Apo·

1239 2180 1387 2225 logetico
1409 2180 1469 2216 suo
1488 2179 1574 2213 libro
1594 2181 1734 2221 exponit
1747 2178 1882 2215 Orofius
1894 2203 1904 2212 .

1285 2229 1343 2263 An
1364 2237 1441 2263 ante
1460 2252 1472 2269 ,
1506 2239 1549 2263 an
1573 2227 1643 2270 post
1664 2228 1930 2270 Diospolitanam
1950 2226 2128 2271 Synodum

1236 2276 1302 2315 haec
1314 2277 1404 2325 gesta
1418 2278 1479 2312 fint
1490 2302 1502 2323 ‚
1529 2288 1599 2312 nou
1610 2276 1705 2321 plene
1716 2277 1862 2311 constat:
1887 2277 1926 2309 In
1939 2277 2002 2310 isto
2015 2284 2129 2322 tamen

1237 2327 1486 2372 Apologetico,
1511 2327 1544 2361 &
1564 2327 1599 2360 in
1621 2326 1719 2360 saneti
1741 2324 1920 2371 Augustini
1936 2326 1978 2359 de
1989 2323 2130 2359 Palaesti·

1237 2380 1287 2414 nis
1310 2378 1409 2422 gestis
1434 2377 1518 2414 libro
1530 2377 1604 2414 sunt
1617 2378 1727 2420 aliqua
1738 2386 1808 2420 quar
1819 2376 1972 2420 suadeant
1981 2384 2058 2409 ante
2069 2374 2128 2418 Sy·

1237 2426 1386 2468 nodum,
1412 2436 1579 2470 tamquam
1601 2426 1755 2470 praeludia
1781 2426 1815 2463 ὅ(
1839 2433 2089 2470 praeparamenta
2113 2446 2128 2465 .

1236 2477 1428 2522 contigisse,
1455 2477 1631 2524 Qidquid
1653 2477 1689 2510 fit
1710 2498 1721 2519 ,
1746 2475 1875 2520 Pelagii
1905 2473 2127 2519 patrocinium

1237 2530 1382 2573 Joannes
1400 2526 1501 2561 etiarn
1526 2526 1596 2570 post
1620 2526 1794 2572 Synodum
1806 2525 1890 2562 adeo
1901 2536 1968 2558 non
1980 2524 2128 2568 reliquit,

1237 2589 1273 2613 ut
1297 2578 1340 2616 de
1363 2577 1550 2621 pelagianis
1571 2576 1605 2612 in
1620 2576 1720 2612 sancti
1741 2574 1946 2623 Hieronymi
1959 2573 2129 2609 Monaste-

1236 2629 1320 2666 tium
1332 2627 1498 2662 violentiis
1512 2650 1523 2667 ,
1550 2636 1604 2660 aut
1617 2625 1691 2662 sane
1702 2625 1743 2659 de
1754 2625 1856 2661 nimia
1868 2625 1904 2662 in
1918 2625 1998 2668 ipsas
2011 2623 2129 2662 conni-

1239 2679 1347 2713 ventia
1358 2678 1455 2715 fuerit
1467 2677 1499 2712 δι
1512 2677 1630 2710 Romae
1642 2676 1801 2720 suspectus
1811 2674 1895 2717 apud
1908 2673 2023 2711 Sedem
2033 2674 2128 2719 Apo·

1238 2728 1385 2763 stolicam
1411 2751 1419 2763 ,.
1446 2727 1592 2771 lnfignes
1618 2726 1697 2761 item
1728 2724 1892 2769 adipsum
1915 2724 2024 2760 literas
2050 2725 2127 2759 scri·
2174 2742 2177 2749 ‹

1240 2779 1296 2823 psit
1316 2772 1522 2821 Augustinus
1543 2800 1554 2816 ‚
1581 2775 1701 2820 quibus
1726 2785 1805 2813 eum
1829 2772 1871 2808 de
1895 2772 2022 2818 Pelagii
2041 2773 2127 2810 Scri·

1241 2829 1303 2873 ptis
1314 2852 1326 2868 ,
1351 2825 1498 2861 moribus
1510 2851 1521 2869 ,
1539 2826 1624 2863 dolis
1635 2825 1763 2863 instruit
1775 2847 1787 2866 ,
1798 2834 1956 2870 rogatque
1967 2824 2008 2859 fic
2018 2823 2125 2868 ipsum

1239 2878 1360 2923 diligi,
1387 2887 1424 2914 ut
1448 2877 1564 2910 veritas
1588 2887 1657 2911 non
1669 2874 1873 2911 offendatur.
1901 2873 2010 2909 Etiam
2022 2874 2126 2917 queri·

1240 2939 1293 2962 tur
1314 2926 1354 2961 ad
1367 2927 1456 2967 ,alias
1478 2927 1549 2959 suas
1576 2926 1684 2961 literas
1706 2925 1725 2958 ὲ
1742 2924 1870 2968 Joanne
1881 2934 1947 2957 non
1959 2923 2052 2957 fuine
2063 2924 2127 2957 res-

1242 2978 1401 3022 ponsum.
1429 2977 1472 3015 Et
1492 2974 1539 3015 hae
1561 2975 1658 3015 litera:
1682 2975 1757 3014 sunt
1777 2973 1916 3023 synodo
1939 2972 2046 3010 lucide
2067 2984 2129 3019 po·

1242 3028 1407 3068 sterioreS.

1293 3078 1401 3113 Etiam
1424 3076 1540 3114 Romae
1551 3086 1626 3111 ante
1639 3073 1818 3111 Gothicam
1829 3071 2055 3116 captivitatem
2068 3072 2126 3108 du·

1242 3128 1322 3162 dum
1355 3128 1480 3161 vixerat
1502 3126 1654 3171 Pelagius
1674 3149 1686 3167 ,
1725 3127 1759 3161 δε
1781 3124 1896 3159 acriter
1918 3123 2127 3169 impugnarat

1245 3178 1331 3211 hanc
1353 3177 1452 3211 sancii
1475 3176 1652 3221 Augustini
1672 3174 1897 3219 jaculatoriam
1918 3172 2126 3210 orationem‘:

1245 3231 1368 3260 Domine
1381 3252 1393 3268 ‚
1415 3228 1458 3261 da
1483 3228 1564 3268 quod
1573 3225 1686 3267 jubes,
1713 3226 1747 3258 <5
1766 3223 1843 3270 jube
1853 3223 2008 3267 quodvis.
2036 3221 2129 3259 Mul·

1245 3288 1295 3312 tos
1312 3277 1385 3315 illic
1408 3277 1565 3316 infecerat
1578 3299 1589 3316 ,
1614 3275 1648 3309 δε
1670 3275 1850 3308 etiamnum
1863 3272 2002 3309 habebat
2014 3282 2067 3309 tot
2076 3272 2128 3306 se·

1245 3337 1364 3371 quaces
1374 3351 1385 3369 ‚
1413 3337 1450 3362 ut
1473 3328 1571 3361 etiam
1584 3325 1694 3363 Sixtus
1706 3323 1868 3361 Romanae
1881 3322 2029 3359 Ecclefioe
2038 3321 2127 3356 Prec-

1246 3379 1339 3420 byter
1351 3402 1362 3419 ‚
1383 3377 1491 3420 postea
1504 3376 1660 3411 Pontifex
1671 3398 1682 3413 ,
1710 3375 1826 3410 erroris
1835 3385 1872 3408 ac
1883 3374 2008 3411 erronis
2018 3371 2127 3405 fautor

1248 3427 1350 3471 palam
1374 3428 1502 3462 audiret
1515 3448 1524 3458 .
1550 3425 1646 3471 Qu
1658 3425 1692 3458 ὃ(
1709 3425 1775 3467 ipse
1786 3422 2001 3460 Innocentius
2012 3419 2127 3457 Ponti-

1246 3478 1300 3513 fex
1323 3476 1402 3516 hinc
1423 3476 1500 3514 inde
1521 3474 1859 3523 eratejusdemfamae.
1886 3469 2126 3527 Diospolitanae

1997 3531 2078 3559 uem
