2366 3736
0 2017 108 2053 Titui.
125 2028 155 2064 3.

3 2080 94 2114 τηις

5 2190 90 2232 Cap.

2 2239 35 2273 δε
46 2250 94 2287 40

101 2079 130 2116 3.

101 2202 158 2239 39·

549 137 633 188 Dr:
670 139 941 188 81MON1A
976 138 1557 189 MonA'srcnionuMS

181 224 293 263 minor
303 231 376 262 aas
389 232 447 266 ‚ae
459 220 623 260 bonorum
636 223 788 260 indivisio
806 248 811 255 .
833 222 976 256 Primam
991 223 1056 256 Au-

183 279 332 323 gustinus
344 278 499 319 exponit:
529 282 634 318 Nepos
657 285 738 306 meus
761 273 979 314 impediebatur
1004 274 1057 305 ali-

183 325 302 370 quidde
314 328 416 371 agellis
424 325 488 369 suis
497 338 583 373 agere
592 330 694 358 invita
709 323 944 366 Usufrut‘luarta,
959 326 1058 357 Matre

180 375 235 420 fita
246 400 258 417 ‚
285 388 351 418 quae
362 377 413 409 hoc
424 388 502 410 anno
515 375 656 417 defunt‘la
671 374 708 414 ιβ
724 400 730 406 .
764 375 803 408 Et
817 373 964 418 adjungit
977 401 980 404 ,
1012 379 1054 406 In-

180 435 225 459 ter
240 425 336 468 ipsum
350 430 384 461 o·
396 429 522 460 Sororem
544 426 610 465 ejut
628 422 703 468 sunt
727 427 867 466 quaedam
880 422 977 467 causae
989 447 999 463 ,
1027 430 1058 456 in

179 475 379 512 CHRISTI
400 478 548 517 adiutorio
570 480 626 507 cito
644 475 791 517 finienda·
806 498 817 514 ,
842 483 875 507 ut
895 476 928 507 ζ’)
943 472 1055 516 ipsefa

177 531 240 559 ciat
250 548 261 564 ‚
285 528 365 570 quod
373 529 429 558 Det
438 522 560 567 servum
574 525 654 559 decet
664 550 671 556 .
704 525 784 558 Haec
809 525 853 559 est
877 535 989 568 quarta
1007 536 1057 557 ex-

177 576 288 618 ceptio
298 600 305 607 .
317 574 521 619 Augustinus
534 574 665 609 adducit
678 573 865 617 &quasdam
879 573 959 607 alias
971 600 978 606 .
1006 575 1057 608 Ex

178 625 267 659 hisce
285 623 435 660 fontibus
447 623 625 667 Imperator
640 625 840 668 Justinianus
861 625 929 657 suas
954 623 1056 658 hausit

178 675 322 711 laudatas
345 675 432 719 leges
458 697 469 714 ,
507 673 682 719 laudatque
704 674 841 718 ipsarum
866 672 1057 707 moderami-

177 735 220 759 na
237 748 245 757 .
283 723 336 758 Ex
357 723 409 759 his
431 724 511 759 item
537 724 627 758 vides
649 726 734 759 inter
756 723 921 767 utriusque
943 724 1056 768 scripta

176 772 303 809 nullam
315 773 515 809 intercedere
535 774 730 819 antilogiam
743 799 749 806 .

227 823 395 859 Omittere
407 824 512 863 nolim
526 825 560 861 ὃς
572 824 671 858 aliam
693 822 866 868 Justiniani
886 823 926 858 de
938 822 1000 858 hac
1024 835 1058 857 re

173 872 315 918 Legem,
347 874 499 918 scriptam
510 874 550 909 ad
571 875 732 917 Joannem
756 874 912 908 Praetorio
939 874 1052 908 Praefe-

171 925 263 959 &um
275 938 286 958 .·
316 926 366 957 Ad
374 924 438 958 baec
445 923 597 968 sancimus
610 949 620 964 ,
643 922 704 963 lt've
717 929 767 957 vir
783 926 827 957 ad
827 925 1000 970 solitariam
1012 929 1056 957 vi-

174 982 240 1007 tam
250 979 354 1007 venire
364 975 489 1007 voluerit
501 999 512 1015 ,
531 973 596 1016 five
609 974 714 1007 mulier
725 979 792 1007 vtro
807 973 903 1007 relic‘lo
917 976 960 1007 ad
975 986 1054 1008 exer-

173 1028 343 1056 citationem
355 1024 547 1063 Monasticam
560 1029 700 1064 venerit,
726 1035 762 1057 ne
788 1024 839 1057 boc
859 1027 965 1058 damni
986 1036 1056 1057 cau-

168 1072 238 1116 sam
246 1073 383 1114 praebeat
397 1097 407 1114 ,
428 1072 488 1116 sed
495 1083 528 1107 ut
534 1073 591 1116 sua
608 1075 771 1107 omnimodi)
783 1080 909 1116 recipiat
922 1099 932 1114 ‚
957 1079 1003 1108 ita
1025 1083 1058 1107 ut

171 1122 260 1157 liceat
273 1128 358 1156 uxori
369 1125 404 1158 Θ
415 1125 513 1158 dotem
526 1131 653 1166 recipere
661 1123 750 1167 suam
762 1148 772 1163 ‚
800 1127 968 1166 &propter
986 1133 1055 1166 nup·
1111 1126 1192 1164 sterit
1205 1128 1234 1158 5.
1246 1128 1373 1158 Andreae
1387 1125 1509 1167 Apostoli
1522 1149 1532 1164 ,
1554 1124 1639 1166 pofiti
1649 1130 1682 1156 in
1692 1123 1748 1157 bac
1768 1124 1838 1157 urbe
1863 1127 1996 1155 Romana
2014 1112 2086 1148 Lst’·
2109 1123 2144 1158 7·

170 1178 234 1205 tias
245 1174 434 1207 donationem
443 1179 473 1208 ei
485 1197 496 1214 ,
524 1180 575 1216 qui
587 1186 651 1209 cum
663 1172 729 1217 ipsa
750 1173 1003 1215 cohabitaverat,
1025 1176 1059 1208 Θ
1118 1182 1149 1208 in
1166 1177 1256 1208 Clivo
1266 1178 1384 1216 Scauri,
1414 1183 1549 1218 agentem
1562 1176 1707 1208 utilitates
1718 1172 1847 1217 ejusdem
1860 1172 1995 1212 Monaste-
2013 1162 2122 1198 ¹¹¹d1‘st·
2142 1173 2171 1199 Σ·

1118 1231 1156 1258 rii
1176 1248 1186 1263 ,
1211 1227 1243 1259 (9
1258 1229 1465 1259 Maurentium
1482 1223 1640 1268 gloriosum
1653 1225 1824 1268 Magistrum
1845 1226 1959 1256 mili'tiae
1983 1247 1995 1262 ,
2015 1215 2075 1268 ΕΡ·
2092 1225 2144 1261 13·

173 1224 331 1264 quodinde*
355 1229 442 1257 venit
455 1225 586 1265 lucrum,
614 1236 671 1257 non
689 1222 852 1267 secundum
876 1237 965 1265 eam,
991 1236 1057 1267 qua·

169 1280 227 1314 per
239 1274 395 1315 repudium
405 1273 441 1316 fit
455 1299 464 1314 ‚
492 1274 723 1314 disjunc‘lionem
752 1275 909 1308 vindicare
929 1284 984 1307 aut
997 1287 1057 1307 ma-

1908 145 1970 195 63

1117 225 1216 258 cedere
1235 226 1379 258 voluerit.
1408 228 1559 269 ‚Quoniam
1584 233 1678 267 neque
1689 232 1727 257 ex
1737 220 1841 265 paliis
1854 222 1999 263 nuptiali-

1118 275 1171 308 but
1184 280 1250 308 viro
1266 286 1318 308 aut
1331 276 1445 309 mulieri
1457 277 1564 308 lucrari
1586 276 1702 318 aliquid
1712 275 1877 308 conceditur
1887 296 1896 304 .

1330 327 1361 360 C
1388 328 1418 359 Λ
1448 325 1473 357 Ρ
1503 324 1541 358 U
1570 325 1606 357 T
1718 326 1732 358 l
1745 327 1785 357 X.
2003 344 2007 345 ν

1119 376 1340 416 Demonstratur
1354 377 1434 418 quod
1443 374 1527 417 hasce
1537 378 1730 416 Imperatoris
1744 379 1776 420 J
1779 373 1916 413 ustiniani
1937 375 1995 406 Le-

1163 438 1216 469 ges
1226 437 1283 458 non
1293 425 1359 468 sola
1369 425 1534 459 Orientalis
1549 448 1559 462 ,
1577 423 1729 466 sedetiam
1740 424 1846 459 cunt‘la
1858 424 1995 456 occiden-

1165 476 1240 508 talis
1255 500 1265 515 ‚
1293 479 1428 508 Romana
1437 472 1605 516 praesertim
1618 496 1628 511 ,
1654 472 1779 515 Ecclesia
1798 472 1913 518 semper
1925 481 1998 515 pro·

1169 526 1292 559 baverit
1306 534 1399 568 atque
1411 523 1567 568 admiserit
1579 548 1586 555 .

1212 575 1348 609 Dduetae
1361 576 1443 620 leges
1456 599 1467 615 ‚
1491 573 1567 607 licet
1578 572 1675 606 solius
1689 573 1862 615 Justiniani
1874 583 1998 607 nomen

1239 625 1425 668 praeferant,
1457 626 1532 658 sunt
1544 623 1643 657 etiam
1659 621 1875 657 Ecciefiastici
1889 623 1999 656 Cano-

1121 686 1176 709 nes
1190 699 1197 707 .
1225 677 1307 710 Sunt
1320 675 1404 709 avita
1419 675 1635 709 Ecclefiarum
1651 671 1821 715 disciplina
1833 696 1844 712 ‚
1870 683 1925 714 per
1945 671 1999 705 ad-

1119 724 1256 759 fidentes
1272 725 1323 759 isti
1336 725 1481 769 Principi
1495 724 1675 768 Episcopos
1686 722 1819 766 probata
1833 733 1871 755 ac
1892 720 1997 755 firma-

1119 786 1149 809 ta
1163 799 1173 815 ‚
1202 775 1233 809 &
1247 786 1301 818 per
1313 774 1497 820 Augustam
1510 774 1743 808 authoritatem
1756 772 1889 805 admissa
1899 772 1998 806 etiam

1119 825 1152 857 in
1165 823 1247 869 legis
1259 825 1405 870 vigorem
1419 850 1426 857 .
1455 826 1550 869 Juxta
1563 835 1634 858 eam
1649 823 1758 857 omnis
1770 823 1890 865 semper
1911 822 2000 855 vixit

1122 875 1260 909 Ecclesia
1272 901 1279 908 .
1311 875 1422 909 Etiam
1446 874 1672 910 Occidentalis
1694 899 1701 906 .
1744 871 1854 906 Variis
1876 870 1941 904 hoc
1962 872 1999 904 in

1119 923 1200 959 locis
1212 925 1344 960 testatur
1358 937 1394 959 ac
1408 925 1577 969 profitetur
1599 935 1738 968 magnus
1760 922 1848 966 Papa
1871 922 1999 965 Grego-

1119 975 1202 1009 rius.
1232 973 1286 1010 Ad
1302 976 1514 1014 Candidum,
1546 975 1691 1008 Romani
1707 975 1738 1007 in
1765 972 1875 1007 Scauri
1897 972 1998 1006 Clivo

1119 1025 1203 1068 apud
1217 1026 1247 1058 S.
1262 1025 1427 1059 Andream
1443 1025 1637 1058 Monasterii
1654 1022 1815 1057 Abbatem
1827 1048 1836 1063 ‚
1849 1022 1916 1055 haec
1926 1021 1999 1054 scri-

1119 1075 1183 1109 bit:
1216 1078 1370 1119 Quoniam
1383 1082 1459 1108 inter
1471 1083 1500 1108 te
1512 1076 1688 1107 Candidum
1699 1099 1708 1114 ,
1739 1073 1882 1106 Abbatem
1894 1075 1998 1104 Mona·

1117 1273 1206 1317 causa
1219 1273 1391 1317 succefflonis
1416 1273 1662 1317 haereditatisque
1678 1278 1819 1318 Joannis
1840 1298 1850 1312 ,
1879 1273 1998 1314 fratris

174 1333 241 1355 nere
252 1325 335 1364 apud
343 1335 428 1362 eum,
454 1329 578 1367 quinon
600 1326 730 1357 divertit
744 1348 754 1363 ,
778 1323 836 1367 sed
857 1324 1018 1368 secundum
1046 1349 1057 1364 ,
1117 1323 1318 1368 consanguinei
1326 1323 1467 1365 praedic‘li
1477 1330 1563 1363 viri,
1585 1325 1638 1364 qui
1648 1329 1680 1355 in
1686 1322 1886 1366 suprascripto
1899 1326 1999 1354 Mona-

173 1374 253 1413 quod
261 1379 293 1405 in
302 1370 369 1415 casu
378 1378 480 1405 mortis
486 1373 608 1413 faffum
620 1373 786 1414 estpactum
802 1397 814 1413 ,
839 1386 901 1416 qua
906 1372 936 1412 β
948 1375 1055 1406 videa-

173 1430 222 1453 tur
231 1427 258 1453 is
272 1445 283 1460 ,
309 1422 498 1463 quidivertit
520 1424 540 1453 ἆ
560 1428 705 1454 communi
726 1423 848 1455 alterius
873 1423 1015 1455 convit‘lu
1044 1448 1054 1463 ‚

172 1481 305 1504 mortuus
317 1470 367 1514 effe
380 1475 412 1502 in
423 1471 548 1503 alterius
560 1470 746 1504 contubernio
759 1495 769 1511 ‚
796 1483 862 1505 cum
884 1471 1053 1506 cohabitan-

175 1527 200 1552 ti
203 1519 241 1560 fit
255 1526 370 1553 omnino
381 1521 498 1554 inutilis
510 1545 517 1552 .
546 1521 712 1564 ,Quidquid
723 1530 822 1555 autem
845 1527 877 1555 in
905 1523 1054 1556 dotalibus

173 1569 373 1610 instrumentis
383 1578 531 1612 receptum
535 1570 633 1611 fuerit
645 1581 683 1604 ex
691 1571 792 1612 paliis
806 1579 839 1604 in
864 1572 960 1615 casum
981 1586 1055 1607 mor·

174 1626 216 1653 tis
229 1645 240 1660 ,
264 1622 299 1653 id
308 1619 439 1653 debitum
451 1622 635 1664 intelligatur
655 1646 662 1653 .
690 1625 763 1653 Non
787 1623 916 1655 audente
937 1624 1055 1657 muliere

175 1679 248 1702 ante
263 1676 336 1703 anni
345 1667 458 1714 lapsum
471 1676 504 1704 in
515 1672 603 1703 aliud
620 1669 760 1713 respicere
786 1675 1012 1707 Matrimonium
1046 1698 1056 1713 ‚

170 1727 295 1762 propter
303 1726 501 1764 generationis
513 1730 564 1753 aut
573 1719 696 1764 seminis
730 1724 989 1756 incertitudinem.
1020 1723 1054 1757 ln

175 1770 290 1803 saeculo
303 1769 444 1804 relistam
463 1782 529 1804 non
543 1773 634 1816 cogit
646 1783 736 1806 more
748 1771 853 1806 latino
879 1771 919 1807 ad
941 1774 1055 1807 simili-

173 1828 225 1854 ter
248 1819 499 1864 ingrediendum
515 1821 788 1863 *Monasterium‚
817 1823 869 1857 sed
897 1825 1055 1867 permittit

173 1870 328 1912 respicere
340 1871 381 1905 ad
395 1882 496 1906 novas
507 1874 657 1915 nuptias.
686 1873 771 1920 Qae
785 1873 916 1907 licentia
931 1873 1056 1909 dudum

173 1918 283 1963 viguit
293 1921 390 1955 etiam
405 1921 438 1954 in
452 1923 624 1957 Gallicana
643 1922 783 1957 Ecclesia
796 1949 803 1956 .
832 1924 945 1959 Exstat
957 1925 1007 1959 lex
1022 1926 1054 1958 in

172 1970 281 2011 primo
294 1970 378 2004 libro
390 1971 546 2005 Codicis.
569 1973 613 2005 Et
626 1985 666 2005 ex
680 1974 744 2014 ipsa
755 1973 906 2006 discimus
917 1977 1056 2013 causam,

172 2017 219 2052 ob
237 2031 335 2063 quam
358 2020 516 2054 Romanae
541 2021 629 2065 leges
654 2019 771 2054 Viduae
792 2032 868 2055 ante
889 2025 1055 2065 expletum

174 2080 300 2103 annum
315 2081 382 2104 non
398 2071 587 2114 permittant
606 2081 731 2104 novum
756 2070 1011 2107 Matrimonium
1024 2099 1031 2105 .

227 2120 349 2153 Eadem
371 2120 411 2153 de
440 2133 473 2154 re
496 2120 695 2163 Iustinianus
718 2120 825 2154 sanxit
849 2121 880 2154 in
912 2123 1054 2156 Novella

174 2169 266 2213 Lege
279 2171 318 2202 ad
339 2170 470 2203 Petrum
481 2170 677 2203 Officiorum
689 2170 884 2214 Magistrum
898 2184 905 2203 z
932 2171 1054 2215 sponsa-

173 2218 253 2251 libus
258 2217 421 2261 secundum
434 2221 510 2264 leges
515 2219 615 2260 fat‘lis
624 2226 702 2253 inter
713 2222 828 2262 aliquos
843 2246 852 2261 ,
873 2220 936 2262 five
961 2226 980 2255 5
979 2231 1050 2263 pon-

170 2267 224 2310 sus
237 2269 444 2309 Monasterium
456 2271 643 2313 ingrediatur
657 2295 667 2310 ,
685 2277 811 2312 recipiat
823 2280 951 2313 quaepro
962 2275 1050 2314 spon-

170 2316 286 2360 salibus
297 2319 458 2352 arrbarum
480 2326 595 2353 nomine
613 2318 686 2362 sunt
709 2322 808 2361 data;
830 2320 893 2362 five
915 2323 1052 2362 Monasti-

173 2379 240 2401 cam
252 2374 349 2402 vitam
361 2371 478 2413 elegerit
490 2395 501 2409 ,
527 2371 578 2403 illa
589 2369 770 2412 solummodo
780 2373 889 2403 reddat
902 2396 911 2411 ‚
937 2384 1004 2414 quae
1012 2371 1050 2412 β·

174 2418 288 2451 militer
306 2418 466 2452 arrharum
479 2427 596 2453 nomine
609 2426 735 2462 accepit.
752 2424 845 2453 Poena
859 2428 972 2464 utrique
980 2432 1040 2463 par

174 2473 200 2499 ti
210 2470 409 2502 concedenda.
444 2472 475 2502 Si
487 2473 556 2503 verb
565 2469 712 2509 constante
737 2471 835 2504 adbuc
851 2478 1050 2513 matrimonio,

174 2527 229 2549 aut
240 2517 373 2559 virsolut
386 2542 395 2557 ‚
421 2527 472 2550 aut
485 2532 555 2552 uxor
564 2519 628 2562 sola
643 2526 809 2553 intraverit
828 2521 1048 2562 Monaflerium,

169 2564 307 2608 solvatur
328 2575 569 2601 matrImonium.
598 2573 642 2602 Et
664 2576 741 2603 citra
765 2572 921 2613 repudium
944 2596 950 2602 .
974 2572 1049 2611 Post-

174 2628 262 2658 quam
276 2616 506 2661 tamenpersona
523 2628 651 2662 pergens
671 2622 715 2652 ad
733 2621 940 2660 Monaslerium
952 2620 1051 2663 scema

168 2674 337 2708 perceperit
352 2692 358 2698 .
388 2671 417 2699 Ε
421 2678 432 2700 t
437 2668 467 2710 fi
472 2670 589 2710 quidem
601 2674 650 2701 vir
662 2671 779 2713 elegerit
792 2669 982 2709 Monasticam
1004 2678 1050 2705 vi·
1065 2651 1069 2708 i

172 2724 238 2748 tam
251 2741 261 2756 ,
287 2716 421 2756 restituat
430 2720 516 2760 prius
529 2719 641 2752 mulieri
654 2721 752 2752 dotem
766 2734 775 2753 .·
803 2723 836 2754 ὦ·
842 2719 870 2761 fi
879 2722 956 2762 quid
965 2724 1051 2754 aliud

171 2766 212 2799 ab
220 2778 259 2800 ea
270 2774 410 2808 receperit
424 2783 434 2803 :
462 2771 494 2802 (9
501 2768 589 2811 super
613 2769 663 2802 hoc
685 2781 722 2804 ex
745 2773 874 2812 nuptiali
893 2772 1050 2805 donatione

172 2824 292 2848 tantam
309 2827 449 2859 partem,
475 2829 590 2861 quanta
610 2831 646 2852 ex
670 2828 762 2853 morte
785 2825 846 2852 viri
870 2822 1049 2863 competebat

173 2869 296 2901 mulieri
304 2867 464 2909 secundum
474 2870 595 2911 padum
619 2870 766 2902 dotalibus
790 2869 987 2910 instrumentis
1006 2878 1038 2904 in

170 2915 302 2960 firtum.
327 2921 361 2953 *51
375 2922 446 2952 vero
460 2922 563 2952 mulier
567 2920 666 2961 fuerit
686 2919 1045 2965 Monasteri'umlngressa,

170 2966 258 3008 simili
268 2970 351 3002 modo
369 2977 418 3004 vir
442 2976 567 3003 retineat
595 2972 760 3011 nuptialem
784 2972 994 3005 donationem.-
1016 2974 1049 3005 <a

174 3016 271 3059 casum
283 3020 407 3054 datisex
430 3029 521 3054 morte
546 3022 677 3053 mulieris
698 3021 864 3061 placitum.
893 3023 1047 3063 Reliquum

176 3070 245 3099 vero
266 3070 340 3101 dotus
362 3072 478 3103 mulieri
501 3070 612 3110 restitui
630 3075 826 3112 praecipimus
842 3094 854 3110 ,
879 3073 912 3104 (ν
930 3070 960 3112 fi
975 3074 1050 3113 quid

176 3118 261 3148 aliud
271 3130 307 3150 ex
318 3121 400 3151 rebus
417 3123 547 3153 mulieris
573 3122 654 3162 apud
674 3131 738 3153 eum
758 3126 952 3154 inveniatur.
984 3126 1046 3154 Am-

176 3165 264 3199 bobus
277 3179 372 3200 autem
385 3172 571 3210 Monaslrcam
585 3177 682 3203 vitam
694 3171 866 3213 eligentibus
879 3195 889 3210 ‚
910 3171 1047 3215 jubemus

176 3216 353 3250 ‘vacantibus
367 3220 509 3253 dotalibus
526 3222 670 3261 Placitis,
701 3228 800 3253 virum
810 3226 937 3254 retinere
960 3223 1047 3254 dona·

176 3273 281 3298 tionem
296 3271 559 3310 ante-nuptialem,
588 3272 782 3304 &mulierem
801 3278 958 3312 propriam
980 3277 1039 3305 acci

173 3324 243 3358 pere
257 3320 354 3348 dotem
366 3339 375 3353 ‚
400 3318 431 3352 Θ
442 3322 589 3362 quidquid
600 3322 686 3353 ahud
692 3327 757 3353 viro
782 3322 889 3363 dedisse
897 3322 1047 3363 probatur:

176 3375 207 3397 ut
220 3365 412 3407 unusquisque
423 3377 498 3400 citra
510 3372 650 3402 damnum
659 3369 856 3412 suisfruatur
869 3372 956 3404 rebus
972 3384 978 3403 :
1007 3379 1048 3404 ni·

171 3414 415 3457 fifor‘e'sponsus
428 3418 540 3459 sponsae
551 3444 561 3458 ,
587 3430 639 3451 aut
649 3419 758 3463 sponsa
768 3419 888 3463 sponso,
917 3432 969 3454 aut
990 3434 1051 3453 ma·

177 3472 251 3498 ritus
264 3478 347 3497 uxori
359 3491 369 3506 ,
396 3479 447 3501 aut
469 3481 540 3499 uxor
566 3477 668 3500 marito
688 3472 805 3511 aliquid
828 3473 962 3513 donare,
976 3491 980 3493 -
996 3480 1051 3506 aut

280 3518 385 3554 chrisi.
403 3523 476 3560 Lupi
490 3522 587 3559 Opera
600 3521 744 3552 Tom.Xl.

1071 1747 1075 1788 1

1111 1375 1197 1413 sterio
1209 1373 1364 1417 conversus
1377 1373 1415 1413 ιβ
1427 1385 1461 1407 ac
1482 1373 1641 1415 defunc‘Ius
1654 1398 1664 1413 ‚
1690 1383 1759 1406 cum
1777 1372 1867 1412 nostro
1889 1383 1999 1414 quoque

1117 1423 1252 1468 consensu
1263 1425 1420 1457 commodae
1439 1422 1628 1467 sollicitaeque
1652 1421 1863 1465 transac‘lionit
1883 1429 2000 1466 pagina

1118 1481 1338 1508 interveniente
1350 1500 1360 1514 ‚
1383 1473 1480 1517 decisa
1492 1473 1529 1512 ιβ
1540 1486 1549 1515 ;
1569 1475 1695 1515 denique
1707 1479 1777 1515 quia
1788 1485 1852 1506 cum
1859 1473 1930 1515 fidei
1943 1484 2002 1505 me-

1119 1531 1226 1556 morati
1237 1524 1417 1568 glori'ofiffimi
1431 1524 1566 1568 Magistri
1578 1525 1695 1556 militiae
1702 1523 1857 1564 finceritas
1870 1526 1938 1556 olim
1950 1535 1998 1555 no·

1118 1575 1164 1607 bis
1179 1581 1322 1607 veraciter
1341 1585 1410 1607 nota
1417 1574 1453 1615 fit
1465 1599 1476 1614 ‚
1502 1574 1616 1607 &bene'
1628 1582 1776 1615 comperta
1788 1598 1797 1613 ,
1824 1584 1857 1607 ut
1873 1572 2001 1615 satisfa-

1117 1625 1236 1657 Hionem
1246 1626 1324 1666 pofflt
1338 1627 1456 1658 omnino
1465 1623 1594 1667 sufficere
1606 1647 1616 1662 ‚
1642 1628 1732 1656 etiam
1756 1625 1827 1656 dato
1847 1625 2003 1665 corporali-

1116 1683 1159 1707 ter
1172 1678 1361 1707 sacramento
1367 1674 1504 1717 firmaret
1516 1673 1593 1706 nihil
1606 1673 1641 1717 se
1653 1681 1684 1706 in
1689 1673 1804 1715 fraude
1825 1673 1977 1717 versatum
1988 1697 2000 1714 ,

1117 1735 1171 1758 aut
1187 1725 1309 1768 aliquid
1323 1726 1466 1769 occultasse
1480 1749 1490 1764 ‚
1513 1722 1539 1767 s
1537 1726 1576 1757 ed
1587 1731 1685 1756 omnia
1696 1726 1810 1767 integre
1819 1724 2001 1766 prodidisse,
2025 1748 2028 1753 -

1117 1776 1222 1808 idcirco
1235 1775 1324 1816 hujus
1340 1779 1458 1809 Decreti
1478 1799 1488 1814 ,
1515 1777 1722 1815 Praeceptique
1735 1773 1818 1813 nostri
1827 1773 1903 1816 serie
1913 1784 2002 1806 tran·-

1112 1824 1272 1867 sat‘lionem
1285 1825 1506 1867 decifionemque
1530 1831 1610 1857 inter
1630 1823 1663 1867 se
1677 1827 1710 1858 Θ·
1727 1822 1891 1866 praefatum
1906 1827 2000 1857 Mau-

1116 1881 1243 1908 rentium
1253 1873 1412 1919 gloriosum
1430 1875 1566 1909 habitam
1581 1900 1591 1915 ,
1611 1885 1713 1908 ratam
1725 1874 1868 1908 babentes
1875 1884 1932 1916 per
1943 1886 2001 1906 om·

1119 1932 1171 1958 nia
1187 1927 1407 1968 confirmamus,
1438 1938 1489 1959 nec
1501 1931 1634 1958 intotum
1651 1934 1809 1966 partemve
1831 1927 1933 1967 aliqua
1953 1936 2003 1957 ra·
2022 1955 2026 1960 ,

1118 1981 1195 2008 tione
1205 1978 1331 2009 convelli
1343 2000 1352 2014 ,
1369 1976 1425 2018 sed
1436 1988 1500 2009 eam
1514 1976 1618 2009 babere
1626 1984 1802 2017 perpetuam
1815 1977 2000 2008 decernimus

1113 2024 1287 2066 firmitatem
1304 2051 1310 2057 .
1338 2025 1480 2058 Gloriosi
1514 2025 1693 2059 Maurentii
1706 2026 1820 2064 frater,
1849 2026 1881 2058 in
1895 2027 2000 2059 S.An-

1118 2075 1198 2108 dreae
1211 2074 1416 2109 Monasterio
1431 2076 1588 2118 professus
1599 2099 1609 2115 ‚
1636 2087 1673 2109 ac
1695 2075 1862 2109 defunctus
1874 2099 1884 2115 ,
1910 2087 1998 2119 quae-
2015 2102 2018 2105 Α

1119 2124 1192 2157 dam
1208 2124 1292 2157 bona
1307 2125 1390 2167 apud
1405 2125 1533 2158 fratrem
1547 2126 1735 2168 reliquerat.
1758 2125 1804 2158 Ea
1824 2124 1998 2159 Candidus
2017 2149 2019 2153 s

1120 2174 1231 2207 Abbas
1243 2173 1392 2216 repetivit
1402 2199 1409 2206 .
1439 2175 1481 2207 Et
1498 2174 1706 2208 Maurentius
1717 2173 1857 2208 reddidit
1869 2200 1876 2206 .
1907 2175 1997 2209 Atta-

1119 2235 1192 2256 men
1207 2224 1425 2267 expestationi
1439 2234 1506 2257 non
1522 2225 1678 2258 satisfecit
1695 2249 1702 2256 .
1732 2224 1826 2258 Hinc
1838 2225 1870 2258 se
1879 2235 1996 2267 corpo·

1119 2274 1176 2307 tali
1201 2273 1386 2315 Juramento
1410 2276 1580 2319 purgavit„
1611 2274 1651 2308 Et
1665 2276 1741 2318 quia
1757 2286 1815 2308 nec
1830 2275 1872 2308 fic
1888 2275 1998 2318 exple-

1117 2324 1162 2357 vit
1174 2335 1308 2358 omnem
1322 2325 1514 2358 Monasserii
1529 2326 1615 2368 spem
1629 2350 1639 2365 ‚
1663 2325 1743 2359 inita
1756 2325 1801 2358 est
1814 2326 1996 2358 transastio.

1119 2374 1159 2407 Et
1175 2375 1273 2417 ipsam
1286 2374 1442 2409 Pontifex
1456 2376 1598 2409 firmavit
1609 2400 1616 2407 .
1647 2375 1731 2421 Quae
1752 2375 1865 2408 omnia
1889 2376 2012 2417 palam·

1115 2425 1293 2458 fundantur
1306 2426 1338 2458 in
1362 2424 1506 2460 adduciis
1524 2425 1695 2469 Iustiniani
1721 2425 1884 2469 Legibus,
1911 2425 1998 2457 acin

1115 2474 1254 2517 superius
1267 2475 1395 2508 laudata
1408 2476 1515 2519 regula
1530 2476 1647 2519 Magni
1662 2475 1770 2508 Basilii
1782 2499 1789 2506 .
1817 2476 1925 2508 Etiam
1939 2474 1998 2517 hec

1115 2524 1219 2558 sanxit
1234 2525 1347 2558 omnia
1360 2526 1504 2558 defuncti
1522 2524 1683 2558 Monachi
1697 2524 1783 2558 bona
1806 2526 1943 2568 spectare
1954 2524 1997 2559 ad

1114 2575 1312 2609 Coenobium
1327 2601 1335 2616 ,
1348 2575 1379 2608 ἃ
1393 2575 1432 2608 ab
1444 2574 1619 2608 haeredibus
1632 2573 1717 2607 nihil
1727 2574 1813 2616 posse
1823 2575 1995 2609 occultari.

1163 2623 1250 2658 ldem
1264 2626 1389 2658 sanstus
1402 2624 1581 2669 Gregorius
1604 2624 1708 2667 primo
1723 2624 1850 2668 septimi
1864 2626 1968 2659 saeculi
1980 2650 1992 2667 ,

1112 2672 1310 2708 duodecimo
1326 2675 1370 2707 sui
1396 2675 1613 2708 pontificatus
1636 2686 1724 2708 anno
1742 2675 1916 2709 celebravit
1937 2686 1994 2709 nu-

1114 2724 1270 2756 merosam
1292 2724 1463 2766 Synodum
1478 2748 1488 2763 ,
1515 2725 1567 2757 cui
1585 2724 1710 2758 Probus
1736 2723 1849 2758 Abbas
1870 2724 1994 2759 obtulit

1115 2772 1169 2806 has
1189 2784 1311 2815 preces:
1345 2777 1396 2807 Ea
1419 2785 1486 2817 quae
1500 2785 1577 2807 nunc
1601 2777 1796 2808 Beatitudini
1815 2774 1920 2814 Vestrae
1940 2781 1990 2807 in-

1111 2829 1221 2856 timare
1242 2822 1365 2865 defidero
1387 2848 1397 2864 ,
1424 2824 1492 2856 olim
1519 2828 1645 2857 Domino
1663 2835 1723 2856 meo
1752 2825 1823 2858 bene
1842 2833 1989 2866 comperta

1106 2872 1178 2915 sunt
1192 2897 1202 2912 ,
1229 2873 1413 2916 vestramque
1434 2873 1510 2906 mihi
1533 2873 1738 2916 conscientiam
1756 2874 1855 2912 testem
1872 2874 1990 2918 esse-scio

1110 2933 1176 2965 quae
1196 2921 1316 2967 suggero
1336 2949 1342 2955 .
1382 2927 1533 2968 ,Quoniam
1559 2927 1631 2956 dum
1653 2934 1724 2956 ante
1745 2923 1797 2956 hos
1834 2937 1927 2957 annos
1948 2937 1988 2959 ex

1110 2974 1183 3005 laico
1203 2975 1248 3005 ad
1272 2973 1434 3017 religiosum
1456 2975 1617 3017 migrassem
1651 2970 1769 3015 officium
1787 2996 1799 3014 ,
1844 2974 1989 3018 disposue-

1110 3034 1178 3054 ram
1195 3027 1228 3055 in
1248 3025 1350 3056 cellula
1372 3036 1436 3058 mea
1464 3023 1553 3066 super
1575 3035 1620 3056 me
1636 3022 1793 3066 solitarius
1825 3024 1988 3068 babitare,

1110 3072 1207 3114 ibique
1230 3073 1295 3115 ipsis
1316 3081 1424 3115 paucis
1449 3074 1570 3113 diebus,
1596 3080 1648 3116 qui
1666 3072 1827 3118 supersunt
1849 3100 1860 3115 ,
1886 3081 1988 3109 vitam

1112 3121 1269 3167 tranfigere
1287 3148 1294 3155 .
1333 3127 1458 3165 Propter
1479 3125 1560 3166 quod
1579 3134 1632 3156 nec
1652 3125 1768 3167 aliquid
1786 3126 1823 3159 de
1852 3125 1988 3168 substan-

1110 3173 1180 3204 tiola
1191 3185 1256 3206 mea
1267 3177 1340 3208 ante*
1351 3176 1492 3206 ordinavi
1496 3172 1560 3214 five
1583 3172 1736 3216 disposui,
1758 3174 1856 3218 sciens
1870 3186 1934 3209 tam
1947 3175 1987 3208 ab

1111 3222 1244 3262 intestato
1265 3226 1355 3266 quam
1373 3236 1410 3256 ex
1433 3223 1602 3263 testamento
1614 3224 1712 3266 filium
1742 3225 1816 3258 mibi
1833 3227 1907 3268 poffe
1921 3224 1987 3267 suc·

1111 3273 1208 3306 cedere
1228 3299 1235 3306 .
1288 3276 1432 3316 ,Quadam
1453 3282 1551 3307 autem
1582 3276 1631 3307 die
1656 3277 1726 3307 dum
1753 3282 1831 3309 inter
1851 3275 1924 3307 alios
1944 3274 1987 3308 ad

1110 3320 1247 3365 obsequia
1270 3326 1392 3355 Domini
1413 3330 1471 3355 mei
1485 3323 1604 3366 fuissem
1630 3326 1769 3368 ingressus
1782 3350 1792 3367 ‚
1813 3324 1911 3368 subito
1933 3332 1987 3355 at-

1112 3383 1166 3414 que
1181 3377 1334 3416 inopinato
1348 3379 1468 3405 introire
1480 3379 1511 3405 in
1527 3374 1734 3413 Monafierium
1744 3400 1753 3414 ‚
1781 3383 1870 3417 atque
1880 3382 1913 3406 ut
1922 3383 1990 3406 one·

1112 3434 1146 3454 ra
1164 3422 1284 3455 abbam
1299 3424 1434 3456 deberem
1442 3421 1585 3465 suscipere
1593 3424 1775 3466 praecepiflr‘s
1789 3448 1797 3456 .
1824 3426 1989 3465 statimque

1107 3469 1260 3516 surgentes
1278 3497 1288 3513 ‚
1315 3485 1372 3506 non
1380 3475 1497 3508 indulto
1507 3476 1550 3507 ad
1560 3474 1781 3507 deliberandum
1792 3474 1844 3507 vel
1854 3472 1989 3506 tradan-

1582 3524 1608 3556 F
1659 3534 1680 3559 2
1887 3524 1957 3556 dum

2007 2791 2080 2827 Lib.
2104 2797 2139 2842 92

2007 2843 2068 2889 Ep·
2079 2854 2136 2882 22.
