2366 3736
424 172 457 206 6

346 175 492 278 dal50sam
510 268 521 284 ,
553 241 692 285 ideoque
729 235 856 280 penitus
882 237 1191 273 circumducendam
1220 264 1228 272 .

347 293 452 330 Lucet
469 305 509 326 ex
535 292 622 325 hisce
645 288 768 323 verbis:
795 289 886 331 ,Quid
905 289 979 321 mibi
1001 289 1061 330 post
1072 288 1227 333 digreffum

346 344 471 384 nostrum
496 344 550 375 diu
572 345 712 383 cogitanti
742 340 891 380 placuerit
913 345 1042 380 accipiat
1074 340 1226 373 saneittas
1264 375 1269 380 ,

346 396 410 426 Tua
423 418 430 424 .
458 391 599 431 Etfitibi
622 400 735 431 quoque
756 389 879 430 placet,
898 392 970 429 jam
988 391 1097 422 litterae
1111 413 1122 429 ,
1146 401 1223 431 quas

345 446 388 476 ad
405 454 450 475 cos
473 445 616 474 communi
642 446 756 471 nomine
774 436 899 481 scripsi,
920 438 981 479 sine
1000 440 1140 473 dilatione
1155 447 1225 473 mit—

345 501 467 524 tantur.
500 491 543 523 Et
557 491 681 522 rursum
694 501 733 522 ex
748 488 798 523 his
811 488 915 522 verbis
929 503 940 523 .·
967 490 1098 523 Proinde
1111 514 1121 530 ‚
1147 488 1221 533 obse.

346 552 393 575 cro
415 551 465 581 te,
496 550 530 573 ut
553 538 720 581 epistolam,
747 550 834 581 quam
871 545 914 572 eis
949 546 1092 572 communi
1107 547 1223 584 nomine

338 589 445 634 scripsi
450 615 459 630 ,
484 589 689 635 subscriptam
701 601 758 622 non
771 583 897 631 differas
907 595 1025 624 mittere
1037 614 1044 621 .
1074 591 1153 623 Huc
1178 592 1221 624 fa·

339 642 432 675 ciunt
444 641 475 673 ὅ(
491 641 559 674 haec
574 640 666 673 verba
681 652 687 671 ε
716 644 801 674 Nam
815 650 879 672 cum
892 638 1013 682 quisque
1023 641 1068 671 ad
1076 640 1220 680 Monaste·

338 696 417 723 rium
430 691 615 724 convertitur
627 714 637 729 ,
654 690 685 732 fi
693 697 792 724 veraci
811 691 895 724 corde
916 696 1097 723 convertitur
1107 712 1117 728 ,
1144 692 1222 723 illud

338 751 396 773 non
406 748 532 783 cogitat,
560 743 690 774 maxime
713 742 908 779 admonitus,
937 750 1084 781 quantum
1107 742 1218 773 malum

332 790 391 832 fit.
422 793 452 823 5i
465 799 562 823 autem
579 790 688 833 fallax
712 791 770 830 est,
797 789 893 832 &sua
914 795 1043 831 quaerit,
1069 801 1126 823 non
1151 803 1218 833 quae

336 841 363 883 J.
375 840 415 874 C.
435 852 492 873 non
508 841 597 874 habet
624 846 725 883 utique
747 841 921 873 charitatem
942 864 949 871 .
980 839 1042 885 Est*
1080 839 1215 877 obscura

334 892 458 924 oratio.
491 892 656 925 Existimo
667 889 756 924 hunc
767 892 828 924 effe
841 891 1003 923 sensumt‘
1018 889 1074 934 qui
1096 890 1216 925 Mona-

333 941 426 974 steria
440 941 564 975 intrant
574 967 584 981 ,
612 940 797 983 simpliciter
810 941 933 974 intrant
947 963 957 980 ‚
980 939 1012 973 δε
1024 940 1133 983 pamm
1147 950 1215 974 non

331 991 533 1035 cogitantde
546 992 609 1025 suis
622 990 735 1025 bonis.
766 991 945 1024 Praesertirn
972 1001 1039 1023 non
1064 991 1223 1039 cogitant,

331 1039 371 1074 de
385 1041 437 1074 sua
449 1042 617 1075 evectione
629 1041 663 1074 in
678 1041 813 1075 Clerum
825 1065 832 1072 .
859 1040 948 1086 Qia
963 1041 1031 1082 ipsa
1051 1041 1211 1083 cupiditas

330 1092 375 1123 est
388 1091 557 1133 pessimum
571 1091 655 1125 virus
668 1091 860 1124 Monassicae
885 1090 1095 1124 humilitatis.
1124 1091 1212 1124 Lon·

329 1140 371 1183 ge
395 1141 503 1174 minus
525 1143 674 1185 cogitant
688 1164 698 1180 ,
725 1152 767 1175 an
789 1142 822 1174 in
849 1140 985 1174 Clerum
1006 1141 1134 1173 evestus
1159 1141 1213 1173 sua

328 1188 415 1232 bona
428 1191 594 1223 reliiiurus
609 1192 666 1224 suo
678 1188 881 1224 Monasterio
893 1213 904 1229 ,
932 1201 974 1223 an
986 1189 1092 1222 secum
1107 1190 1213 1223 tradu-

327 1241 453 1273 &urus-
481 1240 551 1286 Qi
575 1241 652 1273 talia
675 1239 823 1284 cogitant
846 1262 857 1278 ,
894 1240 969 1275 sunt
989 1239 1153 1280 carnales.
1179 1241 1211 1274 δε

326 1301 397 1323 non
411 1289 534 1322 habent
552 1289 743 1323 charitatem
755 1313 762 1321 .
791 1291 871 1322 Huc
884 1289 1026 1323 tendunt
1058 1290 1156 1322 etiam
1169 1291 1210 1323 se-

327 1339 462 1382 quentia
477 1338 589 1372 verba:
621 1343 685 1371 Huc
695 1340 828 1378 accedit,
856 1340 1016 1380 quiaillud
1029 1362 1039 1378 ,
1060 1338 1210 1380 ficutjam

326 1389 455 1423 collocuti
469 1387 574 1431 sumus
587 1412 598 1428 ,
626 1390 762 1430 deinceps
778 1393 872 1421 vitari
889 1388 982 1429 potest
995 1412 1004 1427 ,
1031 1390 1066 1422 <2⁶
1085 1394 1133 1432 agi
1147 1401 1210 1422 cum

325 1450 357 1472 eo
367 1444 420 1481 qui
430 1444 628 1478 convertitur,
650 1437 679 1478 fi
686 1449 742 1471 non
750 1446 842 1479 putat
853 1438 978 1471 admitti
989 1440 1033 1470 ad
1039 1436 1209 1480 societatem

325 1492 493 1529 Fratrum,
524 1499 689 1530 antequam
700 1486 734 1530 sc
751 1488 883 1521 omnihus
910 1488 971 1530 illis
985 1490 1208 1529 impedimentis

274 1563 275 1566 =
325 1544 442 1573 exuerit
455 1563 467 1579 ,
494 1540 528 1572 ἅν
538 1550 575 1572 ex
588 1544 646 1571 otio
656 1539 801 1572 tendatur
812 1561 823 1577 ,
847 1538 910 1570 cum
920 1539 982 1578 ejus
994 1549 1038 1570 res
1049 1539 1100 1581 effe
1124 1538 1209 1579 desti-

152 3183 258 3230 Lib.5.

148 3244 213 3277 cap.
249 3246 277 3280 7

324 1595 416 1623 terit.
444 1589 560 1623 Sensus
587 1589 653 1622 est:
679 1588 792 1621 sanciri
817 1588 956 1631 poterit,
994 1598 1030 1621 ut
1053 1588 1208 1632 deinceps

324 1651 426 1673 nemo
454 1639 664 1682 profiteatur,
694 1638 749 1670 nisi
772 1638 859 1680 prius
881 1638 922 1671 de
945 1638 1010 1671 suis
1025 1637 1140 1679 rebus,
1173 1640 1207 1672 &

324 1688 459 1733 quidem
472 1700 512 1723 ex
532 1689 627 1729 orio,
655 1688 708 1721 seu
732 1699 860 1722 maturo
884 1688 1022 1722 consilio
1045 1686 1206 1731 disposue-

323 1741 382 1773 rit.
413 1740 465 1772 Sic
478 1737 587 1771 nullus
599 1737 729 1771 restabit
753 1739 843 1771 locus
864 1737 1047 1772 istiusmodi
1063 1739 1205 1782 quaestio-

322 1789 439 1822 nibus.
466 1789 559 1821 Hinc
595 1786 758 1831 intelliges
786 1788 819 1821 δε
842 1786 910 1821 haec
940 1787 1057 1822 verba:
1079 1790 1205 1829 Propter

323 1836 421 1881 ipsum
432 1838 591 1870 dimidium
611 1838 678 1877 illi,
703 1848 828 1879 quorum
853 1836 1045 1879 converfionis
1069 1839 1204 1872 volumus

324 1898 358 1923 ut
372 1888 420 1921 hoc
431 1888 565 1930 exemplo
570 1884 670 1930 seeum
683 1896 793 1930 agatur
808 1911 817 1926 ,
843 1899 941 1922 rerum
963 1886 1088 1931 suarum
1100 1889 1202 1922 vendi·

323 1945 495 1982 tionemper
506 1949 604 1971 moras
628 1938 694 1971 illas
726 1936 930 1979 excusatorias
955 1939 1080 1971 dilaturi
1095 1937 1169 1981 sunt
1194 1964 1200 1972 .

325 1987 460 2032 Alipius
471 2001 512 2022 ex
525 1988 704 2032 Augustini
725 1988 883 2023 sententia
898 1989 1030 2022 dixerat
1053 1990 1144 2032 sequi
1169 1990 1201 2022 ὅ(

322 2039 392 2072 fieri
407 2063 416 2078 ,
445 2049 481 2072 ut
505 2039 661 2071 Converfi
690 2038 798 2081 passim
822 2049 898 2072 ante
917 2038 1141 2082 professionem
1163 2038 1203 2072 de

322 2091 389 2122 suis
407 2089 501 2122 rebus
524 2099 592 2122 non
615 2088 844 2131 disponerent.
875 2089 963 2135 Qia
990 2088 1106 2131 nempe
1129 2089 1200 2122 scie-

322 2137 402 2170 bant
425 2140 481 2170 sibi
507 2150 672 2171 remanere
696 2138 898 2171 dominium.
928 2139 970 2171 Et
994 2139 1038 2171 ita
1062 2139 1201 2173 omnino

323 2198 409 2221 erat.
439 2186 642 2229 Augustinus
664 2188 791 2229 reponit
816 2186 898 2220 istud
922 2188 1024 2229 ipsum
1049 2188 1135 2230 sequi
1159 2199 1198 2220 ex

323 2237 432 2280 Alipii
447 2237 625 2276 sententia,
654 2248 723 2279 quae
746 2236 872 2269 volebat
897 2238 1000 2269 solum
1025 2235 1199 2271 dimidium

323 2287 454 2322 transiie
472 2287 504 2319 in
525 2286 783 2320 Monastet-mm.
813 2288 865 2319 Sic
887 2286 977 2319 enim
1000 2286 1055 2319 ille
1068 2288 1160 2320 sensit
1189 2311 1196 2319 .

323 2336 484 2371 Noranda
507 2337 575 2369 suni
602 2337 635 2369 ὅ(
658 2334 725 2368 haec
750 2336 853 2377 Alipii
877 2335 996 2369 verba:
1024 2329 1201 2369 Ca‘vendum

324 2387 385 2428 est,
413 2399 447 2418 nc
457 2388 520 2418 ci'trn
532 2398 592 2418 rem
603 2386 728 2418 dubiam
740 2387 894 2418 emendari
919 2388 1079 2426 volumus,
1107 2389 1197 2427 majo-

322 2438 492 2470 ravulncra
513 2436 677 2478 faciamus.
711 2437 750 2468 Et
778 2436 840 2468 hoc
868 2437 1046 2479 Augustini
1074 2437 1200 2479 respon-

324 2489 394 2520 sum
409 2501 418 2519 .-
448 2491 557 2518 Mirum
575 2486 604 2526 fi
617 2488 654 2518 de
678 2496 709 2517 re
729 2485 821 2517 dubia
843 2485 883 2525 est
909 2494 997 2518 totius
1016 2486 1115 2527 plebis
1139 2497 1201 2518 tam

319 2535 645 2581 grandescandalum,
670 2538 725 2568 &a
754 2536 865 2569 Ambo
878 2536 1069 2577 profitentur
1082 2547 1201 2569 utram-

317 2586 505 2629 .quedubiae
520 2586 570 2617 seu
586 2585 759 2626 probabilis
774 2586 943 2626 opinionis
967 2597 1089 2628 partem
1115 2587 1200 2628 posse

322 2637 449 2670 adsumi
464 2637 496 2668 in
512 2637 636 2677 praxim
652 2658 663 2674 ,
691 2636 746 2667 nili
759 2635 846 2668 allud
857 2635 989 2669 mandet
1013 2636 1197 2669 scandalum

323 2687 533 2729 pufillorum.

374 2737 508 2769 Sanstus
530 2734 736 2778 Augustinus
757 2734 838 2768 reite
858 2734 943 2769 dixit
968 2735 1063 2770 sancffi
1090 2735 1197 2779 Alipii

322 2787 518 2821 sententiam
539 2787 627 2828 posse
648 2786 783 2817 evadere
803 2785 962 2826 liquidam
985 2787 1017 2819 ὅ(
1048 2786 1197 2829 apertissi-

321 2847 426 2870 mam.
457 2834 876 2876 Etenimjamtalisevasit.
904 2836 1082 2878 imperator
1107 2836 1202 2878 Justi-

322 2886 442 2919 nianus
464 2884 527 2927 jam
552 2884 673 2927 pridem
697 2886 826 2924 sanxit,
852 2885 884 2917 ὅ(
902 2887 1010 2918 omnis
1033 2885 1091 2918 sub
1113 2886 1198 2919 coelo

324 2935 466 2968 Ecclesia
487 2935 613 2968 admisit
639 2934 749 2967 omnia
775 2934 1017 2968 Conversorum
1035 2926 1121 2968 bona
1145 2947 1197 2977 per

322 2986 414 3041 prof
418 2985 551 3018 ffionem
565 2985 694 3017 transire
715 2984 749 3017 in
763 2986 891 3026 plenam
910 2996 946 3018 ac
969 2985 1103 3017 liberam
1130 2996 1198 3026 pro·
1211 2999 1215 3020 ι

323 3036 490 3077 prietatem
516 3034 728 3068 Monasterii.
757 3034 851 3067 Hinc
875 3035 928 3067 illa
949 3057 960 3073 ‚
995 3035 1098 3067 veriam
1118 3024 1216 3068 duml

323 3083 485 3117 Professus
510 3085 619 3117 transit
647 3095 702 3116 aut
729 3085 918 3117 transfertur
938 3084 977 3117 ad
1002 3084 1116 3124 aliud,
1144 3076 1214 3118 seu1

323 3133 464 3176 ejusdem
478 3134 528 3166 seu
541 3132 650 3167 diversi
662 3133 799 3168 Ordinis
814 3157 823 3173 ‚
847 3134 1110 3172 Monasterium,
1139 3135 1192 3167 fir-

942 155 1584 203 Dissfiuvrsrio

1292 238 1552 283 Vulgarislessio
1566 235 1687 271 habet:
1715 240 1751 269 In
1773 221 1830 279 auo
1851 239 2099 285 conversationem
2121 245 2176 280 ba:

1290 288 1405 323 buerit.
1435 289 1490 322 Est
1515 287 1722 324 manifestum
1747 288 1902 323 mendum
1924 315 1932 323 .
1977 293 2173 338 Legendum

1288 339 1354 380 est,
1381 338 1604 380 Converfioaem
1626 362 1634 369 .
1662 337 1788 371 Eadem
1829 339 1883 372 lex
1920 340 2170 382 Menaenorum

1287 389 1515 424 translationes
1539 387 1739 431 rigidissime
1743 398 1854 428 vetat,
1891 400 1929 423 ac
1951 392 2133 437 impediri·
2123 409 2172 441 Ju-

1287 434 1340 473 bet
1354 452 1408 483 per
1420 437 1551 480 quosvis
1566 436 1850 473 Archimandritas
1861 450 1959 484 atque
1973 441 2169 504 Episcopus,

1286 489 1428 534 ideoque
1465 487 1671 533 quibusdam
1690 488 1821 524 videtur
1855 489 1924 525 haec
1960 490 2098 529 sanxisse
2131 497 2169 532 in

1286 550 1435 582 poenam.
1745 556 1747 559 ’

1334 588 1484 624 Eandem
1524 569 1812 624 constitutionem
1833 590 1940 625 firmat
1962 591 1997 625 in
2020 591 2171 630 Novella

1283 639 1373 683 Lege
1384 640 1424 674 ad
1438 640 1571 673 Petrum
1582 638 1778 674 officiorum
1799 640 2022 684 Magistrum.-
2047 646 2080 676 sa·
2105 648 2168 677 Μο-

1283 689 1394 722 nachus
1407 690 1567 733 reliquerit
1575 687 1663 732 suum
1675 689 1907 732 Monasterium,
1933 694 1968 726 er
1978 698 2012 725 in
2022 694 2112 727 aliud
2122 702 2168 728 in-

1276 741 1436 782 grediatur
1448 764 1459 780 ,
1485 738 1689 782 quascumque
1699 751 1747 772 res
1758 748 1909 780 tempore,
1936 754 1992 784 quo
2016 737 2165 785 Monafle-

1280 793 1356 822 rium
1376 791 1585 832 dereliquerit,
1618 790 1728 824 habere
1752 790 1933 830 videbitur,
1955 800 2079 833 proprio
2101 798 2164 828 Mo-

1278 839 1401 879 nasterio
1422 864 1433 880 ,
1465 845 1497 872 in
1534 841 1613 882 quod
1646 839 1684 873 ab
1714 846 1803 873 initio
1825 840 1986 883 conversus
2009 842 2048 882 est
2062 867 2075 885 ,
2110 856 2163 878 eas

1277 899 1434 932 competere
1439 889 1579 931 jubemus
1589 914 1596 921 .
1623 890 1727 939 Qod
1739 890 1845 933 ipsum
1859 891 1962 926 valere
1972 892 2065 935 jubet
2079 893 2161 929 dum

1278 940 1422 983 apostata
1444 939 1634 975 Monachus
1657 939 1697 974 ad
1721 940 1950 983 poenitentiam
1978 942 2163 978 detruditur

1278 988 1310 1021 in
1323 989 1678 1024 aliudMonasterium.
1707 990 1752 1024 Et
1763 990 1933 1035 adjungit:
1961 995 2048 1029 Res,
2078 1005 2158 1035 quas

1273 1038 1395 1080 postea,
1422 1041 1535 1084 utique
1558 1040 1629 1084 post
1660 1040 1849 1084 apostasiam
1885 1052 1941 1075 aut
1969 1043 2159 1081 translatio*

1276 1100 1350 1123 nem
1364 1113 1375 1130 ,
1402 1088 1529 1133 babuisse
1548 1090 1694 1132 probatus
1704 1091 1806 1131 fuerit
1827 1115 1839 1131 ‚
1874 1093 2050 1132 Monasterto
2074 1117 2085 1133 ,
2126 1098 2160 1126 itt

1274 1141 1355 1180 quod
1373 1145 1527 1181 mittitur,
1547 1140 1690 1181 ‚iubemus
1715 1149 1874 1183 competere
1901 1166 1908 1173 .
1935 1142 2023 1176 Istud
2051 1142 2159 1186 ipsum

1274 1188 1310 1222 in
1335 1189 1543 1225 Basilicarum
1566 1189 1695 1235 Legum
1718 1191 1857 1235 synopsi
1879 1190 1977 1226 habet
2010 1192 2160 1228 Michael

1275 1239 1468 1273 Attaliates:
1495 1243 1528 1273 si
1563 1241 1726 1275 Monachus
1762 1242 1916 1284 reliquerit
1942 1243 2156 1282 nonasterium

1267 1285 1376 1329 suum,
1402 1290 1480 1322 &in
1495 1290 1585 1323 aliud
1593 1289 1725 1331 abierit,
1744 1290 1774 1332 fi
1791 1302 1866 1334 quas
1877 1303 1927 1326 res
1938 1294 1974 1325 id
1993 1299 2158 1334 temporis,

1272 1349 1326 1379 quo
1354 1338 1562 1378 Monasterium
1574 1341 1718 1381 reliquit,
1744 1339 1852 1373 habere
1859 1347 2015 1381 potuerit,
2042 1333 2093 1375 eas
2115 1344 2160 1376 ad

1267 1393 1399 1428 primum
1418 1388 1498 1420 illud
1510 1389 1716 1428 Monasterium
1729 1413 1740 1429 ,
1767 1391 1848 1432 quod
1872 1390 1911 1422 ab
1935 1395 2021 1424 initio
2035 1391 2102 1432 fuit
2112 1398 2159 1425 itt-

1266 1438 1373 1480 greffus
1387 1461 1397 1477 ‚
1420 1443 1571 1479 pertinere
1587 1438 1727 1478 jubemus
1743 1462 1750 1470 .
1779 1439 1889 1472 Etiam
1914 1439 1984 1474 Leo
2007 1441 2041 1475 δε
2064 1442 2153 1476 Con-

1273 1487 1455 1527 stantinus,
1482 1487 1651 1530 Sapientes
1666 1488 1810 1532 Augusti
1834 1486 1956 1523 habent
1978 1491 2012 1523 in
2027 1491 2153 1525 selecta·

1270 1548 1339 1570 rum
1354 1537 1463 1581 legum
1478 1537 1676 1580 compendio
1693 1550 1699 1569 :
1726 1540 1758 1570 si
1770 1537 1930 1572 Monachus
1944 1563 1956 1581 ‚
1976 1540 2154 1583 relidopro-

1264 1592 1332 1627 prio
1343 1586 1532 1628 Monasterio,
1559 1588 1601 1619 ad
1612 1588 1697 1619 aliud
1704 1587 1738 1630 se
1751 1590 1926 1629 contulerit,
1946 1589 1977 1631 si
1996 1602 2055 1632 qua
2076 1591 2153 1624 hona

1267 1638 1316 1670 illo
1341 1646 1491 1678 tempore,
1518 1649 1574 1679 quo
1591 1638 1798 1677 Monasterium
1815 1640 1969 1684 reliquerit
1981 1663 1994 1679 ‚
2019 1639 2151 1684 babuffi

1265 1696 1428 1728 compertus
1445 1687 1561 1729 fuerit,
1589 1699 1625 1722 ea
1636 1687 1831 1727 Mortalia-rio,
1858 1695 1891 1721 in
1914 1700 1969 1730 quo
1993 1689 2032 1722 ab
2064 1691 2153 1724 initio

1259 1736 1346 1777 fuit,
1375 1738 1457 1770 tradi
1476 1737 1633 1778 jubemus.
1663 1739 1806 1780 Septima
1828 1739 1983 1780 Synodus
2006 1740 2048 1774 de
2074 1751 2152 1783 apo-

1265 1787 1455 1823 statantibus
1491 1786 1663 1832 adjungit:
1701 1787 1773 1829 Nisi
1798 1787 1896 1829 fuerit
1931 1789 2018 1832 culpa
2057 1792 2149 1825 Prae-

1263 1839 1318 1870 lati
1347 1862 1355 1870 .

1316 1888 1371 1922 Est
1395 1889 1529 1935 antiqua
1550 1890 1652 1925 etiam
1687 1890 1812 1926 Latinae
1842 1890 1990 1926 Ecclesiae
2010 1891 2146 1937 =Regu·-

1264 1937 1292 1972 la
1320 1962 1330 1979 ,
1356 1950 1398 1973 ex
1419 1953 1481 1984 qua
1502 1952 1638 1985 magnus
1662 1941 1842 1985 Imperator
1863 1941 2006 1976 Carolus
2026 1942 2147 1976 forma·

1263 1989 1311 2022 vit
1343 1989 1406 2022 hoc
1433 1990 1625 2032 Capitulum
1651 2004 1659 2023 :
1695 1994 1725 2023 si
1758 1991 1919 2025 Monachus
1939 1990 2150 2031 nonasterium

1259 2037 1346 2079 suum
1366 2037 1510 2080 dimiserit
1534 2063 1544 2079 ,
1579 2045 1678 2071 omnia
1709 2039 1785 2072 bona
1804 2039 1891 2082 ipfius
1908 2064 1919 2080 ,
1957 2041 1993 2073 ό·
2025 2051 2093 2082 que
2118 2046 2150 2075 in

1264 2088 1468 2128 Monasterium
1514 2089 1674 2121 introducit
1709 2090 1743 2123 Θ
1790 2101 1863 2131 quae
1913 2101 1972 2122 non
2018 2092 2152 2125 introdu-

1262 2144 1310 2169 xIt
1333 2162 1344 2177 ‚
1378 2140 1505 2170 dominio
1553 2137 1720 2170 Monaaern
1749 2138 1810 2178 stnt
1839 2162 1849 2178 ,
1889 2142 1924 2173 ὀ·
1962 2137 2025 2182 ipse
2058 2139 2152 2182 officio

1264 2186 1400 2227 Praefidis
1431 2185 1547 2229 servire
1582 2196 1702 2229 cogatur
1725 2211 1732 2218 .
1761 2190 1794 2219 si
1828 2192 1899 2220 vero
1923 2188 2086 2222 Monachus
2107 2191 2152 2223 ad

1262 2237 1348 2268 aliud
1368 2237 1575 2275 Monasterium
1605 2242 1786 2278 migraverit
1810 2260 1821 2275 ,
1857 2234 2054 2278 substantiam
2073 2241 2140 2279 ejus

1257 2292 1343 2326 prius
1366 2285 1572 2326 Monasterium
1595 2287 1731 2328 poffideat
1755 2300 1767 2319 .·
1793 2288 1827 2319 (5
1848 2293 1880 2318 itt
1890 2288 1950 2319 alio
1973 2288 2146 2327 Monasterto

1261 2334 1321 2378 ipse
1333 2347 1389 2367 non
1404 2342 1578 2377 recipiatur.
1607 2335 1703 2369 Prior
1715 2335 1749 2368 in
1774 2335 1958 2378 apostatas,
1984 2338 2142 2379 posterior

1264 2386 1489 2428 Capitulipars
1502 2385 1602 2418 sancit
1617 2387 1652 2418 in
1678 2387 1894 2420 transeuntes.
1925 2387 1968 2420 Et
1981 2387 2084 2421 sancit
2104 2389 2142 2422 in

1262 2435 1426 2478 utriusque
1449 2446 1578 2478 poenam
1592 2460 1599 2467 .
1627 2435 1773 2470 Videtur
1785 2446 1852 2469 non
1867 2437 2146 2472 sancireinttans·

1262 2485 1359 2519 latos.
1387 2485 1560 2531 Qidquid
1598 2484 1636 2518 sit
1670 2509 1680 2524 ,
1708 2485 1873 2530 Regulam
1909 2486 1950 2520 de
1977 2488 2141 2522 translatis

1260 2536 1359 2568 etiam
1373 2535 1557 2575 intellexit,
1585 2535 1619 2568 ὅ(
1639 2535 1740 2576 ipsam
1757 2535 1790 2569 in
1806 2535 1907 2580 longe
1929 2537 1992 2569 alia
2013 2538 2143 2572 ratione

1262 2586 1409 2618 fundavit
1425 2585 1630 2619 Venerabilis
1641 2583 1820 2627 Stephanus
1830 2610 1841 2625 ‚
1868 2587 1981 2619 sanila:
1993 2586 2148 2622 Genove·

1268 2636 1306 2668 fae
1319 2634 1432 2668 Abbas
1454 2635 1540 2677 apud
1564 2634 1777 2675 parisienses,
1802 2646 1839 2668 ac
1861 2634 2035 2678 postmodo
2056 2637 2144 2671 Tot·

1262 2686 1444 2718 nacensiurn
1471 2684 1652 2727 Episcopus
1676 2709 1687 2724 ,
1727 2685 1869 2718 scribens
1901 2684 1943 2718 ad
1976 2685 2144 2720 Abbatem

1262 2734 1543 2777 sanstiDionyfii:
1573 2733 1751 2774 Defiderium
1781 2738 1904 2767 Fratris
1930 2740 1970 2769 H.
1993 2738 2141 2769 canonici

1261 2784 1346 2824 nostri
1359 2809 1369 2824 ,
1396 2790 1547 2826 cupientis
1560 2786 1605 2817 ad
1617 2784 1824 2824 Monaflerium
1838 2783 1967 2830 vestrum
1977 2784 2101 2827 tranfire
2127 2809 2139 2826 ,

1260 2846 1308 2867 nec
1330 2836 1532 2868 commendare
1555 2837 1712 2873 volumus,
1734 2845 1784 2867 nec
1813 2833 2026 2876 reprehendere
2047 2836 2144 2869 aude·-

1259 2895 1342 2924 mus,
1368 2886 1412 2916 illi
1434 2891 1532 2917 omnia
1554 2884 1739 2927 reservantes
1752 2908 1763 2923 ,
1791 2890 1843 2926 qui
1864 2893 1994 2925 tempore
2015 2885 2144 2919 retribu-

1259 2940 1348 2966 tionis
1363 2936 1510 2975 appendet
1523 2940 1629 2967 merita
1636 2933 1816 2977 fingulorum
1830 2939 1862 2966 in
1884 2935 2014 2975 pondere
2030 2936 2064 2968 6³
2084 2935 2141 2975 sla-

1256 2991 1342 3023 tera,
1364 2982 1419 3026 sed
1434 2996 1468 3018 ut
1491 2983 1595 3024 vestrae
1612 2988 1752 3025 petitioni
1777 2986 1811 3016 (vr
1827 2983 2034 3022 ardenteffimae
2059 2985 2142 3018 illius

1253 3032 1479 3078 satisfaciamus
1492 3036 1666 3073 voluntati,
1691 3033 1816 3066 liberum
1828 3032 2036 3075 &absolutum
2055 3035 2144 3067 vohis

1256 3094 1320 3116 eum
1343 3086 1548 3124 concedimus,
1571 3082 1661 3126 salva
1683 3082 1766 3115 nobis
1788 3081 1964 3125 eleemosina
1997 3084 2102 3117 domus
2126 3108 2140 3125 ,

1213 3144 1216 3148 ’
1255 3145 1345 3175 quam
1357 3133 1418 3176 ipse
1430 3135 1463 3167 ἐν
1476 3141 1570 3168 mater
1578 3132 1636 3176 sua
1649 3136 1678 3165 E
1681 3131 1760 3172 celes
1746 3143 1783 3164 ae
1792 3132 1896 3172 nostrae
1923 3135 2105 3166 contulerunt
2130 3158 2143 3174 ,

321 3196 375 3218 ma
389 3195 543 3217 maneant
567 3183 605 3217 ad
628 3183 984 3239 primum.1tadiserte
1009 3185 1116 3217 sanxit
1129 3195 1198 3226 prae-
1211 3186 1215 3219 ί
1256 3192 1289 3215 ut
1300 3182 1446 3225 vobiscum
1457 3190 1489 3215 in
1500 3183 1603 3216 habitu
1627 3181 1782 3220 Monastico
1800 3181 1975 3224 deserviat,
2002 3185 2036 3216 Θ
2061 3194 2141 3217 exeo

322 3235 406 3268 fatus
428 3234 603 3276 Imperator
628 3233 661 3264 in
685 3235 798 3275 scripta
821 3234 861 3267 ad
887 3233 1110 3276 Epiphanium
1132 3222 1215 3269 Pa..

322 3285 495 3318 triarcham
511 3283 917 3324 Constantinopolitanum
931 3284 1071 3317 Novella
1088 3284 1196 3327 Lege:

321 3336 340 3365 5
343 3341 351 3365 i
364 3335 533 3375 relinquens
555 3332 762 3370 Monasterium
775 3357 783 3372 ,
812 3340 845 3365 in
856 3346 911 3376 quo
922 3333 1131 3374 converfi'onem
1145 3331 1214 3366 ha-

322 3383 415 3415 buerit
430 3409 438 3422 ,
464 3385 508 3415 ad
527 3385 611 3416 aliud
634 3381 764 3425 transeat
789 3383 994 3424 Monastcrt'um
1020 3408 1029 3422 ,
1056 3390 1144 3415 ctiam
1159 3383 1197 3424 fic

323 3435 440 3473 quidem
453 3435 518 3472 ejus
527 3431 692 3476 substantia
704 3443 822 3465 maneat
837 3456 845 3471 ,
871 3435 903 3466 (ν
917 3436 1084 3467 vindicetur
1097 3435 1117 3464 ᾱ
1128 3440 1197 3473 pri-

322 3493 369 3514 mo
386 3485 556 3523 Monasietio
580 3506 592 3525 ,
618 3483 670 3517 ubi
700 3482 917 3516 abrenuntians
942 3483 1021 3519 hanc
1040 3485 1161 3528 reliquit
1189 3509 1197 3517 .

1247 3233 1383 3275 fruc‘ium
1393 3242 1494 3276 captat
1509 3237 1625 3266 Beatus
1645 3232 1848 3270 Benediaus,
1873 3238 1920 3266 cui
1938 3232 2038 3275 sacrae
2061 3235 2141 3266 Reli·

1251 3288 1350 3326 gionis
1361 3289 1517 3324 primitias
1525 3282 1650 3325 sandius
1662 3283 1786 3315 contulit
1798 3282 1985 3326 Augustinus.
2016 3282 2137 3316 Prioris

1257 3333 1470 3366 Monasterii
1463 3344 1512 3374 Jus
1523 3332 1661 3366 fundat
1652 3344 1687 3365 in
1698 3332 1783 3366 datis
1806 3336 1916 3375 prima:
1933 3331 2139 3367 conversioni

1258 3383 1368 3426 primis
1380 3382 1643 3416 institutionibus
1656 3407 1663 3414 .

1306 3431 1411 3466 Aliud
1433 3433 1685 3466 fundamentum
1705 3431 1839 3467 adducit
1865 3433 1991 3468 sandius
2020 3429 2138 3465 Ansel·

1258 3492 1329 3517 mus
1343 3506 1355 3525 ‚
1380 3480 1486 3517 adbuc
1509 3482 1622 3517 Abbas
1643 3482 1812 3518 Beccenfis
1832 3507 1845 3524 ,
1871 3482 1912 3517 de
1932 3479 2137 3565 nesciglquo

2065 3541 2095 3565 e.

2181 629 2245 664 Lib
2246 640 2333 678 .123.

2179 691 2247 724 cap
2271 691 2327 726 42

2174 1259 2246 1296 Tit.
2270 1271 2306 1308 3.

2168 1539 2240 1574 Tit.
2263 1550 2297 1588 9·

2167 1814 2251 1851 Can.
2266 1824 2321 1862 19.

2166 2016 2239 2052 Lib.
2263 2018 2296 2060 ς’.

2166 2069 2320 2112 capam·

2159 2768 2314 2817 Pap-151.
