2366 3736
79 1692 187 1726 Hom.

30 1740 89 1789 ὃς.
128 1741 162 1773 in

33 1792 162 1837 Evang.

36 1842 129 1887 Joan.

580 113 666 157 Da
711 111 927 159 Saeuis
975 110 1363 160 Prtocessiou
1384 127 1537 159 11³us.

198 207 286 242 gnus
307 194 485 239 Gregorius
506 193 677 240 adjungit:
705 198 763 228 Pro
782 208 845 239 qua
866 206 898 229 re
911 198 1080 229 Graecorum

196 245 430 289 consuetudinem
443 270 455 287 ‚
486 252 542 291 ‚qui
559 246 618 288 offa
642 245 818 280 sanelorum
836 246 938 279 >levare
954 244 986 286 se
1015 247 1082 289 affe·

194 304 270 328 runt
280 319 290 333 ‚
316 294 501 330 vehementer
513 301 655 328 miramur
667 319 678 334 ,
704 297 738 328 (9⁶
751 301 808 329 vix
818 296 960 328 credimus
977 318 985 326 .
998 296 1083 329 Cen-

199 345 248 378 set
270 344 303 378 id
320 344 338 378 a
354 345 478 380 Sanctis
490 355 554 381 non
568 344 713 386 permitti
728 369 740 387 ‚
767 346 911 387 ideoque
921 345 983 377 effe
998 345 1082 379 Grae-

1145 196 1308 238 Populum
1319 196 1577 231 circumscribere
1586 220 1595 231 ,
1622 195 1811 239 Apostolica
1824 199 2018 244 Disciplina,

1146 257 1216 289 quae
1226 255 1360 279 omnem
1379 247 1537 289 populum
1551 248 1582 281 ὅ(
1596 245 1689 279 mane
1699 247 1731 280 ἕ(
1743 248 1866 290 vespere
1879 254 1966 294 cogit
1981 251 2021 286 ad

1148 294 1322 331 Ecclesiam
1338 320 1348 335 ‚
1374 297 1459 339 apud
1475 296 1630 340 plurimos
1643 297 1783 335 dormit,
1809 308 1845 330 ac
1858 310 2023 341 propemo-

1147 343 1225 378 dum
1248 345 1388 378 extinsta
1412 347 1455 379 est
1483 371 1490 378 .
1520 346 1628 379 Euam
1658 335 1846 380 Do'minicis
1867 348 1899 380 ὅ(
1925 350 2024 383 Feriis

199 406 315 429 corum
329 395 534 437 imposturas,
560 394 654 428 Hinc
666 395 890 437 prosequitur:
918 398 1005 428 Nam
1018 396 1084 436 qui·
1130 394 1263 430 >diebus
1280 418 1287 425 .
1315 396 1412 430 Hanc
1426 396 1503 431 vero
1516 397 1678 430 resuscitat
1694 396 1821 429 laudata
1833 397 2026 441 Expofitio.

198 445 273 478 dam
292 444 428 478 Monacbi
447 446 544 478 ἂνω-ἱ
564 442 619 476 huc
641 453 711 476 ante
724 444 879 478 biennium
890 449 1046 477 venientes
1075 469 1085 485 ,

200 494 339 527 nocqurno
355 494 468 535 filentib
491 496 589 535 juxta?
611 492 766 535 Ecclesiam
786 495 816 526 5.
841 493 932 528 Pauli
954 497 1086 535 Corpora

200 547 380 579 ,Mortuorum
392 568 402 583 ‚
428 549 462 576 in
473 552 573 584 campo
579 545 735 582 jacentia,
763 542 944 583 effbdiebant
959 567 970 582 ,
995 553 1086 585 atque

200 605 299 627 eorum
320 593 376 635 offa
396 593 606 633 recondebant,
630 591 788 637 servantes
812 592 868 634 fibi
893 595 966 625 dum
978 596 1087 627 recede-

199 653 266 676 rent
280 668 287 674 .
313 644 376 687 ,Qui
398 644 462 676 cum
480 642 651 684 deprehensi
659 667 669 682 ,
695 644 730 676 θ
753 653 804 674 cur
817 644 851 673 id
854 642 996 684 facerent
1009 667 1020 682 ‚
1043 644 1088 675 di-

199 695 323 735 ligemer
335 692 461 735 fuissent
471 691 581 734 discuffl
596 717 607 732 ,
629 692 740 733 confeffi
748 691 823 734 sunt
835 694 915 734 quod
926 694 980 726 illa
989 693 1045 734 offa
1055 698 1089 725 in

201 745 351 776 Graeciam
368 742 454 787 effent
475 753 630 785 tamquam
652 742 827 775 sanderum
851 744 1008 782 Reliquias
1021 750 1088 783 por-

202 798 300 827 taturi
310 815 318 824 .
338 796 392 826 Ex
403 804 524 834 quorum
536 793 669 834 exemplo
680 794 774 834 maj0r
787 791 869 825 nobis
890 791 1089 824 dubietasna-

203 851 240 876 ta
251 841 289 879 est
301 867 311 883 ‚
337 843 436 875 utrum
451 853 556 875 verum
560 840 598 884 fit
611 866 621 880 ,
645 843 725 884 quod
732 842 835 875 levare
859 847 1006 874 veraciter
1017 842 1085 883 Offa

204 892 376 926 sanlfiorum
398 893 535 926 dicantur
548 916 555 923 .
586 890 746 925 Attamen
760 891 912 935 Gregorii
927 891 1089 924 dubitatio

205 952 274 975 non
294 943 357 975 fuit
381 942 490 976 firma.
523 941 659 974 Etenim
671 939 870 982 Imperatore
883 940 1064 983 justiniano
1079 965 1089 980 ,

203 991 245 1025 ad
257 991 448 1025 aedificatam
459 992 477 1024 a
493 991 523 1024 se
535 989 708 1023 Basilicam
722 990 905 1031 postulante
917 990 1088 1033 Reliquias

204 1042 235 1076 S.
259 1041 428 1077 Laurentii
451 1039 609 1082 Martyris
626 1063 638 1079 ,
664 1038 704 1072 ad
717 1039 931 1075 Hormisdam
952 1040 1090 1075 Pontifi-

203 1102 276 1124 cem
298 1091 492 1133 scripserunt
503 1089 571 1132 ejus
592 1088 677 1132 apud
691 1089 895 1124 Orientalem
911 1089 1088 1123 Ecclesiam

205 1140 343 1182 Legati:
371 1139 480 1172 Habuit
500 1139 620 1181 quidem
642 1143 746 1180 petitio
769 1140 910 1180 praedic‘lt·
919 1143 984 1173 Viri
991 1139 1088 1184 secun·

205 1192 278 1224 dum
299 1201 405 1222 morem
418 1193 605 1228 Graecorum,
633 1192 667 1222 (9·
680 1199 730 1222 nos
740 1197 842 1221 contra
851 1188 1090 1231 consuetudinem

204 1242 289 1274 Sedls
306 1239 470 1281 apostolica
483 1237 666 1281 exposuimus
679 1264 686 1270 .
704 1245 817 1280 Accepit
831 1244 975 1273 rationem
984 1263 991 1270 .
1003 1239 1087 1284 Qa-

206 1301 241 1323 re
251 1290 408 1326 Pontifex
429 1290 458 1323 ei
474 1301 541 1323 non
556 1289 725 1332 Reliquias
738 1290 822 1322 misst
833 1314 842 1329 ‚
869 1290 920 1322 sed
935 1290 1003 1323 sola
1015 1290 1090 1322 San·

205 1340 326 1373 &uaria
338 1364 349 1380 ,
379 1340 442 1372 sive
455 1338 599 1372 Brandea
610 1363 617 1371 .
645 1338 750 1372 Graeci
763 1339 860 1383 igitur
873 1339 924 1373 SS.
941 1339 1087 1381 Corpora

205 1388 349 1423 omnin&
371 1388 617 1430 exhumabant,
645 1389 843 1432 tangebant,
870 1388 1090 1431 aspiciebant,

206 1439 487 1474 transmittebant,
518 1438 572 1472 An
600 1438 739 1481 publico
753 1438 941 1482 conspe&ui
954 1449 1089 1481 expone-

205 1499 280 1524 rent
298 1512 310 1528 ,
338 1500 406 1523 non
432 1489 558 1532 possum
586 1488 744 1521 affirmare
762 1513 769 1521 .
812 1487 977 1522 Existimo
1003 1487 1091 1531 quod

206 1549 297 1574 non.
325 1539 461 1573 Etenim
482 1539 513 1575 S.
535 1538 675 1581 Joannes
698 1536 955 1580 chrysostomus
979 1538 1012 1571 δε
1036 1538 1091 1572 alii

205 1588 350 1631 ipsorum
376 1588 486 1623 Patres
522 1589 679 1623 sacrarum
708 1587 933 1630 Reliquiarum
960 1585 1093 1620 Thecas

206 1638 393 1683 frequenter
412 1638 568 1678 laudant,
597 1639 739 1681 ideoque
762 1638 853 1670 extra
875 1638 960 1679 ipsas
982 1637 1092 1669 viden-

208 1698 261 1722 tur
283 1699 350 1723 non
377 1688 471 1722 fuisse
500 1687 686 1728 Reliquiae.
716 1685 808 1717 Idem
835 1684 1092 1729 Chrysostomus

208 1747 341 1770 morem
357 1737 477 1774 istum,
505 1744 573 1777 quo
599 1731 745 1776 Antiqui
758 1743 834 1766 cum
848 1734 1093 1777 pretiosisorna·

208 1786 329 1822 mentis
349 1785 531 1818 humabant
541 1782 730 1818 Cadavera‚
756 1790 853 1822 atque
868 1782 913 1813 ita
937 1780 1095 1814 sceleratae

208 1832 372 1868 effoffioni
395 1830 574 1874 praebebant
596 1830 709 1869 ansas,
737 1829 880 1873 graviter
891 1829 1017 1872 arguit,
1044 1830 1092 1863 ita

208 1885 243 1920 ἃ
263 1890 350 1916 vetat
369 1881 541 1916 Cadavera
562 1879 648 1913 nuda
669 1879 794 1921 sepeliri
820 1903 828 1910 .
858 1878 1008 1913 Affirmat
1031 1880 1095 1912 effe

207 1932 402 1966 indecorum
422 1955 430 1963 .
466 1930 596 1973 Nempe
616 1939 845 1973 tegumentum
872 1928 917 1964 est
940 1930 1094 1967 naturalis

207 1982 413 2019 cadaverum
435 1980 634 2017 reverentia.

366 2081 399 2116 C
448 2079 480 2116 A
532 2079 565 2115 Ρ
611 2078 651 2116 U
704 2079 742 2114 T
838 2078 873 2113 X
884 2078 932 2113 11.

207 2187 255 2218 An
276 2182 481 2227 quarumdam
501 2177 693 2219 Ecclefiarum
707 2202 717 2218 ,
746 2177 970 2222 sacr-osand'um
990 2180 1095 2214 sacra-

306 2230 636 2272 mentumfmquemlus
655 2234 869 2270 exponentium
880 2227 994 2273 consue·

418 2281 491 2317 tudo
509 2279 544 2322 stt
561 2284 637 2321 pia,
664 2279 852 2312 rationabilis
866 2302 877 2321 ,

558 2330 716 2363 retinenda
729 2330 745 2363 ,ἓ

283 2431 384 2464 Lures
399 2453 409 2469 ,
434 2429 467 2462 &
479 2428 614 2462 scientia
626 2452 637 2468 ,
663 2428 697 2462 &
710 2427 884 2472 disciplina
897 2427 1095 2466 eminentes,

308 2491 361 2522 per
383 2479 541 2513 Latinum
567 2478 692 2514 Orbem
718 2478 867 2512 Ecclesiae
889 2503 900 2518 ‚
927 2478 1095 2511 Sacrosan·

208 2531 296 2563 stum
319 2531 563 2564 Sacramentum
582 2526 716 2569 publicae
730 2528 892 2560 Fidelium
904 2527 1091 2559 adorationi

207 2589 378 2623 exponunt
399 2577 535 2622 singulis
558 2576 672 2610 diebus
692 2575 882 2609 Dominicis
903 2576 936 2609 δε
954 2575 1055 2607 Festis
1083 2600 1092 2616 ,

207 2629 340 2674 singulis
363 2628 486 2673 quintis
498 2626 620 2666 Feriis,
646 2625 680 2659 ὃς
692 2624 883 2669 quibusdam
905 2625 978 2658 aliis
991 2625 1093 2669 fingu-

207 2679 282 2713 laris
304 2678 429 2723 pietatis
444 2676 582 2716 diebus,
607 2676 726 2710 &cum
741 2676 811 2718 ipso
821 2674 1021 2710 benedicunt
1038 2685 1093 2716 po·

208 2729 340 2774 pulum.
367 2729 448 2762 Haec
471 2727 570 2771 pietas
589 2725 761 2768 praesertim
782 2726 869 2769 viget
890 2724 1092 2768 inAugustae

209 2779 388 2813 Austriacae
409 2778 539 2811 Domus
570 2774 770 2809 Provinciis.
801 2774 842 2808 Et
869 2773 914 2808 est
938 2774 1091 2816 antiquis-

208 2829 287 2862 sima
309 2852 317 2860 .
352 2829 432 2861 Earn
455 2826 544 2860 enirn
575 2825 624 2859 uti
655 2825 824 2867 antiquam
847 2822 959 2857 laudat
982 2823 1015 2856 in
1038 2824 1091 2856 sua

208 2878 391 2921 Metropoli
417 2876 570 2910 Albertus
593 2875 767 2909 Crantzius
792 2899 799 2907 .
819 2875 892 2908 Nec
917 2873 1091 2916 expositio·

209 2939 284 2963 nem
303 2952 313 2968 ‚
340 2928 390 2961 sed
423 2926 520 2960 nimis
552 2925 754 2967 frequentem
790 2924 880 2958 extra
913 2922 1089 2956 Ecclesiam

209 2979 385 3011 elationem
407 2976 542 3010 affirmat
564 2974 657 3008 fuisse
682 2974 896 3016 improbatam
921 2973 937 3006 ὲ
953 2971 1089 3006 Venera-

209 3026 270 3062 bili
292 3026 462 3060 Cardinali
486 3024 630 3059 Nicolao
656 3024 788 3059 Cusano
806 3049 815 3064 ‚
850 3024 978 3069 Legato
1002 3022 1091 3057 Sedis

208 3076 409 3118 Apostolicae
427 3101 434 3109 .

246 3125 443 3168 Respondeo
457 3124 548 3159 istam
561 3123 832 3159 consuetudinem
844 3123 905 3156 effe
917 3133 983 3156 non
999 3121 1090 3155 dum·

209 3185 302 3210 taxat
315 3173 544 3209 rationabilem
556 3200 566 3215 ,
591 3174 643 3209 sed
655 3173 784 3217 insuper
798 3172 969 3216 piissimam
980 3171 1026 3205 ob
1039 3182 1088 3205 va·

208 3226 274 3260 rios
286 3224 423 3259 fruetus.
453 3223 582 3259 Primus
593 3225 636 3258 est
651 3249 661 3264 ,
683 3223 771 3268 quod
784 3223 912 3256 fidelem
925 3221 1087 3263 Populum

208 3273 372 3309 abstrahat
385 3274 402 3306 ὲ
416 3273 506 3307 vanis
523 3273 695 3308 &ludicris
709 3298 718 3314 ‚
729 3274 760 3307 &
772 3271 940 3306 numerose
951 3271 1088 3305 deducat

209 3325 251 3358 ad
268 3324 422 3358 Ecclefias
434 3347 441 3355 .
470 3322 548 3356 Haec
562 3323 650 3357 enim
666 3323 836 3367 Expositio
859 3321 1029 3365 praesertim
1053 3321 1088 3355 fit

208 3373 292 3408 hora
313 3383 426 3417 quarta
450 3382 503 3406 aut
516 3373 628 3414 quinta
642 3374 710 3416 post
726 3372 909 3409 meridiem,
936 3382 1002 3414 quo
1019 3382 1090 3412 prae-

208 3423 318 3459 sertim
330 3434 474 3467 ternpore
495 3421 649 3459 festivalis
660 3422 719 3458 otii
733 3423 856 3458 occasio
869 3421 948 3457 solet
959 3420 1089 3456 fidelem

1147 445 1238 478 Facit
1263 455 1395 477 omnem
1413 446 1568 488 populum
1593 445 1632 477 ad
1651 445 1802 480 Ecclefias
1814 458 2026 483 concurrere.

1149 493 1306 528 Ecclesias
1331 494 1417 527 enim
1434 518 1443 535 ‚
1470 495 1586 536 quibus
1601 495 1657 528 ista
1671 494 1757 527 deest
1774 496 1940 540 Expositio
1952 520 1963 536 ‚
1988 497 2028 532 li-

1147 554 1198 577 cet
1209 544 1242 577 in
1258 543 1330 585 ipsis
1352 552 1523 577 cantentur
1537 544 1666 577 Divinae
1678 544 1806 580 Laudes
1820 570 1830 585 ,
1856 547 1966 588 passirn
1980 548 2027 580 vi·

1147 594 1262 627 demus
1275 604 1408 627 vacuas.
1435 593 1602 628 Secundus
1614 595 1733 627 frustus
1751 596 1794 628 est
1817 596 1944 630 ablatio
1955 608 2029 639 pro-

1149 645 1293 677 fanarum
1309 643 1340 675 in
1357 641 1843 678 Ecclesiisconfabulationum.
1874 646 1928 681 De
1950 645 2029 680 boc-

1149 705 1185 726 ce
1204 693 1285 725 vitio
1306 692 1487 736 graviffime
1511 693 1729 725 lamentantur
1752 717 1762 732 ,
1796 705 1833 727 ac
1858 695 1969 730 acerbe
1992 696 2031 730 in.

1151 744 1253 785 ipsum
1278 740 1474 776 invehuntur
1499 742 1603 784 plures
1628 741 1774 775 Ecclesiae
1797 742 1930 785 Patres,
1957 755 2029 789 prat-

1150 793 1256 826 sertim
1270 792 1298 824 S.
1313 792 1453 835 Joannes
1465 791 1741 832 Chrysossomus:
1770 793 1812 826 Et
1825 794 1946 829 auferre
1959 806 2029 828 non

1150 852 1344 885 potuerunt.
1374 841 1460 875 Istud
1482 842 1557 874 vero
1576 842 1678 874 aufert
1692 839 1818 876 laudata
1838 842 2027 884 Expofitio.

1152 892 1286 924 Etenim
1307 892 1453 925 laudatus
1466 891 1606 933 Joannes
1626 891 1719 930 illos,
1743 892 1798 933 qui
1814 892 2030 936 tremendam,

1152 940 1183 974 id
1201 941 1246 974 est
1262 939 1468 977 Eucharistiae
1479 941 1745 975 Consecutionis
1758 940 1870 977 horam
1884 954 1949 975 non
1964 954 2035 978 eru·

1151 991 1286 1025 bescunt
1307 990 1550 1034 garrulitatibus
1565 989 1762 1033 inquietare,
1788 992 1894 1025 censet
1908 993 2034 1026 facino-

1150 1041 1239 1073 rosos
1250 1050 1286 1073 ac
1298 1041 1437 1083 impios:
1465 1041 1506 1073 Et
1524 1040 1593 1083 jure
1607 1039 1723 1073 merito
1736 1064 1744 1073 .
1772 1041 1819 1075 At
1834 1042 1910 1074 verti
1925 1042 2033 1076 nostra

1151 1091 1356 1126 Sacrosansta
1378 1089 1702 1135 Expofitio-habetur
1716 1114 1726 1130 ,
1753 1090 1787 1124 ἀ
1811 1088 1922 1124 haberi
1937 1091 2035 1127 debet

1152 1143 1183 1173 in
1200 1151 1266 1172 non
1278 1139 1397 1174 minori
1409 1140 1607 1182 reverentia;
1631 1149 1726 1183 atque
1740 1140 1782 1174 ita
1793 1140 1871 1175 facit
1885 1152 2033 1184 ornnem,

1150 1201 1187 1223 ut
1209 1189 1243 1222 in
1265 1190 1550 1233 praescriptionum
1575 1188 1659 1222 libro
1671 1189 1767 1223 habet
1780 1189 2010 1227 Tertullianus
2026 1213 2037 1232 ,

1154 1239 1331 1273 Ecclesiam
1345 1240 1526 1273 Colletram
1541 1263 1548 1270 .
1576 1240 1722 1273 Collesta
1735 1240 1768 1276 &
1785 1240 1933 1274 unanimi
1947 1251 2036 1273 rnen-

1151 1300 1182 1322 te
1198 1290 1232 1325 &
1247 1299 1336 1332 prece
1348 1290 1491 1323 elevatur
1504 1289 1544 1324 ad
1558 1290 1743 1322 Dominum
1761 1289 1870 1323 Deum
1886 1314 1894 1322 .
1922 1290 2035 1322 Nemo

1151 1338 1370 1373 Orthodoxus
1384 1339 1429 1372 est
1443 1337 1527 1372 adeo
1541 1339 1666 1375 oblitus
1679 1339 1726 1372 sui
1745 1338 1953 1382 Baptismatis
1966 1363 1977 1378 ,
2001 1339 2036 1376 ὅς

1153 1391 1186 1422 in
1211 1390 1280 1431 ipso
1290 1390 1380 1422 -faetae
1391 1387 1601 1423 Profeffionis
1616 1413 1626 1428 ,
1653 1399 1690 1422 ut
1710 1399 1790 1423 tunc
1802 1390 1968 1430 praesumat
1981 1399 2038 1422 aut

1154 1440 1378 1481 semetipsum,
1405 1449 1463 1472 aut
1485 1440 1560 1473 suos-
1579 1439 1705 1472 vicinos
1726 1448 1779 1480 per
1790 1438 1914 1473 fabulas
1926 1437 2039 1472 distra-

1154 1487 1227 1521 here
1240 1513 1247 1520 .
1274 1488 1412 1525 Tertius
1423 1489 1545 1524 fruetus
1556 1488 1601 1521 est
1617 1511 1627 1527 ,
1652 1487 1741 1530 quod
1754 1499 1871 1521 omnes
1888 1498 1965 1522 tunc
1985 1488 2038 1523 Fi-

1153 1537 1241 1570 deles
1257 1548 1505 1579 permoveantur
1515 1537 1554 1570 ad
1565 1537 1738 1579 explicitos
1748 1537 2038 1581 Theologicarum

1158 1587 1329 1622 Virtutum
1352 1588 1465 1624 astus,
1491 1585 1659 1617 Christum
1684 1585 1870 1619 Dominum
1902 1587 2040 1621 credunt

1157 1637 1341 1678 praesentem
1354 1658 1366 1676 ,
1393 1635 1427 1670 &
1451 1634 1506 1676 ipfi
1518 1645 1690 1676 exponunt
1703 1634 1882 1676 privatas&
1894 1635 2041 1678 publicas

1159 1685 1355 1719 neceffitates
1374 1708 1384 1722 ‚
1418 1684 1452 1718 ἀ
1471 1683 1538 1723 ejus
1564 1683 1740 1724 implorant
1769 1683 2038 1721 Benedidionem

1157 1744 1253 1774 atque
1265 1730 1416 1766 solatium
1426 1754 1434 1763 .
1465 1731 1659 1773 Suppliciter
1670 1732 1883 1774 expostulant2
1892 1744 2040 1775 peccato-

1156 1792 1227 1815 rum
1249 1781 1488 1821 remisiionem,
1515 1782 1547 1815 &
1570 1781 1735 1817 bonorum
1758 1793 1890 1824 operum
1917 1784 2000 1816 vires
2027 1805 2040 1824 ,

1155 1831 1273 1874 quibus
1294 1830 1419 1869 sobrie,
1441 1831 1550 1871 caste,
1575 1830 1706 1875 jusseae
1718 1830 1892 1873 pievivant
1917 1834 1950 1865 in
1974 1831 2040 1869 hoc

1157 1882 1294 1922 saeculo,
1309 1881 1391 1916 fiant
1410 1881 1466 1923 ipsi
1481 1881 1908 1924 circumstantialispopulus
1920 1907 1929 1923 ,
1942 1893 2041 1926 atque

1158 1932 1202 1965 ita
1237 1931 1369 1966 tandem
1397 1931 1550 1965 Serenum
1580 1932 1710 1965 videant
1737 1931 1882 1976 Judicem
1904 1956 1914 1971 ,
1940 1944 2040 1975 quem

1156 1981 1220 2024 jam
1244 1981 1308 2014 laeti
1331 1981 1586 2023 Redemptorem
1612 1981 1722 2014 vident
1748 1981 1912 2018 innitar}
1935 2007 1942 2014 .
1975 1983 2040 2015 Ex-

1159 2031 1248 2074 plent
1259 2031 1425 2064 Divinum
1440 2031 1637 2064 Mandatum
1655 2044 1662 2064 :
1687 2032 1776 2065 Sicut
1799 2031 1932 2074 Moyses
1954 2032 2042 2065 exal-

1158 2083 1241 2115 tavit
1252 2081 1435 2123 Serpentem
1453 2105 1462 2119 ,
1490 2081 1673 2114 itaexaltari
1686 2092 1815 2124 oportet
1829 2082 1947 2116 Filium
1966 2082 2038 2115 Ho-

1158 2130 1275 2172 minis,
1302 2131 1482 2172 momnis,
1505 2132 1560 2175 qui
1586 2132 1688 2165 credit
1702 2132 1736 2164 in
1752 2133 1852 2173 ipsum
1867 2156 1879 2172 ‚
1900 2143 1967 2165 non
1981 2143 2040 2174 pe·-

1158 2192 1224 2214 reat
1239 2205 1249 2221 ,
1262 2180 1314 2214 sed
1327 2180 1442 2215 habeat
1452 2180 1553 2215 vitam
1567 2189 1741 2215 aeternam.
1766 2180 1965 2215 Plures-sunt
1976 2182 2043 2216 fru-

1157 2233 1224 2266 &us
1249 2231 1460 2264 sacrosanetae
1472 2229 1568 2274 hujus
1583 2230 1807 2273 Expositionis
1819 2255 1827 2263 .
1898 2232 1901 2235 ’

1210 2282 1252 2315 Et
1275 2280 1354 2314 dum
1380 2281 1627 2316 Sacrnssnaumr
1645 2282 1892 2314 Sacramentum
1907 2281 2042 2322 exponi-

1157 2338 1230 2370 tur,
1256 2331 1388 2372 praesens
1411 2330 1553 2372 popu-lus
1579 2337 1654 2363 cum
1668 2329 1738 2371 ipso
1755 2329 1862 2370 pass'im
1876 2327 2038 2362 benedici·

1157 2387 1225 2412 tur.
1255 2379 1359 2413 Graeci
1375 2379 1406 2411 in
1417 2378 1602 2415 'suisSacris
1611 2378 1759 2412 Fidelem
1773 2377 1865 2410 suum
1880 2378 2037 2420 populum

1157 2430 1340 2470 frequenter
1363 2427 1561 2461 benedicunt
1576 2449 1586 2464 ‚
1609 2437 1685 2459 cum
1705 2426 1856 2459 Tricerio
1879 2439 1932 2461 aut
1946 2428 2039 2462 Bice-

1157 2477 1227 2511 rio.
1256 2476 1323 2510 Hic
1335 2476 1412 2509 duas
1424 2476 1548 2509 Christi
1562 2475 1700 2509 Domini
1713 2486 1840 2511 naturas
1865 2477 1897 2510 in
1923 2477 2036 2513 eadem

1158 2528 1314 2569 persona,
1343 2526 1398 2560 ille
1420 2527 1452 2559 iu
1480 2526 1594 2558 eadem
1618 2536 1728 2560 natura
1758 2528 1954 2569 repraesentat
1975 2537 2037 2561 tres

1158 2577 1287 2611 Divinae
1300 2574 1478 2617 Majeflatis
1492 2575 1668 2609 Personas.
1696 2576 1778 2609 Sunt
1799 2577 1885 2619 signa
1899 2577 2035 2618 supremi

1155 2627 1188 2661 ὃς
1202 2625 1391 2660 sacrosancti
1404 2625 1521 2659 Fontis
1532 2649 1543 2664 ,
1565 2637 1607 2659 ex
1619 2636 1686 2667 quo
1696 2625 1805 2658 omnis
1817 2625 1850 2658 in
1864 2636 1924 2658 nos
1936 2626 2036 2660 dima-

1157 2687 1211 2710 nat
1223 2674 1412 2710 Benedistio
1424 2699 1431 2706 .
1459 2674 1541 2708 Sunt
1552 2674 1650 2708 Ritus
1661 2674 1836 2708 laudabiles
1846 2676 1879 2709 ὃς
1890 2676 2007 2717 optimi
2025 2688 2034 2709 2

1156 2725 1282 2759 Vertim
1293 2725 1365 2768 quis
1377 2724 1522 2768 ambigat
1535 2748 1546 2765 ,
1573 2723 1839 2758 Benedit'tionem
1852 2748 1862 2763 ,
1874 2735 1944 2767 quae
1956 2736 2032 2758 cum

1155 2775 1186 2809 S.
1199 2774 1402 2808 Eucharistia
1413 2774 1528 2814 datur,
1556 2776 1617 2807 esie
1629 2774 1725 2816 longe
1750 2774 1936 2807 sanctiorem
1950 2798 1960 2813 ,
1987 2775 2034 2808 di·

1155 2825 1306 2869 gniorem
1318 2849 1329 2865 ,
1354 2825 1568 2859 efficaciorem
1582 2825 1592 2855 ?
1606 2822 1656 2855 Ex
1668 2822 1925 2856 sacerdotalibus
1941 2825 2032 2867 super

1155 2874 1311 2917 populum
1350 2873 1638 2908 Benedistionibus
1675 2873 1799 2905 santius
1828 2872 2031 2916 Augustinus

1154 2923 1406 2966 frequentissime
1438 2924 1542 2957 firmat
1571 2922 1787 2955 necessitatem
1818 2923 1850 2956 ὅ(
1878 2924 2031 2956 virtutem

1153 2975 1269 3008 divinae
1290 2974 1399 3018 gratiae
1426 2985 1433 3003 :
1462 2973 1558 3005 Hanc
1579 2972 1644 3005 istae
1670 2971 1917 3007 Benedistiones
1936 2972 2031 3007 nobis

1153 3025 1352 3065 impetrant,
1378 3023 1514 3064 ideoque
1536 3023 1609 3054 sunt
1622 3021 1794 3055 utilissima:
1813 3045 1823 3060 ‚
1848 3023 2031 3065 frequenter

1152 3073 1349 3116 postulandae
1373 3071 1390 3105 ὲ
1419 3071 1559 3114 populo,
1586 3072 1618 3109 ὅ(
1648 3071 1666 3105 a
1685 3070 1914 3104 Sacerdotibus
1938 3083 2030 3104 num-

1150 3133 1247 3167 quam
1269 3122 1482 3165 denegandae.
1513 3119 1591 3167 Quo
1615 3122 1785 3154 sanstiores
1801 3133 1837 3154 ac
1859 3122 2029 3154 validiores

1150 3174 1269 3213 essent,
1299 3171 1400 3206 Graeci
1415 3171 1496 3212 ipsas
1511 3170 1687 3203 vestiebant
1701 3170 1833 3204 laudatis
1845 3169 2026 3212 Symbolis.

1152 3223 1224 3257 Nos
1248 3234 1298 3256 eas
1322 3222 1390 3265 ipso
1403 3222 1612 3254 Sacramento
1635 3220 1991 3260 vestimus&ornamus
2015 3241 2026 3258 ,

1151 3273 1289 3316 ideoque
1310 3271 1470 3304 credimus
1495 3269 1722 3304 efficaciffimas
1744 3268 1827 3311 apud
1839 3262 2026 3305 Dominum

1152 3323 1261 3357 Deum
1278 3346 1285 3354 .
1315 3321 1356 3354 Et
1367 3319 1506 3353 omnino
1522 3319 1793 3353 restecredimus·

1203 3372 1398 3405 Constanter
1425 3369 1587 3402 afferimus
1612 3369 1667 3402 has
1686 3379 1799 3401 omnes
1821 3367 2028 3402 consuetudi-

1154 3433 1212 3458 nes
1236 3422 1298 3456 esse
1320 3432 1375 3464 per
1389 3418 1500 3454 omnia
1512 3417 1898 3500 sanstiffimasacinsupffir
1912 3417 2026 3452 funda·

1828 3476 1854 3501 ti
1879 3476 1975 3501 imas.
