2366 3736
159 2020 206 2055 Ca
210 2032 243 2066 p..
254 2030 310 2069 27.

380 210 436 245 lis.
464 208 556 256 Φῖκ’
576 208 696 254 nempe
718 207 881 244 aditiones
898 203 962 243 istae
972 221 1064 245 erant
1088 211 1185 247 via&
1198 223 1269 247 νε·-

378 260 473 294 natio
486 265 525 295 ad
547 261 789 295 conciliandam
812 261 1085 295 introductionem
1106 242 1268 307 agapeti-f

371 321 448 343 cam
462 337 469 343 .
499 313 620 344 Eadem
635 312 732 353 Legis
744 309 838 348 verba
852 311 1004 344 videntur
1021 313 1124 355 ipsum
1146 315 1246 347 intro-

374 359 537 393 duetionis
557 361 787 394 commercium
813 362 1009 404 proscribere
1033 374 1041 394 :
1068 362 1182 405 utpote
1203 363 1244 397 ad

373 411 512 443 formam
525 409 691 443 &limites
709 434 720 449 ,
747 421 829 455 quos
841 412 896 454 ipsi
916 412 1097 455 praescripfit
1109 412 1242 447 Nicaena
1258 412 1263 465 ξ

372 459 544 501 synodus.
573 459 676 492 Porro
689 460 758 494 Lex
772 460 873 495 sancit
897 462 930 494 in
951 462 1036 495 solos
1057 462 1206 496 Clericos

369 519 439 542 non
453 510 487 541 in
501 510 641 552 ipsorum
659 510 830 545 Ecclefias.
860 511 953 545 Hinc
965 513 1055 555 supra
1067 512 1151 546 dixit
1164 514 1240 547 san-

368 558 439 590 stus
454 558 648 593 Ambrosius
663 573 674 593 .·
702 562 797 603 ,Quod
802 561 1007 594 sacerdotibus
1019 565 1101 594 Fani
1117 564 1240 607 legave-

366 613 409 640 rit
424 608 596 647 Christiana
609 612 724 649 vidua,
750 612 856 653 valet3
883 614 962 653 quod
981 612 1123 651 ministris
1146 617 1202 647 Dei
1226 639 1237 655 ‚

362 669 424 690 aron
445 660 544 693 valet.
569 661 646 693 Hoc
669 661 775 703 ipsum
799 662 892 695 iterat
914 673 920 692 :
951 661 1073 704 semper
1092 664 1237 708 queritur

360 707 495 743 excludi
508 711 598 744 solos
610 711 773 744 ministros
783 736 794 751 ‚
821 722 890 744 non
903 709 1062 744 Ecclefias
1074 733 1081 741 .
1109 711 1162 743 Ex
1180 724 1235 747 eo-

360 757 437 792 dem
451 760 613 803 principio
629 761 745 804 scripsit
760 761 894 794 Saucius
906 761 1152 802 Hieronymus:
1182 766 1235 796 Sa-

360 810 489 843 cerdotes
501 811 664 851 Idolorum‚
691 816 776 842 mimi
789 834 801 850 ,
824 814 957 852 aurigae,
984 808 1120 852 &scorta
1141 811 1231 845 baere*

359 860 474 892 ditares
487 866 612 902 capiunt
630 884 641 901 ‚
663 859 732 903 solis
743 860 865 893 Clerieis
879 871 913 892 ac
926 859 1080 893 Monacbis
1092 860 1142 893 boc
1154 865 1231 906 Lege

353 909 525 951 prohibetur
538 935 545 942 .
574 910 615 944 Et
628 910 778 954 adjungit
792 923 798 942 :
824 912 869 943 Sit
880 910 976 942 baeres
990 934 1000 950 ‚
1023 909 1080 952 sed
1089 921 1186 944 mater
1198 911 1229 953 fi-

359 960 488 1002 liuram,
513 960 621 1001 idest,
641 966 742 1004 gregis
748 959 796 1003 sui
807 959 946 1001 Ecclefia.
975 962 1064 1003 ,Quid
1085 972 1136 993 nos
1154 960 1228 1004 insir-

969 123 1602 177 D'xsseit’rarro

1310 213 1378 248 nim
1390 215 1474 249 inter
1487 214 1693 250 Diaconissas
1705 214 1739 250 ὃς
1752 215 1940 254 Monaehos
1953 220 2102 263 nullum,
2128 221 2185 259 nin

1309 275 1350 298 ex
1363 266 1530 311 agapetica
1545 266 1788 302 introdufflone
1803 290 1812 306 ‚
1837 279 1966 310 poterat
1977 273 2041 306 effe
2050 272 2186 306 familia·

1308 324 1341 347 re
1352 318 1586 350 commercium
1598 340 1606 350 .
1633 317 1782 350 Secunda
1794 319 1941 352 extensio
1952 321 1998 354 est
2008 321 2048 356 ad
2077 324 2187 358 Eccle-

1307 364 1364 398 fias
1373 376 1410 398 ac
1420 377 1573 408 pauperes
1584 390 1593 398 .
1622 367 1776 401 Extenfio
1787 368 1879 401 tertia
1892 368 1937 401 est
1963 370 2009 404 ad⁴
2027 383 2185 407 memora-

1307 422 1355 448 tas
1366 414 1383 448 a
1406 417 1445 450 Sa
1453 417 1526 451 ηᾶο
1543 415 1757 461 Hieronymo
1777 418 1905 452 fraudes
1926 429 1982 462 per
2002 421 2179 457 fidei-com·

1229 469 1261 505 ‚'
1307 465 1421 499 missa.

1344 511 1452 551 'Hanc
1464 517 1588 563 Legem
1600 516 1633 550 in
1647 518 1705 550 suo
1717 516 1756 551 ad
1770 519 1871 562 ipsam
1884 520 2122 554 commentatio
2136 522 2185 565 Ja-

1302 562 1404 599 cobus
1416 566 1643 602 Gothofredus
1655 567 1791 601 affirmat
1803 571 1865 603 esse
1881 570 1979 612 priori
2002 570 2179 613 quadante-

1301 623 1362 646 nus
1375 615 1507 650 similem
1522 643 1533 659 ‚
1558 618 1591 651 ὃ(
1604 616 1659 651 dat
1674 618 1834 652 rationes:
1865 624 1952 653 Nam
1963 621 2018 653 illa
2041 620 2180 664 vigesima

1271 673 1277 688 ²
1302 666 1369 696 Lex
1378 665 1417 706 est
1429 667 1464 699 de
1475 667 1606 700 omnibus
1618 667 1789 700 mulieribus
1802 692 1813 707 ,
1837 678 1928 711 atque
1938 682 1976 704 ex
1998 670 2049 703 bis·
2060 673 2096 703 de
2121 682 2179 706 om·v

1300 714 1386 746 nibus
1398 717 1501 749 viduis
1514 730 1523 760 3
1551 724 1624 753 Haec
1638 720 1708 751 vero
1719 719 1757 750 de
1782 720 1950 759 Diacomffis
1971 729 2107 753 tantum.
2136 721 2177 753 11-

1296 764 1327 795 la
1335 765 1530 805 probibentur
1549 767 1685 800 Monacbi
1709 769 1744 801 (5
1757 769 1862 801 Clerici
1877 772 2042 811 quidquam
2067 782 2104 804 ex
2115 782 2178 803 mu-

1296 813 1380 847 lieris
1391 817 1520 857 alicujus
1531 817 1613 850 bonis
1624 827 1677 850 aut
1689 818 1845 851 donatione
1868 829 1923 852 aut
1942 820 2052 853 ultima
2073 822 2175 854 volun-

1296 871 1361 897 tate
1371 864 1501 908 consequi
1512 879 1521 909 3
1549 867 1605 900 bac
1616 870 1687 901 vero
1698 875 1790 901 etiam
1807 867 1940 909 Ecclefiae
1954 893 1966 910 ‚
1990 876 2083 903 etiam
2088 878 2167 911 pau-

1291 914 1409 954 peribus
1421 927 1460 949 ex
1470 918 1577 950 ultima
1591 919 1764 960 Diaconiffae
1776 919 1933 952 voluntate
1941 921 2079 960 capiendi
2091 944 2100 959 ,
2121 922 2174 960 ius

1293 964 1437 998 adimitur
1448 990 1456 998 .
1484 967 1544 1000 Illa
1560 968 1694 1001 relidam
1708 968 1820 1002 clerico
1833 970 1884 1002 vel
1906 968 2049 1002 Monacbo
2069 971 2089 1002 ἃ
2111 981 2172 1002 mu-

352 1018 450 1045 rimus
464 1018 542 1044 inter
554 1020 680 1043 matrem
694 1012 726 1044 <5
736 1012 865 1043 liberos?
893 1011 970 1043 Hoc
981 1012 1025 1044 est
1036 1035 1046 1051 ,
1073 1011 1152 1053 quid
1166 1023 1227 1059 nos
1291 1014 1360 1046 ltere
1368 1017 1509 1049 caducum
1517 1016 1575 1059 fit,
1598 1015 1652 1060 scu
1663 1024 1695 1051 in
1701 1016 1805 1060 fiscum
1815 1020 1898 1052 cadit
1915 1031 1924 1062 ;
1952 1019 2008 1052 bac
2020 1022 2090 1053 vero
2107 1026 2173 1052 inu-

352 1063 475 1096 Clerici
496 1071 550 1096 aut
573 1060 738 1095 Monachi
763 1071 922 1095 venamur
949 1060 1044 1094 nobis
1065 1061 1169 1105 legata
1190 1063 1225 1096 ἀ
1290 1063 1525 1098 ηΙὶιενηΙὶθιιηι
1541 1067 1667 1107 jubetur
1690 1070 1741 1110 esJe
1761 1076 1817 1110 pro
1839 1081 1898 1102 mm
1917 1068 2029 1112 scripto
2042 1093 2054 1110 ,
2079 1071 2114 1103 6
2129 1068 2171 1110 fic

350 1110 564 1147 Testamenta
578 1113 800 1156 Agapetarum
814 1111 830 1143 ?
856 1111 889 1145 Si
901 1110 977 1154 quid
991 1112 1118 1155 pietatis
1141 1112 1224 1146 tiru-
1290 1111 1458 1148 haeredibus
1468 1116 1697 1160 quibuscumque
1710 1143 1720 1158 ,
1747 1122 1805 1152 imo
1817 1119 1864 1152 bis
1881 1118 2082 1161 deficientibus
2097 1143 2108 1159 ,
2135 1121 2169 1152 <9⁶

348 1160 384 1194 lo
396 1164 541 1207 legatum
551 1162 653 1197 velint
666 1185 677 1201 ‚
698 1161 811 1205 legent
825 1160 975 1194 Ecclefiae
987 1185 994 1192 .
1023 1160 1124 1207 Qod
1139 1172 1222 1196 nem-

346 1215 387 1257 pe
404 1214 473 1247 Lex
487 1213 591 1255 ipsum
605 1222 672 1244 non
687 1219 806 1243 vetaret
817 1234 824 1241 .
853 1210 964 1255 Qare
975 1212 1056 1244 reste
1068 1212 1108 1244 ad
1120 1212 1220 1255 ipsam

342 1264 457 1298 scribit
469 1261 608 1305 Jacobus
621 1257 844 1294 Gothofredus
859 1271 870 1291 .·
897 1261 1036 1295 Mulieres
1046 1261 1220 1302 Ecclefiasti-

344 1320 388 1348 cis
410 1316 444 1350 ό·
466 1310 697 1346 Contineniibus
718 1311 838 1351 aliquid
856 1309 966 1343 donare
986 1313 1038 1343 vel
1056 1314 1219 1353 relinquere

343 1364 402 1398 bac
415 1367 492 1411 Lege
508 1361 680 1405 prohibetur
690 1384 700 1400 ‚
727 1371 784 1392 non
795 1360 860 1392 ideo
870 1361 1137 1402 tamenprohihnae
1149 1361 1216 1403 ipsis

342 1414 479 1457 Ecclefiis
503 1413 623 1454 aliquid
640 1412 826 1453 relinquere,
850 1410 930 1452 quod
938 1417 1039 1445 tamen
1056 1420 1216 1456 perperam

340 1470 405 1499 vir-i
415 1465 492 1498 doffl
511 1462 643 1496 nonnulli
649 1469 798 1504 putarunt
808 1486 815 1494 .

390 1514 548 1549 Notanda
560 1514 634 1547 sunt
647 1514 679 1547 δε
690 1511 757 1548 haec
771 1512 865 1549 verba
877 1514 983 1549 Sanni
995 1513 1212 1558 Hieronymi,-

337 1575 395 1610 per
418 1563 679 1599 fidei-commissa
702 1564 849 1609 Legibus
871 1565 1060 1600 illudimus.
1088 1566 1211 1601 Adver-

336 1614 410 1648 sum
421 1615 547 1650 easdem
560 1612 684 1648 fraudes
696 1614 821 1659 Legem
834 1616 1030 1659 ampliarunt
1040 1639 1051 1655 ‚
1076 1627 1114 1650 ac
1125 1616 1211 1650 varie

335 1666 553 1700 extenderunt
574 1665 787 1708 Imperatores
809 1663 1065 1700 Valentinianus
1079 1666 1118 1699 ll.
1140 1667 1209 1700 Ma-

334 1715 662 1760 gnusTheodofius,
685 1726 782 1759 atque
807 1715 988 1751 Arcadius.
1018 1717 1055 1749 ln
1084 1716 1157 1749 data
1170 1718 1209 1751 ad

333 1765 521 1800 Tatianum
534 1765 697 1800 Praetorio
706 1785 716 1791 -
728 1764 918 1801 Praefestum
927 1767 1020 1810 'Lege
1032 1767 1180 1800 sanciunt
1197 1791 1208 1807 ‚

333 1826 371 1850 ut
383 1816 480 1850 vidua
503 1815 656 1860 deinceps
682 1816 716 1849 in
740 1816 967 1862 Diaconiffam
989 1816 1207 1851 consecranda

331 1865 447 1901 debeat
460 1867 596 1910 explesse
607 1866 774 1910 sexaginta
784 1878 890 1901 annos
902 1890 913 1907 ‚
941 1868 1019 1901 item
1044 1876 1080 1900 ut
1104 1876 1208 1910 neque

329 1927 373 1950 cx
386 1917 631 1957 immobilibus,
659 1927 764 1960 neque
785 1928 826 1950 ex
850 1916 1009 1959 primariis
1029 1916 1207 1950 mobilibus

329 1965 429 2001 bonis
441 1967 535 2011 possit
546 1967 715 2010 quidpiam
726 1967 866 2000 alienare
876 1991 886 2006 ‚
898 1975 994 2011 atque
1007 1967 1201 2011 adjungunt:

329 2022 370 2051 Ac
381 2016 537 2059 siquando
549 2017 626 2050 diem
649 2016 753 2056 objerlt
765 2038 775 2053 ,
801 2017 915 2049 nullam
937 2016 1113 2056 Ecclefiam,
1143 2018 1207 2048 nul·

328 2068 388 2101 lum
401 2069 565 2104 clericum,
592 2066 704 2098 nullum
714 2072 876 2105 pauperem
882 2063 1001 2106 scribat
1020 2063 1169 2096 baeredem
1196 2088 1204 2095 .

331 2124 444 2152 careat
455 2127 583 2158 namque
600 2113 715 2157 necesse
735 2114 772 2154 est
795 2114 912 2147 viribus
925 2137 936 2153 ,
956 2113 987 2154 fi
1004 2115 1081 2155 quid
1103 2122 1205 2145 contra

331 2173 459 2201 vetitum
468 2164 546 2198 circu
553 2165 698 2208 personas
714 2163 883 2206 specialner
904 2161 1127 2206 comprehensas
1139 2163 1205 2203 fue-

330 2224 374 2253 rit
388 2220 407 2249 ᾶ
420 2222 559 2249 moriente
570 2215 731 2256 confei‘Ium
743 2239 751 2245 .
775 2218 837 2247 Ima
844 2214 873 2255 fi
882 2216 957 2257 quid
967 2213 1006 2246 ab
1017 2213 1064 2246 bis
1079 2220 1203 2245 morien·

332 2274 358 2302 ti
369 2266 468 2308 ficerit
478 2274 625 2299 extortum
641 2289 651 2304 ,
679 2276 729 2297 nec
749 2270 836 2298 tacito
852 2264 1063 2306 fideicommiffo
1086 2263 1204 2305 aliquid

331 2319 456 2352 clericis
468 2323 500 2349 in
506 2316 654 2357 fraudem
677 2315 855 2348 venerabilis
878 2315 1046 2347 sanationis
1058 2338 1069 2353 ,
1094 2314 1203 2346 callida

331 2377 418 2408 arte,
445 2377 498 2401 aut
503 2365 644 2409 probrosa
653 2363 816 2407 cujuspiam
837 2364 1023 2398 conbibtmia
1044 2363 1178 2405 defertur
1191 2387 1203 2403 ,

330 2421 362 2450 E
365 2429 479 2451 xtorres
485 2417 546 2457 sint
557 2418 595 2450 ab
606 2417 741 2449 omnibus
754 2441 765 2457 ,
790 2415 894 2458 quibus
918 2415 1106 2448 inhiaverint
1119 2437 1129 2453 ,
1155 2413 1202 2446 bo·

329 2468 400 2501 m's.
425 2466 505 2509 Etfi
514 2469 590 2510 quid
601 2467 685 2508 forte*
700 2475 756 2509 per
776 2466 937 2508 Epistolam
951 2490 961 2506 ‚
987 2465 1162 2497 codicillum
1190 2487 1201 2503 ,

330 2520 538 2558 donationem,
566 2518 791 2557 testamentum,
818 2517 947 2558 quolibet
968 2517 1097 2557 denique
1123 2515 1196 2546 deie-

324 2573 411 2612 gitur
417 2579 542 2611 genere,
571 2567 762 2611 conscriptum
783 2578 853 2610 erga
873 2578 941 2605 eos,
966 2578 1037 2608 quos
1050 2565 1105 2597 hac
1128 2565 1202 2596 san-

329 2618 423 2650 e‘lione
432 2616 654 2661 submovimus,
683 2618 717 2651 id
727 2629 778 2652 nec
789 2622 822 2649 in
825 2617 1165 2661 judicum-devocetur
1190 2636 1200 2652 ‚

325 2666 381 2710 sed
391 2668 486 2701 velex
505 2668 638 2708 intestato
648 2673 695 2706 is,
722 2674 772 2710 qui
777 2666 835 2707 fibi
846 2676 1005 2708 competere
1024 2666 1160 2706 intelligit
1186 2687 1197 2703 ,

322 2717 422 2758 stabili
434 2717 522 2758 hujus
533 2720 699 2762 definitione
705 2716 845 2760 succedat
855 2741 862 2748 .
891 2718 973 2750 Haec
988 2717 1057 2750 Lex
1069 2714 1199 2758 quibus-

326 2767 402 2801 dam
417 2768 568 2802 videtura
583 2769 680 2811 priori
690 2768 752 2801 esse
767 2767 939 2808 disparata.
971 2766 1104 2800 Etenim
1128 2774 1197 2797 non

324 2818 367 2852 de
392 2817 552 2862 Agapetis
574 2816 708 2858 stituit,
733 2815 786 2851 sed
809 2816 849 2849 de
876 2816 1088 2850 Diaconiffis:
1119 2824 1198 2858 quas

326 2867 411 2901 inter
422 2868 466 2901 est
481 2868 583 2902 multa
595 2867 774 2902 differentia
788 2891 795 2898 .
820 2865 1009 2899 Diaconisia
1020 2865 1107 2898 enim
1129 2864 1197 2907 pos·

326 2917 363 2950 fit
375 2919 435 2950 esse
447 2919 478 2951 &
491 2930 556 2952 non
569 2919 632 2953 effe
644 2918 809 2963 Agapeta:
840 2915 918 2949 item
932 2914 1048 2948 habere
1071 2915 1105 2947 ὅ(
1129 2925 1195 2946 non

326 2966 442 3001 habere
460 2968 662 3011 Agapetum.
692 2964 821 3002 Deinde
843 2964 910 2998 haec
931 2964 1002 2998 Lex
1022 2976 1087 2997 non
1112 2964 1197 2996 solos

326 3016 473 3051 Clericos
483 3019 626 3052 excludit
637 3044 647 3059 ,
676 3018 728 3052 sed
741 3017 869 3058 insuper
882 3015 1055 3048 Ecclesiam
1068 3014 1100 3046 ὅ(
1115 3025 1195 3055 pau-

325 3077 432 3113 peres.
454 3068 556 3114 Qod
571 3069 683 3112 nempe
694 3069 827 3111 quidam
848 3066 969 3099 Clerici
993 3064 1111 3097 horum
1137 3075 1193 3097 no·

323 3120 414 3154 mine
438 3117 634 3152 haereditates
656 3129 862 3152 venarentur.
892 3116 935 3149 Et
958 3126 1026 3148 non
1048 3113 1193 3147 excludit

323 3166 529 3204 Monachos.
561 3167 757 3211 Respondeo
770 3168 874 3210 Leges
886 3165 943 3199 has
955 3176 1022 3199 non
1044 3166 1105 3196 esse
1129 3163 1191 3196 dis·

321 3229 446 3264 paratas
456 3231 467 3251 .·
494 3217 639 3251 Priorem
654 3229 707 3260 per
719 3216 804 3250 hanc
817 3215 1009 3259 ampliari&
1020 3213 1153 3247 extendi
1184 3238 1192 3246 .

322 3271 360 3304 In
373 3269 501 3304 duobus
516 3267 673 3301 Articulis
683 3292 690 3299 .
718 3267 825 3300 Prima
836 3265 979 3299 extensio
989 3264 1033 3298 est
1046 3262 1086 3295 ad
1100 3264 1190 3305 quas-

321 3320 370 3354 vis
381 3319 605 3354 Diaconisl'as.
636 3316 765 3351 Etenim
778 3318 809 3350 &
823 3315 889 3355 hae,
918 3314 994 3348 licet
1018 3312 1188 3357 agapetico
1208 3311 1209 3316 ’

321 3368 520 3403 commercio
533 3379 599 3401 non
612 3367 887 3409 obstringerentur
897 3390 907 3405 ‚
933 3374 1025 3399 erant
1035 3361 1188 3398 obnoxiae

321 3418 441 3453 dolosis
459 3419 663 3453 Clericorum
682 3415 1041 3458 circumscriptionibus
1067 3437 1074 3445 .
1111 3411 1186 3446 Hac

320 3467 362 3504 de
374 3470 467 3503 causa
481 3469 552 3505 Lex
568 3479 635 3503 non
658 3466 803 3510 loquitur
825 3464 865 3499 de
887 3463 1082 3499 Monachis.
1110 3462 1186 3496 Ete-

1287 1164 1442 1206 legatariis
1457 1167 1490 1199 <y
1500 1166 1789 1209 fidei-commiffariis
1799 1170 1916 1211 proficit
1929 1194 1940 1211 ,
1961 1169 2013 1212 siu
2026 1171 2170 1211 relinqui-

1286 1222 1354 1245 tur.
1381 1215 1625 1260 ‚Quodfingulare
1638 1219 1797 1251 admodum
1810 1219 1847 1258 est
1862 1231 1869 1251 ε
1895 1229 1928 1253 ut
1941 1219 1994 1252 hac
2008 1222 2094 1253 velut
2115 1231 2170 1252 au-

1285 1263 1467 1297 thoramento
1470 1265 1636 1306 fraudibus
1651 1267 1771 1301 obviem
1794 1275 1904 1302 iretur.
1934 1271 2012 1303 Ci‘tm
2034 1271 2167 1310 alioquin

1284 1325 1429 1349 commune
1439 1313 1489 1349 boc
1495 1314 1532 1358 sit
1543 1322 1658 1360 utrique
1670 1322 1743 1361 Legi
1755 1343 1766 1358 ,
1785 1328 1820 1352 ut
1832 1324 1934 1352 tacitis
1952 1317 2168 1361 fidei-commis:

1277 1364 1316 1406 fis
1337 1372 1369 1398 in
1387 1365 1532 1407 fraudem
1556 1371 1672 1412 Legis,
1698 1378 1842 1411 quantum
1859 1367 1952 1410 potest
1976 1392 1987 1408 ,
2013 1375 2164 1401 occurrat.

1282 1415 1401 1450 Miscet
1426 1427 1497 1451 vera
1520 1418 1619 1451 falsis.
1647 1418 1784 1452 Penitus
1806 1418 1923 1452 falsum
1945 1418 1989 1451 est
2015 1441 2026 1458 ,
2073 1418 2165 1461 quod

1282 1465 1381 1500 Primi
1396 1466 1624 1501 Valentiniani
1639 1468 1709 1501 Lex
1723 1469 1861 1501 sanxerit
1873 1468 1914 1501 de
1927 1468 2083 1501 omnibus
2096 1478 2163 1501 mu-

1280 1515 1435 1557 lieribus,
1463 1517 1702 1561 ideoque&de
1726 1518 1854 1552 cunetis
1874 1517 1997 1550 viduis.
2025 1518 2162 1551 Etenim

1279 1566 1393 1600 diserte
1406 1568 1472 1610 ipsa
1486 1568 1567 1601 dicit
1588 1569 1619 1602 se
1640 1566 1760 1601 sancire
1772 1567 1806 1601 in
1832 1568 1914 1601 solas
1927 1568 2041 1601 viduas
2052 1578 2090 1600 ac
2103 1579 2161 1610 pu-

1279 1616 1390 1660 pillas.
1420 1617 1536 1651 Necin
1548 1627 1687 1658 omnes,
1714 1618 1814 1651 sedin
1837 1617 1921 1651 solas
1944 1617 2019 1651 istas
2043 1641 2055 1658 ,
2080 1619 2159 1661 qui·-

1279 1667 1335 1701 bus
1347 1667 1614 1708 sequisClericus
1625 1678 1681 1711 aut
1707 1666 1896 1701 Monachus
1919 1667 2071 1710 privatim
2098 1665 2160 1700 sub

1278 1717 1447 1761 religionis
1475 1728 1626 1761 praetextu
1646 1718 1872 1760 conjunxerit.
1905 1718 1984 1751 Hoc
2011 1716 2084 1757 est,
2120 1716 2159 1751 in

1279 1768 1360 1801 solas
1373 1778 1543 1811 agapetas.
1571 1768 1656 1802 Side
1669 1768 1791 1801 cunetis
1801 1768 1983 1812 generatim
2015 1766 2160 1801 mulieri-

1277 1816 1334 1851 bus
1347 1816 1416 1851 Lex
1428 1818 1576 1852 sanxiffet
1588 1842 1599 1857 ,
1626 1829 1694 1851 non
1709 1828 1777 1851 erat
1791 1816 1917 1852 necesse
1930 1816 2032 1860 ipsam
2046 1826 2158 1850 exten-

1275 1867 1311 1900 di
1322 1868 1362 1900 ad
1376 1868 1600 1902 Diaconiflas.
1631 1868 1741 1902 Etiam
1755 1868 1842 1911 quod
1858 1869 1984 1901 Dostor
1999 1867 2054 1899 ille
2065 1866 2107 1900 de
2119 1867 2157 1900 fi-

1276 1917 1514 1951 dei-commisso
1527 1917 1625 1952 docet
1636 1943 1647 1958 ‚
1675 1930 1744 1952 non
1760 1918 1803 1952 est
1818 1918 1912 1961 plene
1926 1927 2037 1950 verum
2047 1940 2056 1947 .

1325 1968 1378 2001 De
1389 1965 1448 2001 hac
1459 1968 1625 2009 posteriori
1641 1969 1730 2012 Lege
1744 1969 1814 2010 pius
1835 1967 2013 2011 Imperator
2037 1964 2157 2003 Theoq

1276 2015 1384 2048 dofius
1394 2016 1500 2049 statim
1513 2017 1642 2050 erubuit
1654 2041 1665 2055 ‚
1691 2018 1832 2059 ideoque
1844 2017 1945 2060 ipsam
1969 2014 2155 2050 circumdu-

1276 2063 1324 2096 xit
1338 2088 1348 2104 ,
1372 2075 1428 2098 aut
1441 2065 1515 2098 sane
1528 2065 1705 2108 plurimum
1725 2065 1889 2099 castravit.
1921 2066 1993 2099 Lex
2015 2065 2091 2099 data
2104 2064 2154 2099 est

1276 2114 1482 2155 Mediolani,
1509 2115 1613 2158 quarti
1627 2114 1804 2149 Christiani
1814 2115 1919 2149 saeculi
1932 2125 2023 2149 anno
2043 2125 2152 2148 nona-

1273 2164 1414 2206 gesimo,
1452 2165 1630 2198 undecimo
1657 2164 1823 2199 Kalendas
1844 2165 1963 2208 Julias.
2004 2165 2052 2198 At
2075 2164 2153 2198 verd

1272 2216 1416 2256 optimus
1431 2214 1454 2247 P
1465 2216 1587 2256 rinceps
1598 2213 1709 2247 eodem
1734 2225 1823 2248 anno
1836 2239 1848 2258 ‚
1873 2214 2003 2248 decimo
2028 2213 2153 2248 Kalen-

1272 2264 1326 2296 das
1338 2263 1553 2307 Septembris,
1583 2263 1724 2297 Veronae
1735 2264 1775 2298 ad
1802 2264 1947 2297 eundem
1970 2264 2150 2297 Praetorio-

1272 2313 1463 2347 Praefectum
1475 2313 1660 2347 Tatianum
1673 2314 1790 2356 scripfit
1817 2313 1901 2346 banc
1914 2314 2061 2357 Legem:
2091 2315 2150 2347 Le-

1265 2374 1333 2407 gem
1347 2388 1358 2404 ,
1383 2375 1450 2406 quae
1468 2365 1633 2403 Diaconiffis
1646 2365 1698 2396 vel
1706 2363 1805 2396 viduis
1817 2372 1910 2405 nuper
1919 2363 1958 2403 est
1967 2363 2148 2407 promulga-

1270 2423 1303 2445 ta
1315 2437 1326 2453 ‚
1353 2419 1467 2456 nequis
1491 2415 1626 2447 videlicet
1650 2414 1781 2446 Clericus
1794 2437 1806 2453 ,
1832 2415 1909 2446 neve
1924 2411 1982 2455 sub
2010 2412 2147 2454 Ecclefiae

1269 2469 1384 2497 nomine
1405 2470 1555 2505 mancipia
1573 2485 1583 2501 ,
1605 2461 1810 2506 supelleblilem
1833 2487 1844 2503 ,
1866 2465 1989 2505 praedia
2013 2484 2024 2501 ‚
2060 2465 2146 2496 velue

1266 2512 1378 2554 infirmi
1393 2512 1482 2556 sexus
1508 2512 1681 2556 despoliatur
1694 2538 1704 2552 ,
1731 2514 1891 2546 invaderet
1914 2537 1925 2553 ‚
1963 2514 1998 2546 Θ·
2023 2519 2146 2546 remotis

1266 2564 1402 2604 affinibus
1415 2565 1637 2605 &propinquis
1653 2586 1664 2602 ‚
1689 2562 1751 2606 ipse
1758 2562 1814 2606 sub
1832 2570 1985 2604 praetextu
2008 2561 2146 2595 carboli·

1265 2623 1306 2646 cae
1317 2611 1481 2656 disciplina·
1490 2612 1522 2656 fir
1533 2623 1630 2656 ageret
1657 2618 1792 2646 viventis
1817 2612 1966 2646 baerddem
1977 2635 1988 2651 ‚
2012 2621 2144 2646 eatenus·

1265 2664 1494 2697 animadvertat
1506 2665 1555 2706 effe
1565 2671 1735 2697 revocatam
1745 2688 1754 2704 ,
1780 2671 1813 2695 ut
1824 2664 1862 2695 de
1874 2668 2001 2694 omnium
2012 2661 2143 2704 carthis,

1262 2712 1287 2753 fi
1287 2715 1357 2751 jam
1369 2722 1439 2746 nota
1450 2713 1503 2754 est,
1530 2713 1688 2754 auferatur
1700 2737 1711 2752 ,
1738 2723 1829 2754 neque
1843 2710 1997 2754 quisquam
2009 2721 2061 2744 aut
2074 2713 2140 2744 liti-

1257 2772 1345 2806 gator
1354 2775 1390 2797 ea
1404 2762 1459 2805 fibi
1480 2765 1642 2802 urendum,
1667 2764 1832 2808 autJudex
1853 2767 1970 2795 noverit
1990 2771 2137 2802 exequen-

1262 2815 1334 2845 dam
1346 2838 1353 2845 .
1381 2813 1533 2847 Praefatus
1567 2811 1793 2848 Gothofredus
1830 2812 1949 2846 refutat
1983 2821 2098 2844 vocem
2125 2835 2140 2852 ‚

1264 2864 1413 2903 Praedia,
1438 2865 1470 2897 ὅ(
1495 2863 1657 2897 substituit
1679 2873 1790 2896 vocem
1806 2885 1818 2901 ,
1844 2862 2005 2894 Praedam.
2035 2859 2136 2894 Nem-

1263 2924 1300 2955 pe
1311 2912 1436 2957 Legem
1449 2914 1555 2957 quoad
1568 2911 1753 2946 immobiles
1766 2911 1969 2955 posseffiones
1981 2910 2051 2943 vult
2066 2922 2135 2944 non

1260 2964 1322 2995 effe
1332 2973 1544 3005 temperatam
1557 2988 1574 2995 ,κ
1595 2962 1719 2995 Verum
1733 2960 1879 3004 pessime.
1908 2961 2039 2994 Etenim
2055 2970 2135 3000 vox,

1263 3014 1403 3045 Praedam
1416 3013 1540 3046 nullum
1555 3012 1660 3047 reddit
1673 3012 1798 3045 sensum
1812 3035 1819 3041 .
1847 3010 1942 3043 Prior
1965 3010 2037 3043 Lex
2064 3010 2135 3043 san-

1260 3073 1347 3095 xerat
1362 3063 1472 3105 plura.
1500 3060 1630 3103 Primo,
1658 3071 1694 3095 ut
1704 3061 1831 3094 nullum
1853 3059 2005 3103 praedium
2027 3060 2134 3093 foemi-

1261 3112 1639 3146 naistiusrnodialienare
1651 3114 1751 3154 posset
1772 3110 1821 3143 vel
1844 3110 2025 3144 donatione
2046 3109 2134 3143 inter

1259 3163 1370 3202 vivos,
1399 3163 1451 3196 vel
1463 3162 1761 3203 extremojudicio.
1789 3159 1941 3194 Secundo
1954 3183 1965 3199 ‚
1993 3168 2028 3193 ut
2040 3169 2132 3192 utro-

1257 3223 1320 3254 que
1331 3211 1432 3245 modo
1453 3211 1659 3255 liberepoffet
1682 3211 1852 3253 disponere
1875 3208 1914 3243 de
1937 3210 2129 3252 praediorum

1255 3262 1426 3295 fructibus.
1453 3262 1593 3301 Tertio,
1622 3261 1765 3294 utetiam
1784 3258 1868 3292 nihil
1890 3260 2032 3293 alienare
2055 3259 2126 3301 pos-

1255 3313 1301 3344 set
1324 3311 1364 3344 de
1386 3311 1582 3348 monilibus,
1608 3310 1825 3353 supellectile,
1850 3320 1948 3349 auro,
1975 3319 2125 3353 argento,

1253 3361 1433 3403 caeterisque
1444 3361 1535 3394 clarae
1547 3361 1665 3395 domus
1690 3359 1885 3403 insignibus.
1914 3358 1981 3392 Sub
2003 3357 2124 3400 quibus

1253 3411 1386 3456 praesens
1397 3411 1467 3444 Lex
1480 3408 1727 3453 comprehendit
1736 3410 1768 3442 &
1782 3409 1946 3453 mancipia
1955 3432 1964 3439 .
1989 3406 2121 3452 Qarto

1253 3472 1287 3498 ut
1311 3471 1371 3496 nec
1390 3460 1450 3494 ulli
1472 3460 1623 3502 clerico,
1645 3469 1704 3495 nec
1718 3459 1887 3503 Ecclesiae,
1911 3466 1971 3492 nec
1997 3464 2122 3540 pgupen'

1986 3516 2012 3540 rr
2039 3515 2075 3541 us

2164 2342 2241 2388 Cap.
2256 2341 2315 2383 28,

2350 3335 2356 3343 τ
2357 3306 2360 3309 -
2346 3052 2366 3291 -antame'e-
2342 2879 2366 3041 maza-„his
2358 2855 2366 2867 ,³
