2366 3736
162 655 171 661 “
231 668 307 698 quas
325 658 423 689 variis
438 657 597 697 Scriptura
617 656 687 687 locis
700 662 830 688 intentat
853 657 932 686 Deus
944 657 1045 694 impiis
1072 652 1107 684 <b

67 2923 103 2956 ln
133 2923 192 2958 Pa,

67 2973 152 3017 aopi.

819 134 889 165 AD
923 116 1253 162 mannicum
1288 117 1503 164 Nokts.

233 218 284 241 um
309 212 403 242 animi
410 207 484 250 sunt
498 210 543 240 ita
552 198 697 248 constituti
710 230 721 246 ,
733 212 766 238 ut
781 216 819 239 ex
831 215 927 238 amore
939 206 992 236 Dei
1011 199 1104 242 refipi·

229 256 375 300 scentiam
395 258 428 290 o·
440 258 651 300 conversionem
670 255 862 297 auspicentur
874 279 883 294 ,
907 250 1053 301 magisque
1073 248 1105 290 se

235 308 356 351 peceaffe
366 308 484 340 doleant
494 332 504 348 ,
517 311 549 343 ιό
561 308 642 350 qubd
652 309 745 338 Deum
763 310 894 346 peccatis
902 302 964 346 suis
976 301 1105 341 offende-

231 362 297 392 rint
308 381 318 398 ,
337 369 428 400 quam
437 360 518 399 quod
533 357 712 401 supplicium
719 353 928 397 pertimescant
941 378 947 385 .
974 355 1031 382 Hoc
1043 357 1105 384 ira-

233 418 291 450 que
301 420 402 440 rarum
424 407 637 449 &infrequens
649 404 686 444 est
699 403 889 445 converfionis
900 405 934 437 (π’
950 407 1105 444 peoniten-

231 463 287 492 tiae
291 469 400 501 genus,
413 470 447 491 ea
459 453 555 490 autem
568 454 746 496 ufitatifflma
756 461 833 487 ratio
844 455 881 494 est
894 456 1105 485 Paenitentiam

229 506 283 550 seu
308 511 522 540 Contritionem
533 504 684 538 obtinendi
697 530 707 544 ‚
723 515 755 537 ut
763 503 839 546 serio
851 509 915 546 quis
933 502 1105 544 perpendat

235 558 453 590 multitudinem
463 557 496 589 o·
508 561 712 588 enormitatem
718 553 835 597 suorum
844 562 934 595 pecca
940 562 1034 585 torum
1045 575 1055 591 ‚
1073 552 1106 583 (θ’

228 607 315 649 fimul
334 612 367 639 in
377 611 545 638 memoriam
558 604 614 645 sibi
635 607 753 648 redigat
776 610 875 637 minat
894 603 1081 649 graviffimas
1095 625 1106 641 ,

226 705 428 750 peccatoribus
442 730 449 737 .
461 704 632 746 Confiderat
645 716 753 747 quoque
765 702 903 747 severum
913 704 988 736 illud
995 704 1028 735 <5
1035 700 1105 743 for-

229 754 370 791 midabile
385 759 441 789 Dei
444 759 477 800 J
480 756 606 788 udicium
617 779 627 794 ‚
646 766 722 797 quas
732 755 924 787 calamitates
936 754 970 786 Θ
983 759 1105 784 terrores

227 810 316 847 impii
325 809 358 837 in
367 803 432 847 suis
440 803 571 848 sentient
582 803 772 847 conscientiis,
783 803 834 836 ubi
846 803 992 836 terribilis
1006 802 1059 834 illa
1074 802 1107 834 <⁶1

230 854 430 889 irrevocabilis
444 854 557 895 Christi
575 854 724 898 sententia
746 859 778 886 in
791 865 838 886 eos
849 853 947 894 fuerit
965 852 1106 893 prolataz

229 905 315 938 ITE
341 904 617 939 MA-LEchi
653 903 719 936 IN*5
742 903 901 937 IGNEM
942 901 1106 935 AETER-

230 954 353 990 NUM
365 979 376 994 ‚
398 954 494 1001 QJI
515 952 752 988 PARATUS
781 952 869 986 EST
894 951 1109 986 DlABoLO

230 1004 300 1038 ΕΤ
322 1003 529 1037 ANGELIS
550 1002 686 1037 EIUS.
708 1005 762 1035 Ex
775 1001 943 1045 hujusmodi
953 1001 1111 1044 considera·

229 1060 310 1090 tione
330 1058 432 1095 utique
442 1052 625 1096 neceffarium
643 1051 681 1092 est
694 1058 827 1086 timorem
848 1058 882 1086 in
893 1057 1003 1085 animis
1022 1051 1111 1084 bomi-

231 1115 303 1138 num
313 1101 434 1145 infistere
448 1114 456 1135 z
470 1107 495 1135 A
506 1108 611 1136 timore
628 1112 730 1136 autem
742 1109 904 1145 concipitur
917 1105 1112 1139 Paenitentia,

230 1161 266 1189 ut
281 1152 457 1196 Augustinus
469 1158 514 1186 ait
525 1178 532 1185 .
547 1155 594 1186 Et
601 1151 724 1195 sapiens
739 1159 837 1195 inquit
859 1167 870 1186 :
892 1151 985 1199 QUI
1007 1151 1114 1186 SINE

230 1202 431 1238 TIMORE
444 1202 552 1244 EST,
565 1203 670 1237 NON
683 1202 875 1238 POTEST
887 1227 898 1243 ,
919 1201 1114 1246 JUSTlFI·

234 1253 354 1288 CARI
365 1277 372 1285 .
385 1253 535 1286 caeterum
546 1251 593 1285 bic
603 1257 753 1295 timor3qui
766 1265 804 1286 ex
811 1261 995 1294 peccatorum
1004 1254 1037 1286 (5
1045 1250 1117 1295 sup·

229 1304 317 1346 plicii
341 1301 564 1344 consideratione
587 1302 726 1335 hauritur
739 1327 750 1343 ,
773 1304 897 1336 necdum
919 1302 957 1342 ιβ
970 1313 1044 1335 vera
1063 1301 1116 1332 illa

235 1358 384 1388 contritio
397 1377 406 1394 ,
417 1364 485 1395 quae
503 1356 565 1386 Deo
575 1362 695 1394 accepta
707 1353 744 1392 ιβ
756 1378 767 1393 ,
790 1354 824 1386 Θ
836 1363 897 1395 qua
909 1353 951 1384 ad
960 1350 1117 1394 misericor·

235 1405 321 1437 diam
332 1411 525 1436 commovetur
540 1426 550 1442 ‚
564 1414 687 1444 quaeque
699 1409 843 1443 impetrat
853 1403 1039 1442 remifflonem
1045 1408 1118 1441 pec·-

235 1463 370 1488 catorum
380 1477 387 1484 .
416 1451 620 1485 Nihilomim'as
634 1460 736 1484 tamen
747 1451 784 1487 ιβ
794 1450 886 1490 instar
897 1449 1023 1486 ministri
1036 1460 1118 1482 verae
1138 1458 1140 1460 '

234 1507 434 1536 Contritionis
443 1521 454 1540 ‚
476 1502 576 1543 utpote*
598 1502 644 1533 ad
662 1512 768 1534 veram
786 1503 998 1534 Paenitentiam
1022 1497 1118 1542 deser-

235 1559 326 1587 viens
339 1563 373 1585 ac
380 1552 548 1594 perducent
563 1575 570 1582 .
598 1555 683 1583 Nam
694 1550 742 1583 bic
748 1550 873 1593 servilis
889 1556 978 1583 timor
984 1549 1119 1592 primum

234 1608 372 1645 reprimit
394 1607 426 1634 in
450 1601 530 1634 nobis
543 1609 666 1642 peccata
679 1625 688 1640 ‚
705 1600 842 1642 facitque
853 1600 956 1643 ceffare
967 1602 988 1631 ἃ
1006 1604 1095 1632 vitiis
1108 1621 1119 1637 ,

233 1659 290 1697 qui
310 1652 348 1693 ιβ
364 1653 481 1696 gradus
492 1652 538 1687 ad
556 1661 661 1684 veram
673 1654 887 1684 Poenitentiam
914 1651 948 1683 (v
960 1652 1116 1684 contritio·

234 1714 323 1744 nem.
342 1702 394 1735 Ex
406 1701 510 1735 servili
522 1700 642 1734 timore
653 1701 700 1734 ait
713 1699 844 1734 tandem
856 1699 987 1743 concipi
999 1697 1039 1731 de
1051 1708 1119 1741 pec-

233 1753 318 1788 catis
331 1748 478 1785 dolorem
489 1751 522 1784 &
538 1751 640 1795 pergit
655 1763 661 1782 :
675 1754 741 1783 Nec
752 1752 821 1790 jam
826 1749 922 1792 solum
933 1761 968 1782 ea
980 1750 1018 1782 de
1030 1745 1117 1790 caus—

233 1802 273 1848 sa
297 1803 373 1835 dolet
384 1826 395 1842 ,
417 1803 498 1842 quod
504 1809 625 1842 poenam
642 1801 791 1842 peccando
817 1804 1020 1832 commeruerit
1037 1821 1048 1837 ,
1065 1796 1122 1840 sed

236 1854 330 1886 multo
342 1857 436 1894 magis
449 1861 480 1883 eo
496 1856 612 1883 nomine
625 1874 636 1889 ‚
659 1851 742 1892 quod
753 1852 847 1882 Deum
859 1846 1016 1888 offenderit
1032 1871 1039 1880 .
1063 1851 1120 1879 Im-

238 1905 286 1935 mo
293 1903 361 1942 jam
372 1902 408 1935 de
417 1908 510 1942 poena
525 1902 676 1942 tantopere*
682 1899 812 1942 solicitus
825 1907 883 1931 non
896 1898 934 1937 ιβ
945 1923 955 1938 ,
971 1899 1033 1931 cum
1043 1898 1122 1930 ultr&

235 1950 270 1996 Je
280 1950 419 1986 obtulerit
432 1951 476 1983 ad
495 1950 676 1991 perferenda
688 1961 756 1993 quae
768 1948 822 1990 ipſs
829 1952 911 1982 Deus
926 1951 1120 1990 propeccatis

239 1998 420 2043 imposuerit,
429 2001 549 2035 tantum
558 1999 736 2041 utfavorem
749 2001 782 2032 Θ
792 2003 954 2032 amicitiam
967 2000 1023 2031 Dei
1035 2005 1122 2040 queat

240 2058 432 2093 recuperare.
460 2053 555 2092 Atque
568 2049 615 2082 bic
627 2049 664 2090 est
674 2061 762 2082 verut
774 2051 808 2082 Θ·
820 2047 915 2089 castus
929 2054 1018 2080 timor
1031 2042 1045 2088 ,¹
1057 2047 1122 2080 ciem

240 2113 278 2136 ex
303 2111 402 2133 amore
416 2103 511 2132 Deum
521 2105 623 2133 timere
634 2104 789 2139 incipimus
805 2123 814 2138 ‚
839 2104 1030 2140 exoriturque
1054 2097 1124 2129 hinc

241 2162 318 2184 vera
328 2151 384 2194 illa
392 2154 553 2189 contritio,
562 2162 652 2192 quam
670 2153 748 2183 Deus
761 2149 828 2181 vult
841 2150 940 2181 valere
949 2150 994 2180 ad
1003 2152 1123 2180 veniam

235 2209 423 2243 peccatorum
434 2224 441 2231 .
467 2199 588 2234 Veram
600 2199 845 2233 Contririonem
863 2198 930 2231 fine
952 2197 1036 2230 casta
1058 2197 1122 2230 Dei

238 2250 417 2284 dilectione
431 2250 493 2283 effe
506 2259 573 2282 non
586 2249 687 2292 poffe,
699 2250 732 2289 ὃς
744 2247 828 2282 hanc
838 2258 879 2281 ex
892 2247 998 2281 servili
1016 2255 1122 2286 metu,

238 2301 273 2340 &
282 2300 354 2333 aliis
362 2298 521 2342 ejusmodi
531 2297 711 2335 humilibus
720 2296 1042 2335 obstetricationibus
1052 2297 1123 2340 pos·

243 2350 277 2383 se
289 2348 463 2392 concipi&
475 2350 573 2393 parari
588 2348 738 2382 adfirmat
758 2346 905 2381 adversus
918 2346 1099 2381 Lutherum
1112 2370 1122 2385 ,

243 2399 456 2435 &concludit
481 2412 488 2431 ι
511 2403 593 2431 Hunc
605 2402 801 2435 contritionis
817 2397 982 2430 obtinendae
1006 2397 1123 2427 modum

233 2455 343 2482 'omnes
365 2448 511 2482 Catholici
525 2452 632 2482 Patres
644 2450 839 2481 tradiderunt
850 2472 857 2480 .
882 2447 989 2480 Fuisse
1002 2446 1019 2479 ὲ
1032 2445 1122 2479 Ter-

241 2499 383 2532 tulliano
393 2523 403 2538 ,
427 2498 547 2533 Sanctis
558 2497 676 2531 Basilio
688 2499 721 2531 &
734 2496 973 2539 Chrysostomo
984 2521 995 2537 ‚
1018 2496 1122 2530 immo

243 2548 276 2582 ὅ(
288 2547 587 2591 saniiisProphetis
600 2558 695 2589 atque
711 2546 878 2589 Apostolis
893 2545 1047 2580 traditum
1070 2545 1121 2579 de-

241 2599 400 2631 monstrat
413 2621 423 2636 ‚
443 2598 610 2641 pergitque
622 2597 656 2630 in
668 2595 835 2630 catechesi
847 2596 995 2638 stquenti
1022 2607 1029 2627 :
1055 2596 1121 2627 sola

233 2648 400 2691 formidine
411 2652 514 2681 terreri
523 2647 557 2680 ob
565 2644 799 2688 peccatafurum
809 2644 1073 2689 flagitiosorumque
1083 2644 1121 2684 ιβ

241 2701 482 2741 Penitentia,nec
489 2705 613 2731 meretur
618 2703 751 2740 gratiam
761 2702 812 2728 aut
823 2696 1007 2735 remifflonem
1018 2697 1038 2727 ἃ
1050 2698 1120 2730 Deo.

291 2748 557 2790 Adstipulatur&
570 2743 650 2781 alter
661 2745 857 2781 doffiffimus
867 2756 903 2779 ac
912 2744 1119 2779 sanctissimus

239 2798 445 2832 novellarum
457 2797 541 2840 apud
555 2808 615 2830 nos
626 2795 787 2831 haereseon
800 2795 1034 2834 debellator,ex
1050 2794 1114 2828 Ru-

239 2849 459 2883 remondenfis
479 2847 751 2891 primosecundus
775 2845 996 2880 Gandavenfis
1009 2845 1116 2878 Eccle—

231 2899 287 2931 ’fiae
300 2899 479 2941 Episcopus
494 2922 504 2937 ,
514 2897 712 2931 Guilielmus
725 2896 911 2930 Lindanus:
926 2896 1059 2937 Facessat
1069 2906 1104 2927 no

242 2960 315 2987 vum
327 2949 405 2989 istud
414 2960 501 2981 novae
513 2951 708 2981 Contritionis
718 2946 891 2990 figmentum
904 2972 913 2987 ,
931 2947 1012 2991 quod
1022 2957 1113 2978 meror

240 2998 335 3030 animi
354 3009 479 3032 terrores
493 3001 525 3031 Θ
546 2996 728 3041 confitentia
749 2997 938 3039 carnificinas
959 2994 1091 3038 somniat
1104 3019 1113 3034 ,
1125 3007 1132 3012 ·

242 3047 322 3090 quasi
330 3052 400 3081 vero
412 3047 487 3091 hisce
497 3048 584 3081 rebui
596 3048 768 3090 perficiatur
776 3050 992 3087 contritio‚non
1001 3044 1110 3078 inchoe-

242 3107 292 3132 tur
304 3099 419 3130 tantum
432 3123 438 3130 .
449 3100 553 3140 ,Quare
563 3099 634 3130 dum
647 3096 823 3141 Adversarii
832 3097 896 3137 istos
908 3096 1037 3129 horrores
1046 3107 1111 3128 om-

243 3147 332 3181 nibus
353 3149 510 3190 Scriptura*
530 3150 598 3181 iocis
611 3148 768 3191 adfingunt
780 3170 790 3186 ‚
811 3146 912 3190 &ficis
922 3146 1036 3190 semper
1042 3144 1110 3188 sub·

242 3199 368 3235 trudunt
378 3222 387 3236 ,
401 3199 478 3240 quid
486 3199 570 3237 aliud
579 3201 668 3244 quam
678 3199 720 3229 ad
727 3195 869 3240 servilem
881 3210 927 3232 eos
940 3207 1047 3230 metum
1061 3197 1113 3228 ad.

240 3251 337 3292 ligant
350 3248 366 3279 ἔ
377 3248 505 3281 Proinde·
515 3248 658 3281 Catholici
670 3247 775 3284 rec‘i'ius
788 3244 935 3292 Augustini
948 3248 1111 3281 doc‘irinam

240 3299 333 3343 sicuti
347 3323 356 3338 ‚
366 3298 545 3339 aliorumque
554 3303 624 3339 item
635 3309 803 3340 caeterorum
814 3308 949 3332 veterum
963 3323 974 3338 ,
991 3297 1042 3333 boc
1051 3307 1109 3329 con·

242 3354 310 3382 triti
321 3349 413 3381 cordis
428 3344 602 3390 sacrificium
613 3350 633 3380 ἃ
640 3347 842 3389 perhorrenda
861 3350 1010 3382 tremendi
1031 3347 1110 3381 illius

235 3400 345 3440 judicii
353 3396 515 3440 severitate
523 3396 616 3437 exorsi
621 3409 712 3431 mores
725 3407 841 3432 veteres
854 3405 886 3432 in
898 3400 1001 3433 meliis
1006 3398 1112 3441 jubent

239 3457 417 3483 eommutare
428 3473 435 3479 .
462 3447 508 3480 At
529 3446 604 3480 vero
615 3447 751 3490 &juxta
767 3447 855 3484 hunc
869 3474 879 3491 ,
909 3449 967 3495 qui
984 3452 1076 3485 circa
1091 3457 1110 3481 e

320 3497 425 3539 Christ.
440 3501 519 3540 Lupi
529 3500 627 3537 Opera
636 3499 749 3530 Tom.X
751 3502 775 3533 1.

1794 189 1797 192 Δ
1924 135 1980 181 25
1996 138 2019 182 5·

1165 200 1296 242 potitam
1309 201 1325 234 ὲ
1340 203 1452 236 multis
1470 202 1717 238 contritionem
1741 201 1851 238 noluit
1873 205 2040 247 copiosius
2058 206 2061 212 ”

1166 250 1318 289 scribere,
1334 262 1491 295 magnum
1506 254 1703 297 Episcopum
1719 254 1772 296 ,δε
1783 253 1875 297 juxta
1885 253 1952 295 ejus
1966 255 2052 290 Ma?

1164 300 1297 344 gistrum
1321 302 1462 342 sanctum
1477 304 1699 348 Augustinum
1710 329 1721 345 ,
1747 304 1887 342 mutatio
1910 315 2043 338 morum

1165 350 1208 383 est
1231 352 1370 384 mutatio
1382 363 1532 385 amorum
1544 366 1555 386 .·
1568 353 1661 396 Opus
1684 353 1728 388 est
1741 354 1858 388 mentis
1870 353 2003 387 tranfitu
2025 355 2047 389 εἰ

1167 400 1281 434 mundi
1303 401 1483 436 fornicario
1506 402 1546 435 ad
1560 414 1703 444 amorem
1721 404 1918 438 Deicastum
1934 427 1941 435 .
1970 408 2044 437 Non

1157 449 1405 494 faciunt‚inquit
1418 452 1451 484 in
1465 450 1564 484 literis
1575 453 1614 485 a'd
1628 453 1794 487 Comitem
1809 453 2046 488 Macedonium

1166 501 1290 533 sanstus
1304 501 1530 544 Augustinus,
1555 503 1651 534 Bonos
1667 505 1720 536 vel
1742 505 1835 536 molor
1848 515 1942 537 mores
1955 529 1965 544 ,
1991 503 2048 545 nisi
2067 508 2127 553 Ep,
2162 518 2217 556 32,

1164 549 1231 583 bani
1246 551 1295 583 vel
1303 553 1375 583 mali
1385 561 1498 583 amores
1511 575 1518 582 .
1541 551 1706 585 Similibus
1721 552 1815 595 hujus
1830 554 1976 587 veritatis
2000 565 2047 589 te-

1167 600 1266 633 stibus
1278 599 1494 643 producendis
1505 601 1608 634 nolim
1621 603 1757 646 fatigare
1767 603 1934 636 Lectorem
1944 615 1951 635 ε
1962 605 2046 639 Sunt

1167 650 1349 684 innumeri.
1375 650 1508 697 Qibus
1530 650 1628 684 fidem
1651 653 1851 695 quicumque
1872 652 2008 696 abrogat
2034 678 2049 693 ,

1167 701 1351 734 Mai-tinum
1364 700 1545 735 Lutherum
1558 725 1568 740 ‚
1584 699 1671 743 quod
1685 701 1850 735 adversum
1866 703 1964 735 sancti
1980 705 2051 737 Au·

1166 750 1513 795 gustiniAecusatores
1533 751 1573 785 de
1585 751 1762 795 Pelagiana
1774 749 1878 784 haerefi
1902 749 1986 786 dixit
2006 763 2050 787 et-

1169 801 1234 834 iam
1246 800 1369 834 sanstus
1383 800 1518 844 Prosper
1529 825 1539 844 ,
1553 800 1701 835 adfirmat
1716 801 1803 835 male
1816 800 1978 836 devictum
1991 827 2001 842 ‚
2015 804 2050 837 δι

1171 850 1252 884 falsis
1266 848 1331 884 huc
1343 851 1444 894 usque
1454 851 1601 892 vistoriis
1614 850 1653 885 de
1667 852 1736 894 ipso
1752 851 1928 886 Ecclesiam
1940 852 2050 886 trium-

1172 900 1279 945 phaffe
1290 925 1297 932 .

1183 985 1196 1002 ς,
1222 949 1386 984 Praeterire
1396 959 1505 984 tamen
1519 951 1622 985 nolim
1646 951 1699 986 Pii
1713 952 1754 985 V.
1768 952 1948 986 Pontificis
1969 951 2052 995 juria

1173 1002 1232 1048 pio
1241 999 1431 1035 Tridentini
1443 1000 1589 1034 Concilii
1604 1001 1768 1035 intellecstu
1781 1002 1996 1046 compositum
2009 1011 2054 1035 at·

1174 1062 1237 1094 que
1248 1049 1418 1095 vulgatum
1430 1050 1673 1085 catechismum
1688 1052 1898 1090 Romanum.
1914 1053 1968 1086 Ad
1984 1053 2054 1086 1>oe-

1177 1101 1318 1135 nitentiae
1330 1101 1459 1135 virtutis
1470 1126 1480 1141 ‚
1493 1112 1562 1145 quae
1574 1101 1781 1136 contritioni
1796 1103 1839 1136 est
1853 1102 1992 1136 omnino
2005 1103 2056 1136 es-

1156 1151 1319 1185 ·sentialis
1334 1162 1402 1193 pars
1414 1175 1424 1190 ,
1445 1151 1551 1198 astum
1565 1150 1713 1186 adfirmat
1734 1164 1926 1187 concurrere
1947 1162 2056 1186 motus

1177 1202 1298 1235 varios:
1316 1200 1428 1234 Fidem
1441 1224 1452 1240 ‚
1464 1201 1608 1235 servilem
1621 1201 1778 1246 gehennae
1790 1214 1911 1238 metum
1922 1227 1932 1243 ,
1957 1204 2057 1236 veniae

1177 1252 1264 1294 spem
1277 1250 1295 1283 ὸ,
1309 1251 1434 1284 Divina
1449 1251 1665 1285 misericordia
1679 1278 1689 1292 ,
1703 1253 1845 1287 melioris
1857 1252 2058 1295 vitaePropo·

1178 1302 1274 1334 fitum
1288 1324 1299 1340 ,
1311 1312 1348 1334 ac
1361 1300 1491 1334 tandem
1505 1303 1594 1333 corda
1606 1302 1701 1341 nostra
1711 1304 1918 1337 accendentem
1929 1302 2059 1334 charita·
2081 1321 2158 1354 part

1178 1361 1238 1383 tem
1250 1374 1260 1389 ,
1277 1351 1314 1382 de
1328 1361 1387 1392 qua
1397 1350 1534 1383 liberalis
1548 1352 1596 1382 ille
1608 1358 1695 1383 timor
1707 1376 1716 1391 ,
1724 1352 1826 1392 probis
1837 1363 1870 1383 ac
1881 1358 2015 1395 ingenuis
2025 1351 2059 1393 fl·
2081 1383 2115 1404 ca
2159 1343 2166 1351 ⁸

1177 1402 1229 1436 liis
1240 1401 1348 1443 dignus
1359 1405 1452 1432 oritur
1463 1424 1474 1439 ,
1487 1410 1577 1443 atque
1587 1405 1630 1432 ita
1643 1411 1732 1433 unum
1743 1402 1821 1434 illud
1831 1408 1936 1441 veriti,
1950 1413 1985 1434 ne
1999 1413 2061 1443 qua
2084 1433 2101 1454 n
2120 1382 2161 1456 ΡΙ
2177 1378 2208 1413 5⁸

1180 1457 1211 1483 in
1223 1462 1254 1484 re
1269 1454 1326 1482 Dei
1342 1449 1528 1490 Majeslatem
1539 1452 1688 1483 laedamus
1700 1476 1709 1491 ‚
1722 1454 1870 1493 peccandi
1881 1450 2061 1494 consuetudi·
2107 1446 2113 1453 ’
2166 1445 2173 1453 ’

1180 1511 1246 1534 nem
1269 1496 1587 1542 omninb'deserimus.
1614 1500 1722 1534 Essent
1732 1501 1827 1535 ialern
1854 1501 2063 1535 Contritioni

1180 1550 1330 1584 dolorem
1342 1549 1599 1583 adfirmatillum
1612 1573 1623 1589 ,
1646 1561 1702 1591 quo
1717 1562 1784 1583 non
1801 1563 1840 1584 ex
1856 1552 1987 1584 incursu
2010 1562 2065 1595 ge-

1180 1598 1362 1633 hennarum
1373 1597 1537 1638 reatu‚sed
1551 1611 1588 1632 ex
1599 1601 1702 1643 ameffa
1714 1603 1768 1632 Dei
1775 1607 1880 1644 gratia
1890 1604 1923 1635 ὼ*
1933 1607 2066 1634 innocen-

1181 1655 1227 1683 tia
1238 1673 1249 1689 ,
1261 1649 1350 1690 quod
1366 1648 1469 1692 palam
1486 1649 1531 1682 est
1554 1649 1647 1683 castae
1661 1650 1845 1684 dilectionis
1859 1676 1868 1691 ,
1890 1651 2060 1692 adficimur.

1182 1698 1294 1744 Pergit
1308 1711 1315 1731 ε
1336 1700 1488 1732 Summum
1499 1701 1533 1733 θ
1543 1705 1710 1732 maximum
1723 1701 1848 1733 dolorem
1860 1713 1898 1735 ex
1906 1707 2038 1743 peccatis
2054 1725 2064 1740 ‚
2087 1699 2190 1732 Num.

1180 1760 1247 1792 quae
1274 1749 1417 1791 commiffa
1426 1747 1498 1790 sunt
1512 1771 1523 1786 ,
1544 1747 1842 1791 fhftipienduniff,
1862 1757 1906 1783 ita
1919 1761 1952 1783 ut
1963 1752 2064 1784 nullus
2087 1748 2142 1787 26·

1182 1801 1277 1841 major
1288 1804 1449 1842 excogitari
1458 1799 1537 1839 poffit
1548 1820 1559 1837 ‚
1565 1798 1660 1839 facile
1670 1804 1728 1833 erit
1741 1799 1818 1842 bisce
1830 1800 1998 1834 rationibus
2009 1802 2066 1835 de-

1183 1849 1341 1890 monstrare
1349 1873 1356 1880 .
1385 1853 1472 1881 Nam
1484 1850 1547 1880 ciem
1556 1848 1694 1890 perfet‘la
1705 1850 1894 1891 Contritiofit
1905 1851 2065 1886 charitatis

1182 1900 1268 1934 acius
1281 1923 1291 1938 ‚
1312 1910 1380 1942 quae
1392 1897 1430 1939 ab
1443 1910 1473 1931 eo
1485 1910 1582 1932 amore
1592 1923 1603 1940 ‚
1627 1911 1694 1941 quae
1703 1899 1832 1941 filiorum
1844 1901 1881 1941 est
1895 1926 1905 1940 ,
1914 1900 2067 1946 proficisci-

1183 1959 1234 1983 tur
1251 1975 1261 1991 ,
1274 1958 1363 1991 patet
1375 1951 1501 1982 eundem
1511 1953 1707 1982 Contritionis
1722 1952 1756 1983 (ν’
1773 1950 1934 1984 charitatis
1946 1953 2066 1985 modum

1180 2000 1368 2039 statuendum
1380 1999 1431 2042 effe
1446 2024 1454 2031 .
1468 2003 1506 2031 At
1515 2004 1653 2041 quoniam
1663 1999 1795 2033 charitas
1808 2026 1820 2041 ,
1840 2013 1900 2043 qua
1913 2005 2009 2034 Deum
2020 2004 2064 2034 di-

1182 2052 1299 2095 ligimus
1314 2074 1323 2090 ,
1333 2048 1557 2095 perfeciiffimus
1572 2049 1609 2089 est
1621 2061 1704 2083 amor
1719 2075 1730 2090 ,
1751 2050 1819 2084 binc
1825 2053 1861 2094 fit
1872 2061 1905 2084 ut
1917 2056 2065 2084 Contritio

1185 2099 1462 2139 vehementiffimum
1482 2105 1578 2132 animi
1588 2100 1713 2134 dolorem
1735 2104 1920 2142 conjunc‘i'um
1933 2101 2041 2135 babeat
2057 2127 2063 2137 .

1184 2152 1222 2181 Ut
1233 2155 1311 2182 enim
1323 2151 1453 2183 maxime
1464 2150 1631 2192 diligendus
1652 2150 1691 2190 est
1702 2153 1784 2185 Deus
1798 2176 1808 2192 ‚
1831 2158 1876 2184 ita
1894 2163 1962 2194 quae
1978 2163 2029 2184 nos
2041 2155 2062 2183 ἃ

1188 2202 1250 2232 Deo
1259 2200 1395 2233 alienant
1403 2223 1414 2239 ,
1426 2201 1559 2233 maxime
1569 2200 1705 2240 detestari
1717 2201 1855 2235 debemus
1865 2227 1872 2234 .
1885 2201 2065 2235 Charitatis

1185 2249 1217 2284 &
1241 2249 1463 2283 Contritionis
1484 2249 1745 2293 magnitudinem
1767 2251 1884 2285 eodem
1906 2251 2065 2292 loquendi

1184 2310 1303 2343 genere
1327 2299 1497 2344 significari
1513 2301 1545 2332 in
1561 2300 1654 2333 sacris
1665 2300 1785 2340 literis,
1805 2301 1886 2336 τεέὶὲ
1896 2301 2040 2335 observat
2056 2314 2064 2334 ε

1188 2350 1242 2385 Ut
1258 2360 1398 2393 namque
1413 2350 1522 2383 Deum
1544 2361 1583 2383 ex
1595 2359 1667 2383 toto
1678 2349 1774 2385 corde
1785 2351 1918 2395 diligere
1930 2376 1940 2390 ‚
1962 2352 2007 2384 ita
2020 2362 2062 2383 ex

1185 2411 1261 2437 toto
1282 2399 1381 2434 corde
1393 2399 1431 2432 ad
1458 2400 1559 2442 ipium
1584 2398 1733 2442 jubemur
1759 2412 1814 2445 per
1825 2399 2062 2438 Poenitentiam

1184 2451 1351 2486 converti.
1368 2448 1432 2483 Uti
1447 2450 1578 2482 Divinae
1589 2448 1761 2488 charitati,
1781 2451 1868 2492 juxta
1883 2450 1913 2483 S.
1927 2450 2062 2484 Bernar-

1184 2501 1263 2535 dum
1278 2525 1286 2540 ‚
1300 2499 1410 2532 Nullus
1422 2498 1457 2538 est
1466 2498 1541 2539 finis
1555 2522 1564 2538 ‚
1578 2507 1630 2531 aut
1645 2501 1747 2532 modus
1760 2525 1770 2540 ,
1778 2499 1837 2543 sed
1845 2504 1902 2533 Dei
1914 2501 2060 2543 diligendi

1183 2553 1284 2584 modus
1294 2549 1332 2590 ιβ
1344 2549 1464 2592 diligere
1468 2547 1530 2589 fine
1540 2549 1623 2580 modo
1633 2560 1641 2590 ς
1653 2549 1694 2582 ita
1706 2558 1887 2590 peccatorum
1896 2551 2060 2590 detestatio-

1184 2607 1216 2634 ni
1226 2602 1375 2636 adfirmat
1388 2598 1500 2631 nullum
1514 2600 1630 2631 modum
1641 2599 1861 2639 definiendum.
1883 2599 1956 2634 Effe
1967 2601 2058 2643 jubet

1183 2663 1240 2685 non
1248 2650 1340 2697 solum
1351 2654 1517 2681 maximam
1528 2673 1537 2688 ,
1545 2647 1602 2691 sed
1612 2649 1644 2681 (9
1656 2648 1934 2690 vehementiffimam
1948 2676 1956 2691 ‚
1967 2661 2057 2692 atque

1182 2702 1253 2735 adea
1261 2698 1444 2743 perfec‘lam,
1475 2709 1644 2741 omnemque
1657 2699 1694 2731 ab
1706 2697 1771 2742 ipsa
1790 2705 1949 2744 ignaviam
1960 2703 1993 2734 (u
2010 2699 2058 2742 so-

1180 2752 1310 2784 cordiam
1319 2749 1436 2784 excludi
1450 2773 1458 2786 ,
1483 2747 1646 2791 Loquitur
1657 2760 1724 2783 non
1737 2748 1777 2783 de
1789 2751 1900 2792 quavis
1911 2775 1920 2790 ‚
1948 2750 1999 2783 sed
2014 2750 2055 2784 de

1180 2801 1247 2836 sola
1259 2799 1472 2841 Contritione
1485 2799 1620 2841 perfecta
1631 2823 1640 2839 ‚
1651 2811 1741 2841 quam
1745 2799 1850 2839 statim
1863 2801 1896 2833 (τ
1908 2807 1939 2832 ut
1952 2806 2053 2832 menti·
2073 2810 2177 2845 Num·

1179 2852 1233 2884 bus
1246 2850 1347 2891 nostris
1357 2854 1568 2891 conceperimus
1580 2873 1590 2889 ‚
1603 2850 1740 2881 tribuitur
1752 2850 1833 2882 nohis
1847 2851 1866 2882 ᾱ
1882 2853 1945 2883 Deo
1957 2850 2051 2894 remi]t
2075 2871 2128 2908 30-

1169 2901 1212 2943 βο
1218 2910 1402 2943 peccatorum
1414 2911 1419 2931 :
1441 2899 1552 2949 Qam
1576 2898 1771 2932 sacrosanssa
1785 2898 1983 2933 Tridentina
1995 2900 2053 2941 Sy-

1179 2952 1282 2987 nodus
1294 2950 1408 2986 definit
1419 2950 1517 2983 etiam
1530 2960 1604 2982 ante
1616 2949 1771 2983 2stuaiem
1786 2950 1981 2983 Sacramenti
1992 2945 2053 2984 susss

1175 3003 1362 3046 ceptionem
1372 3000 1559 3043 justificare.
1575 2997 1667 3030 Hinc
1679 2998 1795 3031 iterum
1808 2997 2050 3034 Catechismus:

1175 3055 1206 3086 si
1215 3054 1251 3085 id
1259 3051 1356 3084 mimis
1369 3049 1502 3093 consequi
1513 3047 1592 3081 nobis
1603 3049 1691 3079 liceat
1700 3072 1710 3087 ,
1722 3058 1756 3081 ut
1764 3049 1942 3094 perfellafit
1953 3074 1963 3090 ‚
1976 3061 2052 3083 vera
2069 3061 2170 3098 Num·

1173 3111 1273 3136 tamen
1290 3103 1323 3138 (Β
1335 3102 1435 3142 efficax
1448 3102 1594 3131 contritio
1608 3097 1773 3139 effepotest.
1804 3100 2049 3134 Contritionem
2068 3124 2127 3159 27,

1173 3153 1205 3187 ὅ(
1218 3151 1281 3186 Dei
1294 3150 1502 3184 dilectionem
1514 3147 1678 3182 ressiffime
1689 3149 1804 3182 adserit
1818 3150 1984 3183 ambulare
1994 3151 2049 3183 eis-

1174 3203 1246 3237 dem
1270 3197 1547 3245 magnitudinis&
1572 3198 1765 3241 quantitatis
1778 3199 1916 3242 pambus
1928 3224 1939 3239 ,
1960 3200 2050 3233 ideo·

1174 3263 1235 3294 que
1245 3253 1308 3286 effe
1320 3247 1539 3284 Contritionis
1549 3248 1731 3291 species‘seu
1744 3249 1873 3290 classes,
1884 3258 1965 3292 quot
1974 3250 2049 3282 sunt

1175 3301 1373 3336 dilestionis.
1404 3299 1517 3346 Qare
1532 3298 1579 3331 uti
1593 3296 1659 3331 haec
1674 3322 1685 3338 ,
1705 3297 1750 3332 ita
1762 3298 1862 3332 &illa
1873 3299 1935 3332 alia
1948 3308 2022 3331 nata
2036 3322 2048 3341 ,

1178 3352 1323 3394 quaedam
1346 3348 1485 3388 nutrita,
1497 3347 1559 3382 alia
1571 3347 1678 3381 adulta
1691 3373 1702 3389 ,
1723 3348 1850 3382 robusta
1877 3347 1939 3380 alia
1952 3372 1960 3386 ‚
1983 3347 2048 3384 alia

1178 3402 1330 3446 perfetta.
1354 3400 1397 3433 Et
1410 3397 1477 3432 haec
1489 3399 1550 3432 esst
1560 3397 1655 3432 debet
1667 3398 1731 3432 fine
1742 3397 1806 3431 fine
1815 3397 1847 3430 δε
1861 3396 1964 3431 modo
1975 3422 1986 3436 ‚
2007 3409 2050 3431 ex

1152 3486 1161 3497 ,
1176 3463 1251 3489 toto
1262 3449 1358 3487 corde
1368 3471 1380 3491 ‚
1395 3445 1668 3485 vehementissima
1681 3472 1691 3488 ‚
1706 3447 1845 3483 maxima
1858 3470 1869 3487 ,
1881 3447 2052 3483 excludere

1567 3496 1603 3531 Y
1653 3507 1676 3532 2
1870 3507 2005 3532 ornnem

2203 1331 2235 1355 2.
