2366 3736
639 99 724 143 Du
769 97 982 142 sacrus
1030 98 1580 147 Paocusstomnusss

223 181 379 214 leHiones.
406 180 496 214 Dum
512 180 741 224 Hispaniarum
754 181 863 226 Reges
873 192 948 216 mm
971 181 1098 217 Roma-

228 241 269 262 na
292 229 432 264 Ecclesia
454 231 672 274 disceptarunt
691 231 733 264 de
746 231 865 276 Regno
886 232 1006 266 Siciliae
1027 257 1037 272 ,
1058 234 1099 267 ad

227 279 312 321 ipsos
324 280 357 313 in
369 278 591 326 obedientiam
604 282 845 324 promovendos
856 282 1002 319 Romani
1015 282 1099 318 Pon·

225 329 332 363 tifices
351 331 466 365 omnia
486 331 628 374 ipsorum
645 330 679 363 in
703 327 875 373 Hispaniis
888 331 1005 376 Regna
1029 335 1099 377 sup-

225 379 401 423 posuerunt
433 379 655 414 Ecciefiassico
675 380 867 417 interdicto.
892 380 1019 416 Verum
1045 383 1098 425 ipfi

225 431 409 472 spreverunt
420 429 533 464 omnia
550 453 558 461 .
585 429 771 466 censebant
791 433 884 468 suum
896 430 952 476 Jus
976 432 1038 465 niti
1052 433 1098 467 fir·

225 480 288 513 mis
306 480 341 514 ὃς
359 479 475 514 lucidis
495 478 735 514 fundamentis.
761 481 875 529 Qare
907 479 1097 516 Catholicis-

225 529 312 564 fimae
323 529 387 562 istae
399 528 578 562 Provinciae
591 530 733 571 pluribus
751 530 845 564 annis
857 533 1098 574 permanserunt

223 577 432 622 finepublico
445 579 574 612 Divinae
586 579 767 622 Maiestatis
778 581 908 617 officio.
923 582 1017 616 Hinc
1029 582 1098 625 post

222 625 403 663 relaxatum
426 629 593 662 vinculum
606 628 736 672 plurimi
750 630 982 666 Adulescentes
1003 633 1036 666 ἃ
1048 634 1098 678 Ju-

225 689 320 711 venes
333 678 424 714 istius
435 678 722 715 Officiiexternam
736 691 913 723 paraturam
925 683 1098 724 ,quoniam

221 738 393 772 nunquam
407 728 552 762 viderant
564 754 574 768 ,
588 727 722 763 riserunt
735 754 745 769 ,
755 731 789 764 <Sc
803 731 888 773 quasi
903 733 1096 773 spreverunt.

222 777 437 812 Dutiffimum
449 777 512 812 hoc
525 780 587 813 fuit
599 779 775 813 Bonifacio
787 779 876 814 Vin.
890 779 1058 821 Pontifici,
1067 783 1099 815 ὃ(

221 827 284 861 toti
302 829 457 863 Romanae
471 829 637 862 Ecclefiae.
665 830 758 862 Hinc
780 830 909 869 sanxit,
931 842 966 864 ut
990 831 1095 865 Gene-

221 877 508 918 ralelnterdistum
528 880 650 921 semper
673 878 834 913 adnexam
857 879 987 913 haberet
1009 891 1099 915 exce·

221 928 372 970 ptionem
394 926 534 971 quatuor
554 927 747 967 Festorum,
771 926 957 969 paschatis,
981 930 1097 964 Pente-

221 976 325 1010 cosses
335 1001 346 1018 ,
359 977 543 1011 Dominicae
554 976 748 1010 Nativitatis
761 1002 771 1017 ,
791 979 823 1011 &
838 979 1015 1023 Assumptae
1024 980 1097 1015 Vir-

220 1025 324 1073 ginis.
351 1026 444 1061 Itain
474 1027 538 1060 suis
551 1024 734 1062 Annalibus
748 1028 1024 1064 scribitAlbertus
1039 1030 1098 1064 Ar·

221 1076 442 1119 gentinenfis.
472 1077 566 1111 Facta
589 1076 700 1110 estista
723 1078 846 1121 gratia,
861 1090 929 1122 quo
955 1081 1096 1114 Divino·

221 1135 292 1159 rum
306 1125 502 1160 Officiorum
516 1126 701 1160 solemnitas
712 1126 862 1171 deinceps
872 1139 914 1161 cx
926 1129 981 1162 tali
995 1133 1099 1164 cauria

183 1205 185 1207 ,
222 1187 291 1209 non
303 1177 430 1210 caderet
442 1176 475 1209 in
488 1176 693 1211 oblivionem
702 1177 849 1212 fidelium
860 1201 869 1211 .
879 1179 1044 1213 Martinus
1058 1180 1096 1214 V.

223 1224 373 1260 extendit
385 1225 424 1260 ad
438 1226 567 1260 Festum
579 1227 751 1260 Dominici
767 1228 936 1271 Corporis,
948 1229 1099 1263 Calixtus

221 1275 277 1310 111.
298 1276 481 1319 'postmodo
514 1276 661 1310 extendlt
693 1276 732 1310 ad
753 1277 884 1311 Festum
909 1279 1096 1313 Dominicae

222 1323 554 1370 Transfigurationis.
585 1325 633 1360 Ita
655 1327 789 1362 testatur
809 1328 972 1373 Magnum
996 1329 1095 1363 Chro-

222 1377 334 1409 nicum
356 1376 530 1420 Belgarum
543 1400 552 1409 .

271 1425 444 1461 Dominici
457 1425 613 1469 Corporis
634 1424 857 1461 Festivitatem
869 1439 906 1461 ac
920 1428 1096 1464 Proceffio·

222 1487 298 1509 nem
321 1475 678 1516 laudat&corfirmat‚
700 1477 906 1521 ipsarumque
929 1478 962 1511 in
988 1478 1093 1512 Eccle-

221 1527 280 1559 sias
301 1525 558 1560 introductarum
579 1526 739 1560 rationem
764 1527 902 1570 exponit
922 1529 1021 1561 etiam
1044 1531 1094 1563 Sa-

221 1576 383 1610 crosancta
405 1576 559 1618 Synodus
582 1574 798 1610 Tridentina:
825 1579 1096 1616 Declararsynodus

217 1628 269 1668 pie
289 1628 324 1660 <nt
344 1626 480 1671 religios?
504 1626 665 1658 admodum
685 1631 719 1658 in
745 1629 801 1658 Dei
818 1626 975 1667 Ecclefiam
994 1629 1097 1659 induc·

220 1687 282 1708 tum
290 1675 381 1718 fuiffe
403 1675 480 1708 bunc
503 1685 627 1714 morem,
648 1682 683 1706 ut
700 1673 824 1718 fingulis
847 1682 937 1707 annis
956 1678 1099 1717 peculiari

47 1239 153 1276 Anno

53 1291 151 1336 1267.

3 1745 7 1748 -
46 1725 126 1758 Seff.
147 1735 198 1772 ¹3·

9 1795 15 1798 -
44 1786 72 1809 c.
99 1785 152 1821 15.

219 1726 345 1768 quodam
366 1725 401 1759 <9
425 1722 510 1763 Festo
543 1723 590 1755 die
608 1722 784 1766 praecelsum
800 1723 851 1756 boc
872 1727 906 1757 &
925 1726 1097 1759 Venerabile

218 1779 441 1810 Sacramentum
466 1772 609 1815 fingulari
631 1777 822 1803 veneratione
855 1784 890 1805 ac
911 1773 1097 1815 Jblemnitate

219 1823 436 1862 celebraretur,
461 1831 554 1863 utque
584 1825 617 1852 in
640 1820 866 1860 Proceffionibus
883 1826 1097 1858 reverenter&

220 1871 375 1914 honorifice*
395 1872 473 1905 illud
484 1880 541 1911 per
566 1877 639 1903 vias
661 1871 694 1903 (5
716 1871 777 1903 loca
784 1871 904 1912 publica
925 1873 1097 1915 circumfer-

218 1934 319 1959 retur.
343 1922 550 1965 AEquifflmum
578 1920 616 1960 est
638 1925 716 1953 enim
723 1919 824 1964 sacros
843 1922 957 1964 aliquos
965 1923 1094 1963 statutos

218 1974 270 2017 ‘ff'
291 1974 355 2007 dies
374 1997 385 2012 ,
405 1983 469 2005 cum
489 1970 652 2009 Christiani
685 1981 783 2003 omnes
803 1968 944 2015 fingulari
971 1976 1005 2006 et
1026 1985 1098 2006 rara

183 2029 187 2046 ⁴
217 2025 350 2068 quadam
367 2021 580 2067 fignificatIone
603 2029 708 2064 gratos
731 2022 765 2055 (5
788 2032 931 2054 memores
956 2021 1098 2063 tq‘lantur

218 2081 335 2107 am'mos
348 2084 418 2117 erga
436 2081 614 2105 communem
638 2073 797 2103 Dominum
817 2073 851 2105 Θ
873 2071 1097 2114 Redemptorem

212 2134 270 2167 pro
292 2134 356 2157 tam
379 2121 522 2163 ineffabili
542 2122 576 2154 (er
592 2121 686 2161 plane
710 2123 824 2153 Divino
850 2123 994 2166 Beneficio
1022 2147 1032 2164 ‚
1068 2129 1100 2157 in

220 2186 277 2218 quo
297 2178 401 2207 mortis
423 2175 488 2214 ejus
503 2169 629 2204 victoria
649 2171 683 2203 (θ’
701 2170 880 2211 Triumphus
902 2173 1101 2215 repraesenta·

222 2235 272 2258 tur
284 2249 292 2257 .
320 2228 416 2265 Atque
431 2221 471 2262 fic
480 2221 600 2262 quidem
619 2225 745 2261 oportuit
756 2221 906 2254 victricem
925 2224 962 2255 de
973 2225 1099 2256 menda·-

219 2280 261 2308 cio
278 2274 312 2307 θ
333 2270 438 2313 baerefi
445 2269 627 2311 triumphum
650 2281 734 2314 agere
748 2293 759 2309 ‚
777 2279 812 2303 ut
835 2272 899 2311 ejus
923 2272 1097 2316 Adversarii

218 2329 252 2356 in
276 2320 428 2365 conspee‘lu
450 2326 532 2354 tanti
550 2317 736 2362 splendoris,
760 2322 795 2354 ὠ·
812 2325 846 2352 in
866 2329 954 2354 tanta
976 2329 1099 2356 Univer-

215 2373 263 2416 sae
285 2371 418 2413 Ecciefiae
441 2372 550 2404 laemm
566 2369 652 2410 postu·
670 2370 720 2402 vei
738 2369 930 2405 debilitati&
942 2372 1098 2413 sraelita-

220 2420 343 2465 befi‘ant
356 2445 367 2461 ,
388 2422 442 2454 vel
455 2420 567 2462 pudore
585 2418 682 2460 affelli
707 2420 741 2452 ά*
759 2418 869 2460 confusi
883 2423 1045 2463 aliquando
1054 2434 1098 2455 re—

215 2469 378 2514 fipiscant-
407 2469 574 2503 Etiterum
586 2482 598 2502 .·
617 2470 647 2501 si
668 2475 736 2511 quis
749 2471 861 2503 dixerit
878 2475 909 2501 in
920 2472 1024 2504 santio
1037 2476 1098 2504 Eu·

219 2520 366 2561 charistia
387 2522 580 2552 sacramento
593 2517 742 2559 christum
763 2523 950 2561 Unigenitum
978 2525 1099 2553 DeiFi-

220 2573 294 2606 lium
326 2581 384 2604 non
394 2571 446 2613 effe
470 2569 548 2602 cultu
558 2570 676 2607 laeriae‚
698 2574 790 2600 etiam
810 2577 954 2609 externo,
976 2572 1096 2603 adoran-

59 2622 142 2658 Can.
156 2623 187 2660 6.
219 2622 319 2662 dum„
338 2629 429 2662 atque
453 2620 524 2651 adeo
545 2628 596 2649 nec
621 2617 745 2657 Festiva
761 2619 905 2658 peculiari
919 2620 1099 2654 Celebrirare

12 2666 22 2671 ’
221 2673 426 2706 venerandum
438 2694 448 2710 ,
458 2679 549 2711 neque
568 2673 600 2699 in
615 2668 830 2708 Proceffionibus
842 2692 853 2708 ‚
866 2667 1027 2710 secundum
1037 2671 1097 2704 iau-

221 2722 351 2756 dabt'lem
377 2722 410 2754 Θ
431 2716 631 2761 universalem
651 2716 783 2760 Ecclefiae
809 2724 902 2751 ritum
922 2721 956 2753 (5
978 2719 1096 2763 consue-

221 2773 356 2805 tudinem
371 2794 381 2810 ,
399 2768 567 2813 solemniter
584 2769 860 2815 circumgestandum
873 2793 883 2807 ,
908 2769 959 2803 vel
978 2779 1098 2812 nonpu-

220 2822 316 2861 blice'‚
345 2830 378 2853 ut
401 2821 561 2858 adoretur,
588 2819 698 2859 Populo
711 2820 932 2860 proponendum
950 2845 960 2861 ,
982 2821 1015 2854 Θ
1031 2822 1097 2862 ejus

222 2874 397 2906 Adoratores
420 2869 471 2912 effe
483 2869 658 2901 Idololatras
674 2892 684 2907 ‚
708 2867 872 2901 anathema
878 2868 936 2909 fit.
959 2869 1021 2904 Ista
1034 2871 1097 2915 igi·-

219 2924 272 2956 tui·
298 2920 459 2955 Proceffio
482 2920 527 2952 est
550 2917 636 2960 quali
660 2918 814 2951 solemnis
837 2918 958 2953 Christi
982 2921 1096 2954 Domi-

221 2972 257 3005 ni
274 2968 457 3014 triumphus
480 2969 521 3003 de
541 2968 763 3012 Berengario,
784 2969 933 3005 wicleffo
946 2994 956 3009 ,
978 2968 1095 3004 Luthe-

221 3032 260 3054 ro
283 3044 293 3060 ,
316 3020 458 3054 Calvino
481 3045 490 3060 ,
513 3019 546 3053 δε
570 3019 692 3052 cunctis
710 3018 850 3061 ipsorum
875 3019 1095 3053 sestatoribus.

222 3069 342 3117 Quarti
364 3069 499 3105 Urbani
523 3078 667 3111 tempore
688 3068 899 3112 Paganismus
924 3080 990 3103 erat
1012 3071 1096 3113 apud

220 3131 281 3154 nos
309 3119 402 3162 plene
422 3120 583 3155 extinctus
596 3142 604 3150 .
630 3118 667 3151 ln
685 3118 803 3167 Latipa
820 3118 959 3152 Ecclesia
986 3120 1096 3153 nullus

220 3170 373 3215 Paganus
395 3169 553 3211 supererat
567 3193 574 3200 .
602 3169 673 3202 Nec
694 3169 780 3202 ullus
807 3168 1095 3203 Catechumcnus.

219 3220 355 3254 Etenim
377 3219 395 3253 ὲ
417 3217 560 3262 pluribus
588 3218 651 3262 jam
673 3219 792 3252 saeculis
815 3229 932 3252 omnes
958 3219 979 3253 b
1003 3221 1097 3263 ptiza·

216 3270 336 3304 mutin
353 3269 453 3312 prima
466 3267 624 3303 infantia.
645 3267 794 3302 Proinde
815 3269 1007 3303 etiamtunc
1022 3270 1095 3303 nul*

218 3321 268 3354 lus
287 3329 353 3353 erat
376 3317 461 3352 obex
486 3342 496 3357 ,
514 3328 553 3350 ex
581 3314 647 3361 qu'o
666 3319 869 3353 Sacrosancta
894 3319 1094 3354 Eucharistia

217 3372 285 3406 non
311 3369 412 3414 posset
435 3366 564 3412 publice
584 3369 729 3412 exponi,
755 3369 790 3403 &
809 3369 1022 3404 circumferri.

1899 121 1992 167 343

1212 184 1414 221 Tridentina
1436 187 1589 229 synodus
1609 185 1749 220 omnino
1768 188 1902 231 respexit
1923 191 1962 223 ad
1986 194 2034 226 so·

1166 234 1307 268 lemnem
1330 236 1441 275 illam,
1461 238 1557 280 elapsi
1581 237 1682 270 saecuii
1708 249 1796 270 anno
1819 239 2037 282 trigesimofa-
2181 229 2233 285 χῖ»

1165 286 1247 317 {iam
1271 285 1305 318 in
1320 284 1466 330 Augusta
1481 287 1730 320 vindelicorum
1755 287 1896 321 Civitate
1907 312 1916 327 ,
1930 290 1962 322 &
1974 291 2036 324 Lu-

1165 334 1373 369 theranorum
1402 335 1525 378 injuriis
1544 338 1685 371 affectam
1708 337 1947 371 processionem
1961 362 1972 378 ,
1993 339 2037 373 de

1136 398 1141 401 *
1166 419 1170 423 ,
1187 396 1228 418 ua
1256 384 1453 421 Laurentius
1472 387 1584 420 Surius
1604 389 1636 419 in
1657 385 2037 422 historialiCommenta·

1164 446 1189 468 ri
1214 478 1217 484 ἱ
1236 433 1374 469 scribens
1395 436 1434 469 de
1457 437 1654 479 Imperatore
1676 437 1797 470 Carolo
1821 437 1862 470 V.
1886 438 2037 471 veniente

1165 486 1197 517 in
1220 485 1392 530 *praefatam
1411 485 1588 519 Civitatem
1613 487 1676 528 ipsa
1699 486 1809 531 vigilia
1830 486 2036 521 Venerabilis

1164 534 1363 571 Sacramenti
1392 547 1400 567 ε
1435 539 1522 567 Intra
1551 536 1654 568 Urbem
1677 542 1790 576 excepit
1809 548 1875 569 eum
1898 537 2036 580 Augusta·
2203 568 2205 570 .

1163 593 1218 617 nus
1241 583 1403 627 Episcopus
1422 596 1486 617 cum
1511 586 1618 623 Clero,
1641 587 1674 618 (τ
1689 584 1745 628 sub
1766 586 1899 619 Umbella
1910 589 1954 619 ad
1957 584 2036 630 sum-
2050 565 2205 614 Fol.150-

1164 646 1243 666 mam
1257 636 1359 669 'aedem
1384 636 1548 679 perduxit.
1585 634 1732 676 Ejusdem
1751 636 1812 668 diei
1832 634 1975 678 vespera,
2001 639 2037 671 6*

1164 686 1252 718 mane
1261 680 1399 727 sequenti
1410 686 1538 719 multum
1556 690 1673 728 egitper
1691 683 1758 727 ficos
1779 695 1844 717 cum
1866 687 1982 719 saxone
2002 689 2037 721 <oe

1163 734 1229 766 aliis
1246 735 1429 767 Lutberanis
1465 735 1684 776 Principibus,
1716 743 1750 769 ut
1769 735 1935 776 interessent
1966 738 2038 768 Pro-

1164 794 1193 815 ce
1213 789 1269 816 roni
1299 784 1424 825 publicae
1449 808 1460 824 ,
1487 796 1548 826 qua
1573 783 1716 827 gestanda
1746 793 1814 817 erat
1845 783 2037 825 sacrosanda

1166 832 1369 874 Eucharistia.
1401 836 1462 868 5ed
1491 834 1540 866 boc
1560 835 1599 867 ab
1632 838 1673 867 eis
1703 839 1862 875 impetrare
1882 845 1935 866 non
1953 844 2038 875 potu·

1165 888 1190 915 it
1204 907 1215 922 ,
1247 884 1311 916 aum
1334 883 1407 926 fere*
1429 885 1472 916 ad
1490 885 1645 917 meridiem
1665 895 1729 917 cum
1751 884 1812 916 illis
1836 883 1949 926 egisset.
1966 887 2038 917 Per-

1158 931 1317 975 suaserunt
1346 938 1425 966 enim
1454 932 1516 966 illis
1538 932 1669 976 ipsorum
1697 934 1918 966 concionatores
1946 933 2034 966 idolo-

1166 984 1267 1016 latriae
1309 989 1417 1015 crimen
1448 985 1573 1016 admitti
1601 984 1642 1015 ab
1671 986 1711 1015 iis
1745 1007 1756 1023 ‚
1796 990 1848 1024 qui
1890 983 2039 1016 Euchari-

1160 1032 1249 1072 stiam
1279 1040 1442 1068 adorarent
1464 1058 1471 1065 .
1507 1037 1632 1076 Negant
1667 1032 1813 1071 Christum
1834 1039 1867 1064 in
1890 1032 2039 1066 Euchari-

1160 1082 1218 1120 stia
1237 1083 1287 1125 effe
1317 1093 1405 1116 extra
1438 1092 1553 1125 tempus
1581 1079 1784 1125 ficmptionis.
1813 1085 1887 1114 Fuit
1911 1095 1946 1115 ea
1966 1082 2038 1116 bor-

1164 1134 1259 1165 renda
1278 1131 1462 1175 blasphemia
1475 1158 1485 1173 ,
1505 1131 1565 1174 sed
1584 1133 1629 1166 illi
1649 1138 1682 1165 in
1697 1130 1937 1176 suasententIa,
1960 1143 2039 1164 tam-

1165 1193 1253 1224 quam
1285 1188 1318 1215 in
1351 1195 1460 1226 magna
1491 1185 1553 1219 luce
1572 1207 1582 1223 ‚
1613 1181 1847 1225 permanserunt
1869 1206 1876 1214 .
1905 1186 1942 1213 At
1964 1185 2036 1217 vero

1165 1230 1269 1274 'Caesar
1300 1232 1525 1276 Religiofifflmus
1551 1256 1563 1272 ,
1594 1243 1658 1266 cum
1691 1231 1834 1273 Hispanis
1866 1242 1978 1272 quoque
2002 1233 2038 1265 Θ

1166 1283 1295 1325 Belgicae
1319 1283 1488 1315 Proceribus
1511 1307 1522 1323 ,
1548 1282 1593 1315 illi
1621 1283 1786 1323 Proceffioni
1810 1293 1876 1314 cum
1905 1283 2037 1322 quadam

1164 1336 1274 1364 eximia
1293 1337 1326 1365 in
1355 1335 1451 1366 Deum
1473 1337 1608 1373 pietate,
1635 1333 1672 1366 (εἴ
1695 1332 1780 1364 baud
1805 1330 1926 1374 vulgari
1932 1329 2038 1373 splen-

1163 1383 1232 1414 dore
1249 1380 1387 1424 interfuit
1407 1406 1416 1416 ,
1454 1380 1674 1422 Eucharistiam
1691 1381 1827 1427 gestabat
1857 1381 2037 1413 cardinalis

1164 1434 1382 1474 Moguntinus,
1405 1434 1426 1465 ἃ
1449 1433 1565 1465 dextris
1590 1435 1667 1473 Rege
1691 1432 1906 1468 Ferdinando,
1930 1431 1949 1461 ἆ
1967 1429 2039 1470 fini·

1158 1481 1228 1519 stris
1244 1480 1406 1525 JoacbImo
1427 1481 1700 1523 Brundemburgico
1731 1483 1867 1521 Principe
1897 1491 1964 1511 eum
1987 1482 2039 1512 de·

1164 1529 1340 1563 ducentibus
1353 1553 1360 1560 .
1381 1533 1458 1563 Ante
1477 1529 1692 1568 Eucharifliam
1711 1532 1919 1569 praecedebant
1949 1532 2039 1561 Prin-

1163 1586 1241 1621 cipes
1260 1575 1437 1622 saeculares,
1461 1583 1588 1620 itemque
1610 1580 1710 1611 cleris
1729 1590 1794 1610 cum
1817 1581 1881 1610 alm
1904 1580 2041 1617 permul-

1165 1634 1225 1660 tis.
1255 1627 1320 1668 Post
1338 1639 1402 1661 eam
1424 1627 1603 1671 sequebatur
1625 1630 1749 1659 Carolus
1774 1632 1934 1668 imper-nor
1960 1630 2038 1661 nudo

1161 1677 1278 1720 semper
1304 1685 1425 1718 capite,
1451 1676 1568 1715 tametsi
1585 1678 1633 1708 sol
1650 1678 1714 1717 esset
1740 1679 1954 1715 ardentissimus
1970 1701 1979 1714 ,
2004 1683 2039 1709 in

1164 1726 1372 1766 manuferens
1396 1726 1599 1768 quadrifidam
1613 1725 1717 1766 facem
1737 1727 1905 1758 ardentem⁴
1942 1727 2040 1767 ,Quod

1163 1778 1240 1808 idem
1264 1776 1359 1809 voluit
1376 1776 1443 1817 fieri
1461 1778 1482 1807 ἃ
1502 1774 1613 1809 cunc‘lis
1644 1775 1809 1807 Proceribus
1836 1778 1869 1808 (9⁶
1892 1777 2041 1816 Panapi-

1163 1825 1217 1858 bus
1231 1849 1238 1856 .
1261 1829 1471 1867 Imperatorem
1488 1824 1683 1867 sequebantur
1703 1837 1800 1856 omnes
1817 1827 1902 1857 Arche
1919 1825 2040 1868 Episto-

1160 1881 1194 1918 pi
1223 1877 1256 1909 Θ
1278 1874 1436 1918 Episcopi.
1464 1876 1625 1908 Umbellam
1646 1874 1738 1916 :psam
1753 1900 1762 1913 ,
1780 1874 1835 1916 sub
1859 1887 1917 1917 qua
1936 1884 2042 1915 porta-

1164 1928 1252 1958 batur
1276 1923 1464 1969 5acrosanc‘la
1487 1924 1671 1963 Euchartstia
1695 1947 1704 1963 ‚
1737 1926 1854 1964 viciffim
1879 1924 2041 1968 gestabant

1159 1973 1224 2020 seni
1245 1978 1397 2015 Principes
1420 1977 1580 2008 5aeculares
1593 1999 1600 2006 .
1631 1977 1721 2007 Porro
1743 1975 1897 2017 longtffima
1924 1973 2042 2016 Proces-

1157 2024 1234 2067 fione
1253 2023 1363 2065 diversi
1378 2032 1498 2068 generis
1526 2024 1622 2064 Mufici
1645 2023 1836 2057 concinebant
1857 2030 1891 2055 in
1919 2025 2042 2056 laudem

1167 2078 1241 2108 Dei.
1268 2075 1408 2108 Omnibus
1436 2077 1492 2108 rite?
1516 2075 1669 2117 perac‘iis„
1693 2073 1796 2115 Caesar
1822 2075 1913 2106 valde
1940 2073 2043 2112 acerbi

1165 2126 1234 2158 tulit
1250 2124 1488 2159 Lutheranorum
1503 2127 1672 2165 Principum
1696 2123 1936 2156 detrec‘lationem
1949 2148 1958 2163 ‚
1976 2122 2042 2166 jus·

1159 2173 1250 2217 fitque
1269 2184 1302 2207 ut
1320 2175 1538 2217 quamprimum
1548 2176 1642 2208 altera
1663 2176 1710 2206 die
1724 2199 1733 2213 ,
1756 2186 1819 2206 cum
1838 2174 1897 2214 fide
1907 2173 2042 2213 publica,

1167 2224 1291 2268 Augusta
1309 2226 1483 2259 excederent
1502 2248 1508 2256 .
1549 2226 1609 2256 sed
1629 2227 1800 2263 Principum
1825 2222 2041 2254 catholicorum

1163 2275 1295 2316 precibus
1313 2273 1348 2317 se
1371 2275 1409 2306 ab
1432 2287 1466 2307 ea
1479 2273 1632 2316 florentia
1655 2274 1761 2304 deduci
1783 2272 1885 2314 passus
1905 2272 1960 2309 est.
1985 2272 2040 2305 Ad

1166 2322 1333 2357 Christum
1371 2324 1558 2357 Dominum
1597 2334 1709 2356 contra
1737 2323 1854 2354 similes
1882 2321 2038 2355 Luthera·

1166 2385 1282 2406 norum
1310 2373 1608 2407 &Calvrnistarum
1635 2371 1847 2405 contumelias
1873 2371 2040 2403 vindican-

1165 2425 1243 2456 dum
1281 2424 1471 2464 prodierunt
1508 2423 1638 2455 laudata
1679 2421 1816 2455 Decreta
1843 2420 2038 2454 Tridentini

1167 2473 1313 2507 Concilii
1327 2497 1334 2504 .

1401 2569 1667 2605 CAPUT
1729 2568 1802 2608 lv,

1168 2675 1341 2714 Exponitur
1366 2671 1446 2711 istius
1488 2671 1669 2709 ProcefflonIs
1691 2682 1724 2703 ae
1753 2672 1880 2702 Pietatis
1914 2669 2036 2712 extenfio

1346 2723 1389 2754 ad
1412 2722 1488 2754 alias
1515 2726 1605 2754 etiam
1634 2721 1844 2760 Festtvitatcs.

1222 2822 1274 2854 Sta
1304 2833 1357 2864 per
1370 2820 1549 2855 Urbanum
1575 2818 1633 2852 IV.
1663 2816 1841 2857 inchoata,
1863 2819 1896 2853 ὅ(
1922 2830 1974 2862 per
1988 2820 2039 2862 Io·

1235 2883 1353 2905 annem
1380 2871 1488 2905 xxii.
1528 2870 1689 2911 Praecepto
1726 2868 1916 2902 confirmata
1938 2892 1948 2908 ‚
1973 2871 2039 2902 cir-

1162 2921 1379 2956 cumferendae
1406 2920 1611 2953 Eucharissiae
1648 2918 1748 2961 pietas
1800 2917 1884 2951 adeo
1915 2920 2038 2962 placuit

1161 2971 1315 3005 omnibus
1341 2971 1488 3004 fidelibus
1510 2993 1520 3008 ‚
1547 2979 1582 3001 ut
1610 2968 1716 3002 statim
1744 2968 1875 3001 extendi
1904 2969 2038 3012 coeperit

1162 3022 1202 3054 ad
1238 3022 1343 3064 plures
1379 3021 1460 3052 alias
1499 3018 1722 3051 Proceffiones
1757 3029 1793 3051 ac
1820 3019 2038 3060 Festivitates,

1164 3071 1206 3105 Et
1234 3072 1290 3104 isia
1316 3070 1457 3104 extensio
1485 3069 1567 3102 intra
1593 3068 1896 3111 modicumtempus
1921 3069 2038 3102 admis-

1163 3121 1192 3154 sa
1221 3123 1281 3155 suit
1309 3120 1390 3163 apud
1419 3130 1533 3152 omnes
1559 3118 1692 3151 Latinas
1706 3118 1878 3151 Ecclesias.
1903 3118 2034 3151 Etenim

1162 3172 1199 3203 ad
1226 3171 1329 3214 quarti
1353 3168 1467 3202 decimi
1498 3167 1601 3201 saeculi
1628 3180 1752 3202 annum
1782 3168 2032 3210 octuagesimum

1164 3232 1285 3254 nonum
1312 3219 1419 3253 scribit
1444 3217 1596 3251 Thomas
1618 3217 1917 3262 walfinghamenlis
1940 3241 1946 3248 .
1973 3220 2032 3249 Per

1160 3272 1238 3304 idem
1264 3278 1375 3311 tempus
1402 3268 1608 3312 Cantabrigiae
1647 3273 1678 3300 in
1703 3267 1784 3305 Festo
1821 3270 2030 3299 Commemora-
2047 3270 2199 3320 F01,339„

1159 3327 1248 3353 tionis
1274 3323 1308 3351 5.
1338 3320 1428 3352 Pauli
1454 3319 1617 3351 occurrebat
1644 3318 1801 3353 &Festum
1828 3317 2029 3349 Dedicatiom's

1160 3374 1188 3402 5.
1218 3373 1324 3403 Mariae
1347 3369 1487 3402 ibidem..
1518 3370 1567 3401 Ad
1591 3369 1671 3411 quod
1691 3366 1808 3416 festum
1829 3366 1955 3408 amplius
1982 3366 2029 3399 ho·

1875 3426 1978 3448 noran-
