2366 3736
187 521 256 555 Lib.
269 522 299 558 6.

183 584 235 614 qu.
263 574 295 608 6.

191 633 245 655 art.
260 636 289 660 2.

182 1887 334 1934 Cons.30

422 128 486 172 86·

970 127 1602 176 Drssertrnrlo

364 214 535 250 dumtaxat
554 225 663 257 puram
680 237 690 254 ,
716 210 769 245 sed
783 211 912 255 insuper
923 211 1135 245 laudabilem.
1154 209 1194 243 Et
1208 221 1253 243 re·
1297 211 1481 248 ³Statutum
1498 237 1509 254 ,
1533 222 1604 256 quae
1624 208 1791 244 neminem
1814 208 1993 246 admittunt
2015 205 2081 240 fine
2102 217 2186 243 certa,

361 266 425 299 ete.
442 265 573 299 Etenim
597 263 703 307 explet
717 263 874 295 solemnes
900 262 1045 296 Ecclesiae
1060 271 1185 304 preces:
1214 264 1251 292 Ut

357 316 482 358 'populus
505 312 701 355 tibiservt'ens
714 314 747 345 (5
760 317 861 345 merito
872 315 905 346 (9·
918 325 1035 346 numero
1057 322 1199 355 augeatur
1209 337 1216 344 .

414 362 536 397 Eadem
563 361 677 395 omnia
701 362 895 404 comprobat
921 364 1006 396 inter
1028 362 1248 396 Praedicatorii

363 414 499 449 Ordinis
510 413 668 446 Doctores
680 436 690 451 ‚
716 423 753 445 ac
769 411 962 446 Tridentini
976 412 1125 446 Concilii
1136 411 1247 446 Theo·

360 462 644 506 logovaagnum
668 461 796 501 Lumen
811 486 822 503 ‚
849 463 1049 497 Dominicus
1072 463 1176 501 Soto,
1214 465 1247 495 in

358 524 455 556 opere
477 511 517 545 de
531 511 659 555 Justitia
688 512 720 545 ὅς
744 512 819 555 Jure
845 511 911 546 haec
933 512 1095 547 scribens.-
1123 511 1177 546 Ubi
1189 515 1247 545 Mo·

360 562 518 603 misterium
544 561 580 601 est
599 571 708 603 tenue,
734 574 784 596 nec
808 563 852 594 ad
874 572 991 595 tantum
1022 574 1174 595 numerum
1197 574 1246 595 nu-

354 614 507 646 triendum
529 610 673 654 sufficiens
688 636 699 651 ,
737 614 820 646 nulla
840 613 878 652 est
897 615 1027 645 simonia
1047 613 1165 654 aliquid
1190 621 1244 654 pro

353 662 435 698 villu
458 664 492 695 (Ψ
511 663 615 701 vestitu
636 668 783 703 recipere.
820 665 1002 704 Exemplum
1039 665 1245 705 qualecumque

354 713 497 756 possumus
508 718 540 745 in
554 716 742 746 Matrimonia
751 721 875 754 ponere.
909 716 967 745 Pro
981 714 1028 747 illo
1040 720 1118 746 em'm
1132 737 1143 752 ‚
1171 725 1240 755 qua-

353 773 437 798 tenus
460 761 498 802 est
520 764 745 796 sacramentum
767 787 777 803 ,
815 761 892 794 nibil
911 764 1000 803 potest
1024 769 1074 796 vir
1088 762 1126 795 ab
1157 761 1244 795 uxore

354 819 505 854 recipere,
531 811 620 855 potest
642 822 744 845 tamen
765 815 801 844 id
819 815 980 846 admittere
1004 816 1046 845 ad
1067 814 1243 856 sustinenda

1071 866 1206 895 Primum
1233 876 1241 905 ·,

354 918 461 947 Utrum
475 914 596 955 quando
607 912 811 951 Monastert'um
822 913 859 953 est
872 914 996 955 locuples
1009 936 1020 952 ,
1045 922 1079 945 ut
1086 914 1166 955 pofflt
1175 923 1238 954 per·

352 963 463 1008 Jonas,
490 974 558 1004 quae
568 968 750 1004 recipiuntur
766 988 776 1002 ,
803 966 882 998 alere
898 988 908 1003 ‚
929 962 1119 1004 simoniacum
1125 963 1163 1004 fit
1173 973 1238 1004 pre-

354 867 418 904 ejus
444 873 545 895 onera.
575 863 675 895 Dubia
714 872 861 907 exurgunt
901 870 1010 907 exigua
1034 888 1040 895 .

353 1024 430 1048 trum
449 1014 590 1058 exigere?
618 1016 721 1047 Extat
743 1019 821 1046 enim
842 1015 862 1047 ἃ
885 1022 977 1056 parte
990 1015 1179 1057 affirmativa
1194 1026 1236 1044 ar-

351 1072 546 1109 gumentum,
583 1065 664 1105 quod
689 1064 753 1096 cum
779 1076 836 1096 non
858 1065 921 1098 alia
943 1069 1057 1096 rarlone
1081 1064 1240 1106 istiusmodi

350 1114 465 1152 exaHio
479 1112 625 1155 justafit‚
652 1116 742 1155 qudm
765 1123 887 1156 propter
916 1115 1091 1146 Monialrum
1117 1116 1238 1147 alimen-

350 1174 437 1203 tum,
463 1161 511 1194 ubi
535 1164 615 1195 illud
638 1165 761 1196 aliunde
782 1163 939 1207 suppetit,
967 1172 1095 1203 apparet
1105 1170 1236 1203 pretium

346 1223 403 1255 pro
428 1211 551 1255 ingressu
572 1213 735 1254 Religionis
760 1219 841 1257 exig}
867 1237 873 1243 .
901 1211 1107 1254 Respondetur
1131 1212 1233 1245 nibilo-

350 1269 446 1295 minus
470 1285 480 1301 ‚
508 1262 687 1302 opulentiam
713 1263 880 1303 monasterii
896 1261 973 1295 nibil
988 1260 1112 1306 prorsus
1119 1262 1237 1307 facere,

349 1323 381 1346 ut
392 1324 458 1354 quae
481 1317 512 1342 t'n
532 1319 665 1352 paupere
686 1323 743 1343 non
757 1322 822 1345 erat
847 1314 979 1345 SimonIa
1002 1336 1012 1352 ,
1035 1310 1071 1352 fit
1098 1319 1130 1344 in
1154 1316 1233 1346 div!-

350 1372 396 1395 τε.
427 1365 471 1394 Et
492 1366 569 1392 ratio
592 1361 630 1401 est
651 1363 851 1402 patentiffima
872 1386 879 1394 .
918 1365 1005 1394 Na'm
1036 1365 1166 1396 simonia
1198 1375 1235 1396 ex

351 1412 457 1452 objec‘lo
464 1410 588 1454 speciem
596 1410 746 1455 sortitur,-
774 1414 878 1453 nempe
890 1418 963 1454 quia
981 1411 1141 1457 spirituale
1166 1425 1236 1447 ven·

350 1466 456 1503 ditur,
487 1470 565 1502 puta
579 1461 812 1504 Profeffioipsa,
840 1463 961 1497 &locus
974 1464 1176 1508 inreligione.
1205 1466 1236 1499 51

351 1522 448 1545 autem
468 1512 543 1545 illud
565 1521 688 1544 cavetur
705 1535 714 1552 ,
741 1514 773 1545 (5
795 1519 922 1554 pecunia
948 1513 1063 1554 nonnisi*
1072 1522 1128 1554 pro
1154 1513 1234 1548 vleffu

349 1567 490 1604 recipitur
516 1585 526 1600 ,
553 1560 669 1604 etiamsi
689 1562 894 1601 Monaflerium
917 1563 965 1595 illo
984 1561 1106 1605 subsidio
1139 1565 1229 1598 nulla-

350 1624 437 1645 tenus
462 1621 563 1655 egeat,
587 1617 696 1653 poterit
710 1614 828 1655 quidem
839 1613 889 1655 effe
898 1621 1047 1655 peccatum
1073 1620 1231 1654 avaritiae,

350 1675 408 1695 non
432 1671 531 1696 tamen
553 1664 708 1695 simoniae.
741 1662 905 1696 Existimo
928 1687 938 1703 ,
966 1664 1023 1697 nisi
1047 1663 1126 1697 adsit
1150 1667 1230 1698 titu-

349 1713 421 1748 lus,
445 1714 508 1746 effe
536 1712 735 1760 simoniam.
764 1712 867 1748 Porro
881 1711 1093 1751 lucidissimus
1116 1715 1231 1749 titulus

349 1762 394 1796 est
422 1786 433 1802 ‚
463 1763 541 1795 dum
570 1762 628 1796 dos
666 1762 811 1806 exigitur
854 1774 910 1806 pro
935 1763 1074 1799 ceffione
1103 1765 1229 1799 futura-

349 1824 421 1846 rum
445 1811 683 1846 haered.tatum.
713 1813 815 1846 Hunc
843 1813 979 1847 titulum
1014 1814 1047 1847 in
1078 1814 1232 1849 Confiliis

349 1864 388 1896 ad
419 1864 553 1897 titulum
576 1864 615 1895 de
654 1861 870 1906 Regularibus
903 1865 1040 1907 agnovit
1065 1864 1230 1899 Martinus

352 1914 537 1947 Navarrus:
566 1915 786 1952 Remorum,
813 1915 878 1948 cum
900 1916 979 1946 male
1006 1914 1187 1947 traetaretur
1210 1917 1229 1947 ἃ

349 1972 467 2002 matre,
494 1963 617 2005 ingressa
641 1963 845 2003 Monasterrum
860 1988 870 2002 ,
897 1969 1035 1996 convenit
1061 1966 1192 1997 camillo
1220 1988 1230 2004 ,

348 2014 430 2055 quod
449 2014 504 2045 loco
527 2014 605 2044 dotis
626 2012 745 2045 haberet
762 2012 968 2047 haeredi'tatem
983 2038 995 2055 ,
1030 2025 1098 2056 quae
1120 2019 1146 2046 ei
1168 2025 1220 2047 con

350 2062 485 2105 tingebat
504 2062 565 2102 post
588 2071 708 2094 mortem
743 2063 848 2094 matris
869 2086 879 2101 ,
905 2075 998 2104 quam
1020 2071 1122 2095 tamen
1160 2066 1231 2096 anre*

351 2113 505 2155 ingressum
528 2120 623 2144 matre
642 2121 762 2152 petente
786 2136 796 2151 ,
816 2113 929 2145 *occulte
957 2120 1187 2145 renuntiaverat
1219 2138 1224 2144 .

354 2163 449 2196 Circa
475 2172 572 2204 quam
595 2163 667 2195 faeti
682 2162 818 2203 speciem
834 2162 964 2196 resolvit
978 2162 1034 2194 ille
1051 2161 1136 2195 varia
1152 2186 1158 2194 .
1189 2162 1228 2195 Et

355 2212 388 2244 in
404 2210 596 2252 quibusdam
610 2210 747 2244 labitur.
778 2209 953 2244 Praesertim
969 2211 1057 2252 quod
1072 2212 1227 2252 supponat

355 2260 447 2294 istam
473 2260 752 2293 renuntiationem
765 2259 913 2293 valuisse.
943 2260 1075 2293 Etenim
1089 2271 1135 2293 res
1149 2260 1230 2294 vide-

356 2320 408 2344 tur
428 2311 496 2343 asta
521 2311 554 2343 in
580 2309 678 2349 loco,
705 2310 760 2344 ubi
789 2321 855 2343 non
873 2310 979 2354 viguit
1008 2310 1080 2343 Lex
1117 2321 1231 2344 manus

356 2371 516 2397 mortuae,
544 2359 684 2402 ideoque
707 2361 914 2393 manifestum
936 2360 980 2394 est
1003 2361 1095 2394 istam
1116 2361 1229 2394 ceffio-

358 2421 434 2444 nem
459 2409 552 2444 fuisse
577 2410 697 2445 nullius
709 2409 879 2454 ponderis.
908 2410 950 2443 Et
966 2422 1032 2443 non
1056 2421 1124 2444 erat
1150 2422 1231 2454 opus

358 2460 416 2494 ista
438 2460 663 2494 conventione
688 2483 694 2491 .
735 2459 866 2495 Etenim
904 2460 1142 2494 Monasterium
1179 2471 1232 2504 per

360 2509 565 2544 Bernardinae
597 2509 826 2552 profeffionem
862 2519 928 2543 erat
962 2512 1175 2544 successurum
1200 2511 1231 2543 in

357 2559 469 2592 omnia.
492 2559 560 2601 ejus
580 2559 666 2602 jura.
694 2558 827 2592 Interim
844 2558 988 2603 quaedam
1011 2560 1108 2594 etiam
1134 2560 1233 2594 Laica

357 2608 581 2649 Tribu‘nalia‚
607 2609 691 2651 apud
714 2621 780 2652 quae
802 2610 890 2653 viget
910 2611 1038 2652 praefata
1065 2610 1139 2650 lex,
1167 2622 1233 2654 pro-

357 2658 547 2702 bantatque
569 2659 746 2693 admittunt
769 2659 952 2694 istiusmodi
970 2661 1227 2694 conventiones.

358 2710 502 2745 Admitti
523 2708 603 2743 item
626 2709 708 2742 olim
747 2720 920 2751 poterant,
947 2721 983 2743 ac
1005 2711 1103 2744 etiam
1137 2710 1236 2745 hodie

358 2759 477 2804 possint
490 2784 500 2799 ,
527 2759 582 2793 ubi
595 2770 662 2792 non
675 2759 806 2794 fuitaut
829 2771 895 2792 non
907 2759 952 2794 est
968 2771 1081 2794 manus
1097 2771 1231 2794 mortua.

359 2810 493 2843 Etenim
514 2820 704 2852 competens
721 2810 802 2842 mihi
826 2808 876 2851 jus
890 2808 1003 2852 poffim
1028 2822 1081 2853 per
1096 2813 1185 2853 pasta
1204 2811 1236 2844 ἀ

358 2860 583 2903 stipulationes
596 2858 740 2893 firmare.
770 2859 1052 2894 Etnullaisticest
1078 2861 1126 2894 vel
1153 2860 1236 2894 dilu-

359 2919 392 2943 ta
412 2910 553 2944 simoniae
564 2909 694 2943 umbra.
726 2909 837 2956 Quare
848 2910 944 2943 eriam
971 2909 1139 2952 probandae
1161 2912 1237 2944 sunt

359 2961 620 3005 conventiones,
646 2970 715 3002 quae
739 2970 797 3002 pro
818 2960 925 2992 futura
949 2957 1133 2994 haereditate
1171 2961 1238 2994 exi·

359 3020 441 3052 gunt
461 3010 603 3051 aliquam
633 3008 743 3043 dotem
758 3034 764 3041 .
780 3009 852 3042 Nec
867 3009 1083 3043 dubitandum
1096 3010 1235 3055 est,quin

358 3057 425 3091 haec
445 3058 481 3091 fit
504 3059 605 3100 prima
630 3059 887 3094 Monassicarum
901 3059 1030 3094 dotium
1042 3061 1159 3105 origo.
1190 3061 1233 3094 Et

359 3106 445 3143 hanc
483 3107 584 3141 nostri
619 3109 763 3151 Maiores
786 3111 981 3145 censuerunt
1017 3110 1208 3148 innoxiam.

531 3206 807 3244 CAPUT
904 3209 1050 3245 XVII.

513 3309 725 3350 Expediuntur
747 3309 858 3350 aliquot
881 3310 1085 3353 ‚Qua-stiones.

484 3458 633 3494 rumdam
644 3457 920 3493 Monasteriorutn
942 3469 1037 3502 mos,
1062 3461 1233 3497 autetiam

1092 3525 1132 3545 ..1⁴

365 3406 590 3517 QUaestio
602 3407 701 3452 prima
712 3407 758 3442 est
773 3431 783 3447 ‚
810 3405 864 3440 An
889 3408 1076 3452 probandus
1097 3410 1134 3444 fit
1153 3422 1234 3455 quo-

1314 261 1415 295 dore?
1442 261 1641 306 Respondeo
1667 270 1791 294 morem
1814 261 1876 293 esse
1895 257 2151 295 abominabilem
2178 281 2186 288 .

1311 310 1444 346 Etenim
1457 312 1602 347 excludit
1615 322 1730 346 omnes
1749 321 1922 353 pauperes,
1948 312 1987 345 de
2000 307 2117 355 quibus
2142 317 2189 339 re-

1310 365 1358 400 ste
1371 364 1478 398 scribit
1497 365 1530 396 in
1543 362 1627 395 libro
1638 361 1678 394 de
1691 359 1934 394 Monachorum
1947 372 2043 404 opere
2067 357 2190 390 sanetu-

1310 414 1535 460 Augustinus:
1564 414 1694 446 Veniunt
1704 413 1873 452 plerumque
1885 411 1930 441 ad
1948 410 2024 442 banc
2043 407 2187 449 profcffios

1308 477 1376 499 nem
1395 464 1554 508 servitutis
1593 462 1648 493 Det*
1669 461 1703 493 l&
1724 474 1761 494 ex
1786 462 1948 494 conditione
1967 459 2073 502 servili
2099 481 2111 497 ,
2137 457 2188 490 vel

1307 520 1398 548 etiam
1408 514 1507 548 liberti
1518 538 1528 554 ,
1556 512 1607 545 vel
1620 519 1742 552 propter
1755 510 1805 543 boc
1819 514 1839 545 ἃ
1864 515 1999 543 Dominis
2021 508 2186 549 liberattfi—

1294 577 1346 598 ¹ve
1358 565 1506 598 liberandi
1519 587 1529 603 ,
1555 563 1589 595 (9⁸
1610 572 1647 594 ex
1671 566 1738 593 vita
1761 560 1928 601 rusticana,
1955 563 1988 593 (θ’
2003 571 2040 592 ex
2055 559 2186 600 opificum

1291 589 1518 686 'exercitatione
1530 638 1539 652 ,
1568 610 1724 652 &plebejo
1733 611 1831 644 labore
1847 614 1933 645 tanto
1947 617 2045 651 utique
2048 610 2186 651 felicius,

1306 667 1418 707 quanto
1435 664 1548 706 fortius
1575 662 1715 699 educati,
1745 667 1797 701 qut
1811 659 1842 702 fi
1859 672 1915 693 non
1938 663 2148 693 admittantur
2172 684 2186 700 ,

1289 688 1294 753 l
1300 726 1399 760 grave
1414 723 1569 756 peccatum
1590 711 1627 752 est
1643 735 1650 742 .
1677 711 1765 745 Multi
1776 716 1854 744 enim
1866 721 1903 744 ex
1925 721 1955 743 eo
1974 722 2092 743 numero
2115 711 2186 743 vere

1305 770 1406 809 magni
1429 765 1462 798 Θ·
1481 764 1623 796 imitandi
1645 767 1829 794 extiterunt.
1856 765 1944 796 Nam
1965 764 2125 804 propterea
2150 762 2185 794 (5

1305 816 1424 857 infirma
1448 815 1551 847 mundi
1571 814 1656 855 elegit
1670 815 1774 850 Deus,
1800 820 1834 843 ut
1855 810 2049 849 confunderet
2064 811 2182 852 fortia:

1304 867 1338 901 &t
1342 865 1436 906 stulta
1456 865 1562 897 mundi
1580 863 1688 905 elegit,
1726 871 1758 894 ut
1783 860 1975 902 confunderet
1992 859 2147 904 sapientes
2176 886 2183 894 .

1305 915 1346 949 Et
1371 915 1475 951 infra:
1504 918 1558 947 Ex
1579 914 1692 945 illorum
1714 922 1853 949 numero,
1888 916 1940 952 qui
1963 916 2060 944 vitam
2087 911 2183 946 labore
2202 907 2346 954 Cap.25.

1301 965 1425 1007 corporis
1442 963 1641 1007 tranfigebant
1650 986 1660 1002 ‚
1683 963 1784 1003 plures
1798 963 1841 993 ad
1850 960 2027 1000 Monasteria
2040 966 2181 1002 veniunt,

1301 1023 1373 1056 quta
1387 1014 1544 1057 &inipso
1568 1013 1697 1046 humano
1713 1023 1817 1056 genere
1836 1012 1938 1053 plures
1961 1009 2052 1054 fient.
2081 1012 2122 1045 Et
2148 1013 2183 1045 in

1303 1065 1431 1098 suorum
1445 1064 1688 1099 Monachorum
1709 1062 1835 1105 Regula
1851 1061 1958 1097 scribit
1985 1062 2109 1096 sanstus
2130 1062 2182 1095 lsr-

1302 1116 1400 1149 dorus
1424 1115 1720 1157 Archi-Episcopus
1745 1113 1938 1154 Hispalensis
1962 1123 1968 1142 :
2009 1118 2052 1147 Hi·
2075 1119 2125 1154 qui
2146 1113 2183 1146 de
2201 1108 2279 1153 Cap.
2295 1117 2329 1155 4.

1294 1172 1467 1206 paupertate
1491 1171 1523 1197 in
1552 1163 1724 1203 Monasterio
1750 1171 1964 1196 convertuntur
1991 1184 2001 1200 ,
2028 1174 2085 1196 non
2108 1162 2183 1207 sunt

1301 1215 1481 1257 despiciendi
1492 1215 1530 1248 ab
1542 1220 1608 1254 eis,
1633 1220 1685 1258 qui
1693 1211 1797 1257 saecult
1806 1214 1936 1245 divitias
1963 1214 2144 1255 rel1querunt
2171 1236 2184 1252 ‚

1300 1271 1371 1308 quia
1384 1266 1468 1307 apud
1482 1267 1577 1297 Deum
1590 1269 1675 1298 unius
1686 1265 1802 1296 ordinis
1819 1261 1967 1295 habentur
1979 1274 2080 1295 omnes
2093 1286 2104 1301 ,
2130 1267 2183 1305 qul

1301 1323 1514 1348 convertuntur
1540 1315 1585 1345 ad
1615 1312 1774 1351 Christum.
1805 1316 1910 1353 Neque
1935 1316 2014 1343 enlm
2042 1311 2148 1351 differt
2169 1333 2181 1349 ,

1300 1366 1398 1398 utrum
1414 1376 1452 1397 ex
1477 1369 1557 1404 inopi
1584 1360 1637 1399 ‘uel
1652 1360 1760 1406 servili
1782 1363 1942 1394 conditione
1963 1363 2007 1392 ad
2019 1359 2183 1402 servitium

1302 1419 1356 1448 Dei
1367 1412 1486 1456 quisque
1498 1419 1615 1447 venerit
1625 1436 1635 1452 ‚
1662 1424 1703 1444 an
1716 1423 1753 1444 ex
1761 1409 1901 1455 generosa
1923 1412 1958 1443 θ’
1974 1411 2116 1452 locuplete
2134 1418 2184 1444 vt-

1300 1474 1353 1497 ta.
1382 1464 1472 1497 Multi
1494 1469 1574 1497 enim
1598 1473 1636 1495 ex
1645 1460 1758 1502 plebejo
1770 1459 1856 1502 censu
1879 1461 2059 1493 documentis
2084 1467 2180 1494 virtu-

1298 1523 1361 1550 tum
1381 1519 1501 1546 eximtis
1520 1518 1688 1549 enitentes,
1719 1511 1913 1552 praelatiores
1938 1509 2079 1543 nobilibus
2094 1511 2179 1554 fa&

1292 1563 1365 1608 sunt
1378 1588 1388 1604 ,
1414 1562 1514 1606 eosque
1530 1569 1682 1596 virtutum
1695 1562 1869 1594 excellentia
1877 1569 2092 1602 praevenerunt
2107 1585 2118 1601 ,
2144 1563 2180 1595 &³

1298 1621 1351 1658 qui
1367 1624 1453 1647 erant
1478 1614 1639 1646 conditione
1664 1610 1775 1652 infirmi
1790 1633 1799 1648 ,
1830 1615 1960 1642 virtutis
1979 1615 2081 1643 merito
2095 1610 2180 1653 fa&

1293 1663 1363 1707 sunt
1371 1669 1483 1706 primi.
1512 1667 1599 1695 Nam
1608 1663 1766 1703 propterea
1786 1659 1908 1702 infirma
1944 1661 2048 1695 mund}
2085 1662 2173 1704 elegit

1297 1717 1400 1755 Deus,
1425 1724 1457 1747 ut
1469 1711 1778 1754 confunderetfortes.
1810 1710 1859 1742 Ex
1878 1710 1988 1744 infima
2002 1709 2104 1753 plebis
2127 1712 2179 1747 fae·

1297 1777 1333 1799 ce
1346 1775 1518 1808 pauperum
1531 1788 1541 1803 ‚
1568 1764 1623 1805 qui
1638 1763 1671 1794 in
1688 1761 1891 1795 Monasserio
1906 1761 1945 1794 ad
1969 1761 2105 1794 eximias
2117 1761 2178 1794 vir-

1298 1826 1380 1849 tutes
1399 1825 1436 1848 ac
1456 1815 1618 1857 supremas
1641 1811 1790 1846 Eccleslae
1821 1810 2004 1854 dignitates
2035 1810 2181 1853 profece-

1297 1876 1391 1904 runt,
1419 1866 1493 1898 sunt
1519 1864 1688 1896 innumera
1713 1861 1861 1904 exempla
1882 1885 1890 1892 .
1918 1861 2050 1893 Etenim
2076 1860 2109 1894 δε
2130 1859 2178 1903 ip-

1295 1915 1314 1947 si
1354 1916 1451 1950 saneti
1492 1913 1645 1959 Apostoli
1690 1913 1823 1947 fuerunt
1863 1911 2047 1957 pauperculi
2078 1910 2179 1956 pisca-

1296 1976 1380 2000 tores
1396 1990 1403 1997 .

1348 2014 1439 2046 Hinc
1462 2013 1597 2053 antiqua
1629 2013 1739 2055 magni
1774 2011 1981 2051 Imperatoris
2017 2008 2178 2042 Constan-

1294 2064 1354 2097 tini
1370 2064 1439 2096 Lex
1452 2061 1550 2096 habet
1564 2075 1574 2094 .·
1602 2061 1725 2093 Nullum
1738 2060 1874 2100 deinceps
1888 2063 2072 2092 Decurionem
2084 2083 2096 2099 ‚
2122 2059 2177 2092 vel

1294 2127 1331 2146 ex
1348 2117 1503 2144 Decurione
1513 2116 1698 2152 progenitum
1710 2134 1720 2149 ‚
1748 2112 1798 2142 vel
1820 2116 1912 2142 ettam
1925 2109 2096 2150 instruant»
2108 2111 2174 2142 ido·

1297 2169 1359 2195 neis
1382 2165 1410 2193 F
1413 2161 1594 2193 acultasrbus
1610 2183 1620 2198 ,
1647 2169 1735 2200 atque
1746 2160 1888 2192 obeundis
1908 2160 2034 2201 publicis
2047 2164 2175 2192 muneri-

1298 2212 1352 2245 bus
1372 2219 1569 2251 opportunum
1593 2211 1636 2240 ad
1646 2210 1824 2241 clericorum
1836 2220 1940 2241 nomen
1952 2207 2176 2251 obsequiumque

1295 2260 1470 2304 confugere,
1491 2257 1548 2301 sed
1572 2270 1617 2292 eos
1642 2259 1678 2290 de
1701 2268 1802 2292 caetero
1824 2264 1855 2289 in
1878 2257 2081 2298 defunaorum
2092 2260 2178 2291 dum·

1296 2320 1386 2344 taxat
1407 2311 1580 2344 clericorum
1609 2310 1669 2340 loca
1689 2306 1843 2351 subrogari
1869 2331 1880 2347 ,
1920 2314 1970 2349 qul
1985 2308 2114 2349 fortuna
2133 2316 2176 2341 te-

1297 2372 1390 2400 nues,
1418 2370 1510 2402 neque
1545 2358 1713 2391 muneribus
1747 2357 1884 2391 civilibus
1913 2357 1987 2399 sunt
2011 2357 2138 2398 obstrieli
2165 2382 2173 2389 .

1298 2412 1350 2445 Ha
1357 2422 1396 2443 nc
1408 2411 1530 2454 Legem
1542 2410 1687 2453 optimus
1698 2407 1851 2450 Princeps
1865 2408 2037 2443 confirmat
2050 2409 2083 2441 in
2109 2407 2175 2442 alia

1298 2462 1337 2494 ad
1361 2461 1489 2493 Bassum
1508 2458 1686 2493 Praetorio-
1710 2457 1902 2493 Praefestum
1924 2481 1935 2497 ,
1961 2469 1998 2492 ac
2025 2458 2059 2491 in
2082 2458 2175 2501 Lege
2201 2481 2211 2495 ,

1299 2511 1413 2554 scripta
1424 2510 1463 2544 ad
1475 2509 1616 2552 ejusdem
1642 2507 1813 2551 dignitatis
1837 2507 2015 2541 Ablavium
2029 2532 2041 2549 ,
2066 2508 2100 2541 δε
2121 2507 2175 2544 ad·

1297 2561 1406 2606 jungit
1427 2560 1576 2594 causam:
1603 2559 1763 2599 opulentos
1782 2557 1886 2599 saecult
1905 2555 2005 2599 subire
2034 2558 2174 2597 necefflta·
2192 2552 2229 2588 L·
2243 2562 2273 2601 3.
2284 2552 2337 2601 ¹¹3·

1298 2605 1345 2644 te's
1367 2617 1477 2652 oportet
1492 2632 1502 2648 ,
1527 2617 1674 2652 pauperes
1690 2606 1882 2648 Ecclefiarum
1902 2609 2023 2641 divitiis
2032 2605 2175 2651 sufflenta·

1298 2667 1345 2693 rt.
1374 2660 1496 2693 Extant
1510 2657 1621 2693 haecin
1647 2656 1883 2691 sexto-decimo
1906 2656 1991 2690 libro
2014 2657 2176 2691 Theodo-

1299 2711 1377 2744 fiani
1391 2709 1527 2744 Codicis
1539 2708 1578 2743 ad
1592 2706 1769 2742 secundum
1794 2707 1926 2741 titulum
1940 2729 1948 2738 .
1976 2707 2019 2740 Et
2033 2706 2111 2740 hinc
2123 2707 2175 2740 lu·

1299 2771 1351 2794 cet
1367 2760 1522 2804 plurimos
1535 2759 1712 2802 primorum
1727 2757 1915 2792 saeculorum
1939 2755 2118 2798 Episcopos
2137 2757 2172 2790 &

1300 2811 1446 2844 Clericos
1458 2809 1550 2843 fuisse
1561 2819 1601 2842 ex
1614 2806 1804 2851 pauperibus
1814 2831 1821 2839 .
1851 2805 1893 2840 Et
1904 2807 2033 2840 suerunt
2045 2806 2170 2839 sanstis-

1300 2862 1367 2895 fimi
1380 2871 1477 2904 atque
1489 2858 1660 2893 dostiffimi
1675 2881 1682 2888 .
1709 2859 1865 2890 Attamen
1885 2857 1942 2891 ista.
1951 2856 2022 2889 Lex
2035 2866 2103 2889 non
2112 2855 2171 2890 diu

1300 2909 1395 2954 plene
1408 2909 1491 2943 vixit
1507 2934 1516 2948 ‚
1542 2906 1683 2942 succeffit
1697 2907 1757 2939 alia
1771 2930 1782 2945 ‚
1807 2918 1849 2940 ex
1871 2906 1960 2950 cujus
1983 2906 2171 2939 imitatione

1299 2960 1474 3003 Imperator
1498 2958 1642 3001 Julianus
1663 2956 1822 2999 Apostata
1846 2957 1963 2999 scripsit
1981 2954 2021 2989 ad
2054 2956 2171 2990 Genti·

1301 3011 1383 3045 lium
1399 3009 1578 3043 Pontifices
1590 3019 1598 3040 :
1624 3006 1728 3040 Placet
1739 3007 1902 3038 sacerdotes
1912 3018 1950 3039 ex
1961 3007 2094 3040 omnibus
2104 3018 2168 3039 con-

1294 3061 1377 3100 stitut
1389 3084 1400 3100 ‚
1424 3064 1519 3101 quiin
1531 3056 1719 3091 Civitatibus
1732 3062 1834 3097 optimi
1844 3054 1917 3098 sunt
1928 3080 1939 3095 ,
1965 3058 1999 3090 Θ·
2019 3062 2167 3096 imprimis

1301 3111 1417 3152 quidem
1441 3113 1498 3142 Del
1521 3133 1531 3149 ,
1559 3108 1667 3141 deinde*
1689 3109 1760 3139 vero
1784 3105 1931 3139 hominum
1958 3107 2168 3145 amantiffimos

1300 3159 1424 3204 quosque
1435 3183 1445 3199 ,
1467 3158 1528 3200 five
1537 3153 1748 3200 pauperesfint
1760 3179 1769 3194 ,
1781 3155 1846 3196 five
1856 3158 1985 3190 divites.
2014 3161 2079 3189 Nec
2087 3162 2166 3189 enim

1299 3213 1410 3250 ullum,
1436 3211 1514 3250 quod
1530 3209 1576 3242 ,ad
1584 3218 1650 3240 eam
1660 3217 1721 3238 rem
1732 3212 1844 3238 attinet
1857 3231 1868 3246 ,
1893 3212 1972 3239 inter
1993 3205 2120 3249 obscuros
2132 3207 2166 3238 &¹

1298 3260 1419 3300 illustres
1432 3259 1517 3292 debet
1528 3259 1579 3300 effe
1587 3255 1742 3299 discrimen
1755 3279 1763 3287 .
1790 3259 1876 3289 Nam
1884 3263 1938 3299 qut
1940 3265 2064 3298 propter
2071 3259 2165 3288 animi

1299 3308 1554 3351 mansuetudinem
1564 3307 1639 3340 latet
1651 3329 1661 3345 ,
1688 3315 1872 3348 nequaquam
1879 3315 2000 3348 propter
2011 3305 2166 3349 obscurita-

1299 3358 1624 3402 tem&ignobllitatem
1633 3356 1778 3390 arcendus
1789 3355 1841 3392 est.
1870 3361 1965 3399 Igitur
1983 3357 2036 3397 etfi
2049 3363 2165 3397 pauper

1291 3410 1331 3454 fit
1342 3411 1451 3451 aliquis
1463 3416 1515 3440 aut
1524 3407 1658 3449 plebejus
1668 3404 1709 3446 ,fi
1716 3407 1827 3439 duobus
1839 3406 2066 3449 biscepraeditus
2074 3403 2109 3444 fit
2121 3416 2166 3437 or-

1298 3458 1595 3501 namentts,relrgt·0ne
1605 3467 1674 3500 erga
1686 3458 1778 3491 Deum
1780 3458 1827 3500 ,(’ῑ
1838 3463 1870 3493 tn
1882 3457 2008 3491 homines
2023 3454 2163 3507 ‚benigni-

2046 3513 2110 3538 tate
2120 3526 2134 3545 2

2206 432 2285 478 Cap.
2296 443 2347 473 22.
