2366 3736
748 127 818 161 AD
853 115 1184 160 Hnunrcum
1220 110 1442 166 Notus.

253 192 289 226 ite
300 197 423 238 quidam
439 195 490 229 boc
506 195 612 239 saeculo
619 199 784 240 perniciose
817 198 940 236 dicunt,
963 203 1055 227 terror
1071 205 1133 227 con-

250 242 388 285 fiunem
404 253 529 287 propter
558 246 772 290 apprehensum
787 246 934 288 gebenna
952 243 1135 287 supplicium.

254 294 474 331 Confirmavit
494 298 693 332 Tridentina
706 296 872 336 Synodus,
885 294 1053 335 definiens
1078 305 1135 327 ter-

239 355 360 378 ·rorem
382 346 480 380 istum
504 360 572 381 non
598 348 661 380 effe
677 355 799 388 partem
818 344 1024 382 Poenitentiae
1039 368 1049 383 ,
1072 341 1136 378 hoc

248 394 299 428 ¹³st
311 419 320 433 ‚
335 405 401 428 non
424 398 489 432 ,effe
509 396 776 433 Contritionem.
806 395 853 429 At
869 397 945 430 vero
971 394 1058 436 apud
1072 393 1137 427 Au-

252 445 381 488 gustam
403 447 571 482 meliorata
591 444 782 486 Lutherana
820 444 990 483 Confieffio
1020 445 1137 477 fatetur

249 494 502 530 contritionem
524 496 586 529 esse
611 506 679 529 non
693 495 798 530 nudos
820 495 978 537 ejusmodi
992 503 1140 532 terrores,

254 543 307 578 sed
327 551 361 578 in
380 547 488 587 quibus
510 546 637 578 dolemus
653 558 711 578 non
729 547 853 588 peccaffie
865 570 876 587 ,
897 547 931 579 <5
950 553 1074 586 peccata
1087 545 1137 578 de-

253 595 393 635 testamur
421 605 456 627 ac
471 594 614 638 fugimus
629 621 636 628 .
668 596 721 631 Ut
735 596 831 629 nobis
851 594 1040 638 impactade
1057 593 1134 630 utili

249 644 331 677 citra
354 641 480 677 bonum
505 645 671 680 utentium
693 656 820 682 motum
834 670 844 686 ,
870 647 922 680 seu
943 645 1023 678 citra
1036 644 1134 677 fidem

250 692 286 728 in
299 690 468 731 Christum
479 719 490 734 ,
511 695 723 732 Poenitentiae
736 697 946 732 Sacramento
957 696 1133 736 calumnia,

250 751 382 777 maneat
401 744 491 779 firma
503 768 513 784 ,
532 746 683 785 adfirmat
704 746 953 780 Contritionem
979 743 1076 783 nobis
1089 744 1134 777 es-

242 795 283 827 -se
313 802 354 825 ex
378 793 449 828 solo
471 795 578 830 servili
602 795 825 840 gehennarum
849 806 938 830 metu
961 805 1075 828 natum
1097 804 1133 832 ac

250 843 431 877 formatum
451 844 493 879 de
515 846 654 890 peccatis
673 845 844 885 dolorem,
864 844 897 877 ὃ(
923 844 1046 888 pergit:
1070 847 1133 876 Da-

252 902 360 925 mnam
383 895 417 927 &¹
436 894 501 935 illos
524 919 535 936 ,
552 899 611 938 qua·
630 906 689 928 non
708 896 809 927 docent
831 896 1016 934 remifflonem
1035 902 1131 936 pecca-

251 951 350 978 torum
367 952 425 984 per
442 944 536 986 fidem
550 949 653 988 gratis
670 953 794 987 propter
815 943 966 984 Christum
985 951 1132 988 continge-

253 991 364 1035 re,sed
378 995 557 1029 contendunt
567 999 730 1038 contingere
738 996 1042 1039 propterdlgnitatem
1054 998 1132 1027 Con·

249 1046 392 1082 trlttonlr,
403 1041 579 1083 diledtonts,
589 1054 644 1079 aut
657 1045 780 1079 altorum
793 1047 955 1087 operum&
962 1045 1071 1085 jubent
1079 1046 1133 1081 du-

253 1092 349 1126 breare
359 1091 550 1136 conscientias
565 1098 600 1128 tn
611 1096 854 1135 Poenttentiafin
866 1093 1078 1138 consequantur
1089 1105 1132 1127 re-

251 1142 402 1182 mtffionem
414 1167 425 1183 ‚
437 1145 472 1177 ό·
494 1143 659 1187 adfirmant
681 1145 757 1182 hanc
779 1145 991 1182 dubitationem
1004 1156 1061 1178 non
1082 1145 1133 1187 esse

255 1200 409 1234 peccatum
419 1218 427 1225 .
438 1193 536 1228 Seriis
550 1194 583 1233 ,ἐκ
605 1196 747 1234 adfiduis
758 1195 1131 1239 parentumnostrorum,

250 1252 356 1276 veram
380 1241 598 1280 Attritionem
632 1257 700 1279 non
722 1257 763 1280 ex
789 1245 860 1280 solo
884 1245 990 1278 servili
1018 1254 1132 1283 metu,

250 1290 306 1329 sed
327 1303 370 1327 ex
393 1292 478 1328 casta
499 1295 561 1329 Dei
583 1294 760 1335 dilestione
781 1295 927 1332 constare
945 1320 956 1336 ,
976 1294 1133 1334 formari,

249 1342 383 1376 &nasci
395 1354 545 1387 oportere
556 1346 770 1382 clamantium
792 1345 1032 1386 instantissime,
1057 1354 1133 1387 ³1²0‘

238 1390 352 1435 vlogiis
373 1394 456 1427 moti
468 1395 601 1429 tandem
617 1396 814 1430 admiserunt
840 1394 954 1432 nostr-,z
973 1394 1134 1437 purgatio-

248 1441 306 1479 nis
330 1442 468 1487 aliquid,
494 1445 848 1487 persistentes-interim
875 1443 910 1477 in
936 1442 1068 1486 pesfima
1083 1454 1133 1476 va·

247 1502 300 1526 12ae
322 1493 383 1526 suae
408 1494 449 1528 de
475 1493 598 1531 Christi
628 1494 770 1530 Domini
783 1494 901 1528 merito
913 1493 1133 1537 praesumptio-

247 1540 302 1576 nis
328 1542 527 1585 pertinacia,
554 1544 755 1592 pristinaque
778 1567 789 1583 ,
813 1555 881 1578 non
910 1541 994 1577 nihil
1021 1553 1133 1577 tamen

248 1591 500 1637 transfigurata,
520 1595 553 1628 in
577 1606 636 1628 nos
649 1595 834 1635 calumnia,
855 1594 890 1634 ἀ
912 1593 1134 1632 adseverantcs

247 1651 320 1680 non
344 1642 511 1686 laudatam
533 1644 781 1678 Contritionem
804 1668 815 1684 ‚
835 1643 888 1677 sed
908 1643 1010 1678 solam
1036 1643 1130 1676 istam

248 1691 348 1730 fidem
372 1693 435 1726 effe
453 1694 618 1738 adaequatc
642 1694 898 1738 praeparatoriam
920 1693 1061 1727 caussam
1086 1704 1130 1726 re-

247 1740 409 1785 miffionis
432 1755 639 1789 peccatorum
654 1769 662 1777 .
691 1743 781 1779 Audi
806 1744 977 1777 calumniae
1000 1743 1130 1777 transfi-

247 1791 481 1835 gurationem.-
509 1793 686 1837 Adversarii
710 1796 809 1827 dicunt
831 1802 988 1836 peccatum
1013 1798 1060 1824 tta
1086 1803 1128 1825 re-

247 1846 331 1875 mitti
344 1866 356 1883 ,
372 1847 447 1884 quta
467 1850 613 1882 contritus
639 1846 715 1879 elicit
737 1843 833 1877 auum
852 1847 1046 1880 contritionis
1059 1845 1127 1882 Dei,

241 1898 301 1933 per
326 1890 404 1925 hunc
426 1893 524 1926 at‘tum
550 1902 678 1929 meretur
700 1900 830 1937 accipere
863 1893 1049 1932 remiffionem
1069 1904 1127 1927 om·

246 1945 331 1977 nium
348 1952 535 1985 peccatorum
554 1969 562 1980 ,
592 1953 651 1980 Hoc
673 1943 751 1977 nihil
782 1943 820 1982 est
842 1942 898 1984 m‘fi
913 1944 1004 1987 legem
1027 1945 1126 1978 docere

237 1992 340 2039 ‘deleto
362 1994 550 2037 Evangelio,
575 1994 609 2031 (9
627 1994 739 2027 abolita
761 1995 938 2036 promiffr'one
953 1994 991 2025 de
1004 1992 1123 2031 Christo.

243 2044 380 2075 Tantum
390 2049 471 2077 enim
483 2050 638 2086 requlrunt
660 2046 749 2088 legem
760 2046 793 2081 (9·
806 2044 900 2088 nostra
911 2051 1018 2084 opera:
1042 2045 1124 2089 ,Quia

243 2093 295 2126 lex
316 2098 412 2137 exigit
434 2094 618 2130 dtlefflonem
637 2119 644 2126 .
685 2094 738 2126 Ex
771 2094 872 2129 servili
897 2093 1123 2137 gehennarum

242 2153 336 2182 metu
356 2154 548 2188 conceptam
570 2144 788 2187 imperfeilam
812 2143 1060 2179 Contritionem
1083 2143 1124 2178 de

234 2189 405 2237 ,hypocrisi
428 2194 595 2238 &peccati
618 2205 798 2237 augmento
809 2194 958 2230 accusare
977 2204 1045 2230 non
1068 2203 1121 2228 au-

230 2243 323 2283 slent
345 2266 358 2283 ,
390 2243 568 2288 degradare
589 2251 698 2278 tamen
732 2244 766 2281 ὅ(
787 2242 1051 2277 circumscribere
1072 2244 1122 2277 ni·

230 2301 357 2328 tuntin-
380 2304 422 2326 ex
441 2293 510 2332 alio
533 2293 721 2337 principio:
745 2293 818 2329 Esse
828 2293 1000 2328 dumtaxat
1025 2293 1120 2328 exle-

227 2343 448 2386 „gejustitiam
463 2367 473 2383 ‚
495 2342 638 2387 ideoque
653 2354 718 2377 non
733 2344 876 2378 infusum
901 2342 1117 2383 Deidonum,

236 2392 273 2425 ὅτ
295 2393 575 2436 supernaturaliter
600 2394 725 2430 bonum
749 2405 875 2428 morum
900 2394 1015 2431 volunt
1035 2393 1118 2427 adeo

226 2444 478 2482 contumaciter
489 2467 500 2483 ,
520 2454 555 2477 ut
566 2445 666 2478 etiam
685 2443 822 2488 idipsum
836 2444 957 2488 garrire
969 2455 1036 2477 non
1050 2455 1117 2479 eru·

238 2488 369 2531 bescant
389 2493 431 2526 de
454 2493 523 2535 ejus
533 2494 759 2529 formatrice&
773 2495 937 2538 genetrice
957 2493 1039 2527 casta
1053 2495 1116 2528 Dei

235 2542 430 2576 dilectione.
462 2543 544 2577 Eam
561 2545 623 2578 effe
645 2544 784 2583 volunt,
809 2544 899 2587 quod
924 2542 1025 2579 etiam
1051 2544 1117 2580 Lu-

223 2591 347 2626 itherus
369 2591 455 2626 dixit
468 2616 479 2633 ,
499 2593 669 2633 dumtaxat
684 2593 863 2628 naturalem
876 2617 887 2633 ‚
909 2604 1018 2627 revera
1033 2593 1116 2639 legis

235 2643 384 2677 effectum
404 2667 415 2683 ‚
433 2642 468 2676 &
489 2654 571 2686 opus
589 2641 676 2677 mere
693 2641 896 2677 humanum.
923 2643 1016 2678 Audi
1041 2644 1114 2678 fun·

233 2693 424 2728 (lamentum
447 2704 455 2728 ;
494 2697 566 2728 Non
584 2693 671 2734 prius
694 2693 941 2736 supernaturalis
976 2694 1007 2729 &
1029 2694 1112 2728 casta

232 2745 292 2777 Det
314 2743 432 2780 dileRio
451 2742 531 2782 adest
547 2767 558 2784 ,
591 2754 682 2785 quant
704 2739 735 2778 (it
749 2742 814 2785 fide
835 2745 1029 2780 reconciliatio
1047 2744 1112 2786 fac-

230 2803 268 2829 ta
281 2820 288 2827 .
319 2797 386 2828 Lex
407 2798 488 2826 enim
510 2804 566 2827 non
583 2794 622 2836 fit
643 2790 703 2835 fine
725 2791 839 2832 Christo
860 2819 870 2834 ,
898 2795 996 2834 juxta
1014 2794 1111 2830 illud:

230 2843 324 2877 PER
363 2843 628 2879 CHRlSTUM
666 2843 906 2880 HABEMUS
946 2843 1110 2878 ACCES·

229 2894 337 2929 SUM
366 2894 435 2927 AD
463 2892 612 2929 DEUM
631 2914 639 2924 -
666 2894 792 2928 Omnia
813 2903 889 2927 ante
909 2894 1116 2937 justificatio-⁶

230 2953 307 2978 nem
329 2955 427 2987 opera
447 2944 564 2981 volunt
584 2943 647 2978 effe
670 2953 824 2987 peccata,
846 2944 987 2987 ideoque
998 2957 1107 2980 veram

220 2994 266 3030 2&
288 2994 407 3028 castam
422 3019 432 3034 ‚
452 3005 523 3037 quae
548 3005 615 3029 non
635 2994 706 3038 agit
726 3005 892 3038 perperam
908 3019 918 3034 ,
939 2996 1002 3029 Dei
1026 2996 1104 3029 dile·

232 3044 375 3080 &ionem
391 3054 466 3081 ante
484 3045 573 3078 illam
595 3043 748 3078 adserunt
773 3056 841 3078 non
877 3046 963 3087 poffe
984 3044 1098 3079 inesse.

232 3094 281 3131 Ita
308 3105 367 3127 nos
388 3095 485 3137 gratis
498 3106 552 3137 per
572 3094 673 3128 solam
684 3095 724 3128 de
744 3092 867 3128 Christi
890 3094 1104 3130 Dominime·

232 3143 295 3177 rito
319 3144 494 3183 fiduciam,
516 3145 600 3178 circa
621 3145 769 3187 quamvis
793 3143 934 3178 nostram
954 3156 1104 3188 coopera-

231 3194 374 3231 tionem,
387 3194 502 3228 volunt
514 3194 680 3237 justificari
693 3220 699 3227 .
728 3198 923 3229 Contritionir
935 3198 1103 3238 praesertim

229 3245 412 3288 dignitatem
437 3243 552 3278 volunt
576 3244 669 3279 nullo
691 3246 784 3288 pasto
817 3247 984 3287 cooperari
1008 3257 1015 3277 :
1051 3246 1104 3282 Ur

228 3293 395 3328 Martinus
416 3292 597 3335 Lutherus,
614 3295 671 3338 qui
696 3306 756 3328 nos
779 3296 975 3338 supeream,
997 3295 1045 3329 uti
1060 3298 1103 3330 su-

228 3355 285 3388 per
309 3343 442 3377 alteram
464 3342 672 3386 impetranda:
693 3344 931 3387 justificationis
951 3348 1104 3385 caussam,

226 3393 422 3432 edificantes
453 3392 624 3429 blateravit
643 3394 799 3430 aedificare
832 3396 925 3439 supet·
955 3407 1103 3439 arenam,

213 3441 354 3483 mendax
368 3454 435 3479 non
450 3443 642 3486 reperiatur.
670 3444 835 3481 Adversus
861 3445 950 3491 quod
963 3445 1101 3494 dogma-

292 3531 294 3534 1
321 3491 428 3535 christ.
441 3496 518 3535 Lupi
530 3497 630 3536 Opera
640 3496 786 3530 Tam-XI.

1951 132 2044 177 253

1185 194 1239 233 ,tis
1260 195 1443 231 monstrum
1476 194 1558 232 reste
1577 196 1741 236 exclamat
1765 195 1914 234 laudatus
1935 201 2076 245 Joannes

1185 243 1468 324 'Daventrienfiu
1492 248 1602 287 Audisti
1621 247 1757 291 ,absurda
1780 274 1791 291 ‚
1812 251 1887 282 audi
1917 261 1994 285 nunc
2025 252 2079 285 ab·

1194 293 1351 337 surdiora.
1373 295 1550 338 Adversarii
1562 297 1624 337 fine
1644 298 1792 332 charitate
1806 297 1951 343 adserunt
1969 309 2078 342 pecca-

1197 355 1288 378 torem
1301 345 1483 389 justificari,
1505 352 1573 390 quta
1584 348 1723 388 dilec‘lto,
1748 358 1891 383 uteorum
1913 350 2016 383 verbis
2028 351 2078 383 dt-

1197 406 1318 436 cumm,
1339 408 1396 429 non
1418 394 1510 435 adest,
1531 396 1588 435 ntfi
1603 398 1786 439 priutfac‘la
1800 398 1841 439 fit
1864 401 2077 434 reconciliatio.

1198 450 1271 482 Non
1287 447 1376 480 video
1388 471 1399 487 ,
1416 457 1458 480 an
1479 447 1644 491 quidquam
1665 449 1724 480 dict
1739 450 1819 490 poffit
1840 448 1968 491 ineptius
1982 475 1989 482 .

1247 496 1330 542 Qae
1341 496 1453 529 omnia
1464 496 1689 538 confiderans,
1713 499 1842 532 &inter
1864 501 1894 533 se
1905 500 2076 534 conferens

1196 545 1345 583 laudatus
1358 546 1469 582 Frater
1485 546 1647 590 Joannes‚
1669 549 1749 580 recte
1772 549 1943 593 adjungit:
1971 552 2075 584 Facile

1197 601 1277 628 Inter
1299 594 1497 638 Adversartos
1520 596 1554 628 (5
1576 596 1742 629 Catholicos
1762 598 1800 629 Iis
1835 608 2076 641 componeretur,

1191 644 1219 686 fi
1237 645 1350 680 vellent
1372 647 1416 678 illi
1431 645 1488 687 sibl
1506 645 1572 687 ipsis
1595 645 1723 685 constare
1747 672 1757 690 ‚
1782 649 1815 681 Θ
1837 650 1996 689 scripturis
2016 662 2078 682 cre-

1196 697 1282 734 dere„
1306 695 1555 742 Fidemsaciunt
1575 697 1707 728 alteram
1731 699 1923 730 Poemrentiae
1940 706 2076 740 partem,

1197 757 1288 788 quam
1314 758 1373 778 non
1397 758 1434 782 ex
1455 743 1593 789 consensu
1613 747 1831 787 Scripturarum
1853 748 1904 789 effe
1926 750 2079 782 Poem‘ten-

1196 801 1250 828 ttae
1270 797 1394 839 cauffam
1411 795 1631 838 probavimus.
1659 800 1744 833 Nota
1762 795 1809 831 hic
1831 798 1911 843 quod
1931 799 2029 831 dicunt
2040 800 2078 833 de

1192 844 1255 886 fide
1274 851 1307 877 in
1327 846 1493 889 christum,
1515 847 1548 879 o·
1569 848 1678 879 deinde*
1702 847 1784 890 quod
1804 848 1929 879 decernit
1960 846 2077 887 sandius

1198 895 1391 942 Augustinus,
1415 898 1500 930 aliud
1515 896 1565 938 effe
1575 899 1694 930 credere
1716 900 1778 929 Deo
1790 919 1800 935 ‚
1821 898 1906 934 allud
1924 903 1956 929 r'n
1969 901 2078 939 Deum,

1195 947 1332 988 quodque
1355 947 1431 982 illud
1441 948 1600 980 multorum
1622 953 1713 979 etlam
1737 949 1903 980 a'aemonum
1919 972 1929 989 ‚
1943 948 2020 980 illud
2023 957 2078 989 ptr·

1195 1007 1310 1034 ucorum
1324 995 1363 1037 fit
1378 1020 1390 1037 ,
1402 1008 1499 1030 eorum
1504 994 1615 1038 [illicet
1628 1002 1680 1038 qui
1697 996 1760 1039 fide
1776 1002 1808 1028 in
1831 1000 1928 1030 Deum
1941 999 2075 1031 tendunt.

1197 1047 1277 1084 Fide
1293 1055 1393 1080 autem
1414 1048 1537 1084 rendere
1556 1050 1588 1079 in
1600 1050 1695 1084 ‚Deum
1715 1046 1793 1080 nibil
1812 1048 1896 1079 aliud
1915 1047 1973 1088 est,
1985 1051 2078 1090 qucim

1197 1095 1404 1138 benefaciendo
1423 1122 1434 1138 ,
1462 1095 1641 1139 obsecrando
1663 1098 1926 1135 rrconciltanonem
1946 1100 1978 1131 (25
1999 1105 2080 1131 umo-

1198 1157 1263 1182 nem
1285 1157 1352 1191 cum
1372 1150 1434 1183 Deo
1456 1157 1587 1194 quaerere
1606 1156 1666 1184 toto
1682 1147 1816 1189 pet‘lore,
1841 1148 1920 1190 quod
1936 1155 2006 1181 tunc
2027 1151 2079 1182 de-

1197 1197 1277 1229 mum
1290 1202 1461 1241 continget,
1484 1208 1550 1230 cum
1558 1195 1772 1239 pot-nitentibus
1787 1199 1820 1231 (θ’
1837 1198 2010 1240 petentibus
2024 1200 2080 1231 da-

1198 1247 1279 1282 bitur
1302 1250 1435 1289 spiritus
1456 1247 1604 1288 sunaus,
1622 1256 1679 1289 per
1699 1259 1785 1292 quem
1808 1250 1842 1282 (ε’
1860 1247 1993 1281 charitas
2018 1247 2079 1290 dlf-

1193 1296 1340 1339 funditur
1361 1305 1394 1330 tn
1415 1298 1555 1332 cordibus
1578 1308 1676 1333 eorum
1698 1323 1705 1330 .
1745 1298 1840 1335 Circa
1863 1298 2078 1341 quaestionem

1199 1346 1287 1380 hanc
1296 1346 1446 1383 adfirmat
1460 1358 1521 1380 nos
1541 1347 1575 1381 δε
1593 1346 1802 1382 Lutheranos
1814 1346 1930 1383 distare
1945 1348 2079 1382 modico

1199 1396 1395 1431 intervallo:
1422 1397 1570 1434 Omnem
1584 1397 1676 1430 litem
1698 1398 1760 1430 effe
1779 1396 1821 1434 de
1832 1396 2014 1443 significato
2027 1395 2080 1430 ha-

1199 1458 1270 1480 rum
1292 1457 1411 1480 vocum
1426 1471 1437 1487 ,
1459 1449 1597 1485 Fidesin
1620 1446 1790 1487 Christum.
1815 1446 1868 1480 Illi
1881 1448 2079 1491 pertinacem

1199 1508 1289 1530 vanae
1299 1497 1341 1530 de
1354 1496 1425 1531 solo
1439 1497 1582 1530 Domini
1596 1495 1714 1535 merito
1727 1497 1987 1541 praesumptionis
1999 1498 2083 1531 fidu-

1197 1548 1282 1581 ciam
1296 1571 1306 1585 ,
1335 1557 1396 1580 nos
1406 1546 1469 1579 esse
1480 1546 1633 1580 volumus
1645 1546 1764 1580 castam
1778 1547 1842 1579 Dei
1854 1547 2080 1589 dilectionem,

1197 1598 1252 1630 seu
1262 1596 1361 1630 fidem
1385 1596 1442 1630 tali
1455 1595 1631 1631 dilectione
1654 1597 1828 1630 formatam
1841 1609 1877 1630 ac
1889 1596 2080 1631 faecundam.

1196 1646 1297 1681 Hanc
1317 1646 1350 1682 δε
1371 1646 1427 1689 ipfi
1453 1645 1633 1680 admittant
1654 1645 1829 1691 significari
1853 1646 1921 1680 istis
1935 1647 2082 1689 vocibus,

1195 1707 1233 1730 ac
1255 1698 1317 1733 esse
1339 1697 1512 1740 palmarem
1526 1721 1537 1738 ,
1559 1695 1790 1730 &obtinendae
1812 1707 2022 1740 pcccatorum
2036 1709 2081 1732 re·

1196 1746 1338 1781 missioni
1374 1745 1472 1789 quam
1496 1745 1642 1781 maxime
1663 1747 1872 1780 necessariam
1899 1747 2081 1781 neceffariae

1195 1796 1420 1831 Contritionis
1440 1806 1564 1838 partem
1584 1820 1595 1836 ,
1620 1796 1805 1840 erimusque
1829 1796 1970 1839 populus
1998 1797 2078 1831 labii

1192 1846 1290 1881 unius
1311 1846 1345 1879 <Sc
1369 1847 1555 1882 sermonum
1577 1847 1784 1881 eorumdem.
1813 1845 1884 1879 Erit
1904 1859 1967 1890 pax
1978 1849 2078 1883 etiam

1193 1897 1277 1932 inter
1302 1907 1356 1929 me
1375 1896 1408 1931 ἀ
1431 1907 1520 1929 meos
1542 1895 1777 1933 Accusatores.
1810 1897 1863 1929 Ex
1886 1896 1952 1930 huc
1975 1899 2079 1940 usque

1191 1945 1283 1981 distis
1306 1946 1437 1980 interim
1450 1944 1541 1979 vides
1552 1946 1594 1980 ab
1616 1946 1777 1990 opinione
1801 1946 1856 1980 illa
1870 1971 1880 1986 ,
1898 1958 1969 1989 quae
1982 1948 2079 1982 Chri-

1191 1996 1326 2029 stianam
1351 1996 1601 2032 Contritionem
1625 1998 1658 2030 in
1684 1997 1753 2030 solo
1776 2007 1830 2039 per
1853 1996 1959 2031 solum
1984 1999 2077 2032 servi-

1189 2045 1254 2080 lem
1266 2057 1391 2082 metum
1406 2057 1482 2079 nato
1511 2047 1544 2082 &
1565 2045 1706 2081 formato
1718 2047 1759 2082 de
1771 2048 1910 2089 peccatis
1921 2047 2076 2085 dolorem

1189 2097 1320 2136 sistens,
1343 2094 1458 2130 adserit
1472 2095 1695 2135 Poenitentem
1713 2098 1777 2131 fine
1800 2097 1886 2131 casta
1908 2098 1972 2131 Dei
1986 2099 2072 2133 adfe-

1187 2147 1239 2182 ἂι]
1262 2146 1375 2180 saltem
1389 2147 1481 2189 super
1503 2147 1615 2182 omnia
1639 2147 1813 2181 dilectione
1824 2148 1912 2190 posse
1924 2150 2073 2182 reconci—

1187 2195 1255 2228 liari
1271 2219 1281 2235 ‚
1303 2196 1444 2239 impingi
1460 2196 1491 2228 in
1518 2196 1744 2232 Lutberanum
1770 2197 1970 2240 Augustanae
1982 2197 2071 2232 Con-

1186 2244 1329 2280 fessionis
1343 2247 1486 2290 dogma,
1508 2246 1540 2279 &
1563 2246 1727 2288 pessimam
1748 2246 1788 2280 ab
1812 2247 1877 2289 ipsa
1901 2245 1998 2288 nobis
2017 2247 2071 2283 ad·

1185 2296 1309 2330 frictam
1333 2296 1531 2331 calumniam
1554 2296 1723 2329 manifeste
1746 2295 1900 2331 verificari
1923 2321 1929 2329 .
1953 2298 2070 2332 Imitor

1185 2346 1328 2381 sancium
1352 2344 1479 2380 Patrem
1502 2346 1646 2379 nostrum
1673 2346 1898 2391 Augustinum
1922 2371 1932 2385 ‚
1960 2349 2015 2389 qui
2044 2350 2062 2382 :⁸2

1182 2394 1317 2437 Iuliano
1338 2394 1556 2439 pelagianista
1577 2419 1586 2434 ‚
1609 2398 1711 2440 ipsum
1734 2396 1906 2431 accusante
1932 2394 1972 2429 de
1994 2398 2067 2434 Ma-

1182 2444 1392 2484 nichaeismo,
1417 2445 1650 2480 demonstravit
1672 2445 1896 2482 Manichaeum
1920 2445 2064 2491 insigni-

1179 2507 1226 2529 tet
1239 2495 1394 2539 adjuvari.

1412 2544 1689 2580 CAPUT
1740 2545 1821 2578 111.

1175 2646 1271 2688 ,Quod
1287 2645 1364 2685 casta
1377 2649 1432 2679 Det
1453 2644 1575 2686 adfectu
1592 2644 1702 2688 saltem
1721 2644 1923 2688 superomnia
1946 2648 2061 2682 dilectio

1192 2693 1230 2737 sit
1245 2695 1423 2735 Christianae
1435 2701 1630 2731 contritionis
1637 2704 1715 2737 pars
1735 2696 1894 2738 essentialis
1910 2700 1942 2734 (5
1951 2707 2033 2739 prae-

1222 2750 1320 2787 apua,
1339 2744 1552 2784 demonstratur
1563 2756 1601 2779 ex
1622 2745 1792 2779 orthodoxis
1807 2748 1979 2781 Doc‘loribus
1993 2773 2004 2788 ,

1242 2804 1298 2838 per
1323 2806 1444 2838 quorum
1466 2798 1585 2838 scripta
1610 2797 1648 2829 de
1674 2800 1807 2832 Mar-tino
1836 2797 1965 2832 Luthero

1321 2845 1449 2886 Ecclesia
1475 2844 1565 2891 usque
1591 2845 1677 2879 bodie
1703 2846 1888 2888 triumphat.

1245 2896 1302 2930 lne
1324 2895 1408 2930 casta
1421 2896 1619 2931 Deiadfestu
1641 2896 1751 2930 saltem
1776 2898 1993 2940 superomnia
2005 2899 2053 2933 di-

1256 2946 1398 2981 lestionc
1410 2945 1558 2984 essenon
1569 2947 1655 2988 posse
1668 2956 1774 2981 veram
1789 2947 2052 2990 Contritionem,

1170 2996 1299 3038 abunde
1319 2996 1415 3030 nobis
1438 2997 1590 3031 dixerunt
1616 2995 1757 3038 Joannes
1782 2997 2049 3039 Daventrienfis‚

1169 3047 1201 3082 &
1221 3046 1363 3081 Petrusa
1376 3047 1480 3085 Soto,
1500 3045 1621 3080 addens
1644 3046 1863 3082 adsertionem
1886 3047 2049 3084 hancesse

1169 3108 1273 3132 unum
1294 3108 1336 3133 ex
1360 3092 1587 3130 immobilibus
1610 3094 1685 3129 fidei
1712 3095 1906 3134 Christianae
1935 3099 2050 3133 funda-

1169 3148 1286 3182 mentis
1303 3172 1310 3179 .
1353 3145 1498 3181 Eximias
1529 3143 1625 3187 hujus
1645 3145 1733 3181 Petri
1758 3147 1868 3182 laudes
1885 3173 1895 3190 ‚
1916 3149 2049 3192 ejusque

1167 3207 1346 3241 numquam
1372 3195 1444 3228 satis
1465 3194 1667 3237 praedicanda
1696 3196 1730 3230 in
1755 3209 1891 3232 omnem
1917 3198 2047 3232 Ecclesi-

1168 3259 1219 3281 am
1244 3248 1359 3281 merita
1375 3246 1484 3281 videre
1506 3245 1601 3288 poffis
1623 3246 1657 3279 in
1682 3246 1817 3281 Nicolai
1831 3247 2052 3291 Sanderiope-

1167 3309 1198 3330 re
1210 3297 1251 3331 de
1266 3296 1435 3330 schismate
1451 3294 1643 3341 Anglicano
1656 3322 1663 3330 .
1692 3296 1825 3332 Eisdem
1837 3296 2049 3339 adstipulatur

1169 3360 1220 3390 per
1234 3347 1466 3380 Hermannum
1481 3343 1583 3379 Archi
1610 3346 1810 3391 Episcopum
1823 3346 1982 3380 celebrata
1995 3347 2048 3380 ad-

1167 3397 1275 3430 versus
1303 3393 1486 3429 Lutherum
1512 3395 1720 3430 Colonienfis
1743 3395 1918 3438 synodus.-
1941 3399 2047 3430 Prtma

1168 3450 1357 3482 Poenitenttae
1370 3452 1446 3487 pars
1465 3443 1502 3485 est
1516 3449 1666 3480 contritio
1677 3469 1690 3486 ‚
1712 3457 1802 3489 quam
1815 3444 1938 3488 Ecclefia
1961 3456 2048 3480 vocat

1600 3495 1634 3528 Y
1964 3507 2014 3529 ve-
