<?xml version="1.0" encoding="UTF-8"?>
<!DOCTYPE html PUBLIC "-//W3C//DTD XHTML 1.0 Transitional//EN"
    "http://www.w3.org/TR/xhtml1/DTD/xhtml1-transitional.dtd">
<html xmlns="http://www.w3.org/1999/xhtml" xml:lang="en" lang="en">
 <head>
  <title>
</title>
<meta http-equiv="Content-Type" content="text/html;charset=utf-8" />
  <meta name='ocr-system' content='tesseract 3.04.00' />
  <meta name='ocr-capabilities' content='ocr_page ocr_carea ocr_par ocr_line ocrx_word'/>
</head>
<body>
  <div class='ocr_page' id='page_1' title='image "./operaomniastudio11lupuuoft_0379.png"; bbox 0 0 2366 3736; ppageno 0'>
   <div class='ocr_carea' id='block_1_1' title="bbox 601 99 1510 156">
    <p class='ocr_par' dir='ltr' id='par_1_1' title="bbox 601 99 1510 156">
     <span class='ocr_line' id='line_1_1' title="bbox 601 99 1510 156; baseline 0.007 -12"><span class='ocrx_word' id='word_1_1' title='bbox 601 113 667 144; x_wconf 77' lang='lat' dir='ltr'><em>DE</em></span> <span class='ocrx_word' id='word_1_2' title='bbox 704 100 910 146; x_wconf 72' lang='lat' dir='ltr'><em>Sacnrs</em></span> <span class='ocrx_word' id='word_1_3' title='bbox 948 99 1510 156; x_wconf 66' lang='lat' dir='ltr'><em>Paoeessroutnus,</em></span> 
     </span>
    </p>
   </div>
   <div class='ocr_carea' id='block_1_2' title="bbox 1873 109 1970 166">
    <p class='ocr_par' dir='ltr' id='par_1_2' title="bbox 1873 109 1970 166">
     <span class='ocr_line' id='line_1_2' title="bbox 1873 109 1970 166; baseline 0.01 -1"><span class='ocrx_word' id='word_1_4' title='bbox 1873 109 1970 166; x_wconf 68' lang='lat'><em>365⁴</em></span> 
     </span>
    </p>
   </div>
   <div class='ocr_carea' id='block_1_3' title="bbox 180 180 1997 230">
    <p class='ocr_par' dir='ltr' id='par_1_3' title="bbox 180 180 1997 230">
     <span class='ocr_line' id='line_1_3' title="bbox 180 180 1997 230; baseline 0.004 -15"><span class='ocrx_word' id='word_1_5' title='bbox 180 180 269 226; x_wconf 78' lang='lat' dir='ltr'><em>plum</em></span> <span class='ocrx_word' id='word_1_6' title='bbox 293 180 479 225; x_wconf 84' lang='lat' dir='ltr'><em>exemplum</em></span> <span class='ocrx_word' id='word_1_7' title='bbox 501 180 701 218; x_wconf 85' lang='lat' dir='ltr'><em>habemusin</em></span> <span class='ocrx_word' id='word_1_8' title='bbox 716 184 828 218; x_wconf 87' lang='lat' dir='ltr'><em>litteris</em></span> <span class='ocrx_word' id='word_1_9' title='bbox 841 183 945 219; x_wconf 76' lang='lat' dir='ltr'><em>Siricii</em></span> <span class='ocrx_word' id='word_1_10' title='bbox 962 184 1053 227; x_wconf 81' lang='lat' dir='ltr'><em>Papae</em></span> <span class='ocrx_word' id='word_1_11' title='bbox 1094 183 1311 227; x_wconf 70' lang='lat' dir='ltr'><em>*buscumque</em></span> <span class='ocrx_word' id='word_1_12' title='bbox 1337 185 1473 223; x_wconf 78' lang='lat' dir='ltr'><em>internis</em></span> <span class='ocrx_word' id='word_1_13' title='bbox 1494 182 1631 230; x_wconf 85' lang='lat' dir='ltr'><em>peccatis</em></span> <span class='ocrx_word' id='word_1_14' title='bbox 1649 207 1659 226; x_wconf 91' lang='lat'>‚</span> <span class='ocrx_word' id='word_1_15' title='bbox 1686 194 1755 229; x_wconf 83' lang='lat' dir='ltr'><em>quae</em></span> <span class='ocrx_word' id='word_1_16' title='bbox 1766 193 1887 221; x_wconf 88' lang='lat' dir='ltr'><em>certum</em></span> <span class='ocrx_word' id='word_1_17' title='bbox 1898 188 1943 222; x_wconf 87' lang='lat' dir='ltr'><em>est</em></span> <span class='ocrx_word' id='word_1_18' title='bbox 1953 187 1997 221; x_wconf 78' lang='lat' dir='ltr'><em>es-</em></span> 
     </span>
    </p>
   </div>
   <div class='ocr_carea' id='block_1_4' title="bbox 15 232 1095 3502">
    <p class='ocr_par' dir='ltr' id='par_1_4' title="bbox 15 232 1085 1319">
     <span class='ocr_line' id='line_1_4' title="bbox 181 232 1053 276; baseline 0.002 -11"><span class='ocrx_word' id='word_1_19' title='bbox 181 232 223 265; x_wconf 86' lang='lat' dir='ltr'><em>ad</em></span> <span class='ocrx_word' id='word_1_20' title='bbox 247 233 432 265; x_wconf 84' lang='lat' dir='ltr'><em>Himerium</em></span> <span class='ocrx_word' id='word_1_21' title='bbox 465 233 712 276; x_wconf 87' lang='lat' dir='ltr'><em>Metropolitam</em></span> <span class='ocrx_word' id='word_1_22' title='bbox 735 234 1014 268; x_wconf 81' lang='lat' dir='ltr'>Tarraconensem</span> <span class='ocrx_word' id='word_1_23' title='bbox 1043 248 1053 267; x_wconf 83' lang='lat'><em>.-</em></span> 
     </span>
     <span class='ocr_line' id='line_1_5' title="bbox 182 280 1055 327; baseline 0.003 -13"><span class='ocrx_word' id='word_1_24' title='bbox 182 285 230 314; x_wconf 87' lang='lat' dir='ltr'><em>.De</em></span> <span class='ocrx_word' id='word_1_25' title='bbox 243 280 289 313; x_wconf 85' lang='lat' dir='ltr'><em>bis</em></span> <span class='ocrx_word' id='word_1_26' title='bbox 316 282 439 315; x_wconf 67' lang='lat' dir='ltr'><em>Diledlio</em></span> <span class='ocrx_word' id='word_1_27' title='bbox 461 292 515 316; x_wconf 89' lang='lat' dir='ltr'><em>tua</em></span> <span class='ocrx_word' id='word_1_28' title='bbox 547 295 603 315; x_wconf 84' lang='lat' dir='ltr'><em>non</em></span> <span class='ocrx_word' id='word_1_29' title='bbox 623 286 776 327; x_wconf 66' lang='lat' dir='ltr'><em>incongrue*</em></span> <span class='ocrx_word' id='word_1_30' title='bbox 793 285 895 317; x_wconf 79' lang='lat' dir='ltr'><em>Sedem</em></span> <span class='ocrx_word' id='word_1_31' title='bbox 924 282 1055 324; x_wconf 82' lang='lat' dir='ltr'><em>Apostoli-</em></span> 
     </span>
     <span class='ocr_line' id='line_1_6' title="bbox 182 331 1058 375; baseline 0.003 -13"><span class='ocrx_word' id='word_1_32' title='bbox 182 341 247 363; x_wconf 89' lang='lat' dir='ltr'><em>cam</em></span> <span class='ocrx_word' id='word_1_33' title='bbox 269 333 395 365; x_wconf 76' lang='lat' dir='ltr'><em>credidit</em></span> <span class='ocrx_word' id='word_1_34' title='bbox 418 331 624 375; x_wconf 78' lang='lat' dir='ltr'><em>consulendam</em></span> <span class='ocrx_word' id='word_1_35' title='bbox 645 357 656 373; x_wconf 90' lang='lat'><em>,</em></span> <span class='ocrx_word' id='word_1_36' title='bbox 682 339 732 375; x_wconf 85' lang='lat' dir='ltr'><em>qui</em></span> <span class='ocrx_word' id='word_1_37' title='bbox 756 333 825 366; x_wconf 55' lang='lat' dir='ltr'><em>ada</em></span> <span class='ocrx_word' id='word_1_38' title='bbox 841 338 1020 374; x_wconf 75' lang='lat' dir='ltr'><em>poenitentIa</em></span> <span class='ocrx_word' id='word_1_39' title='bbox 1047 358 1058 374; x_wconf 92' lang='lat'><em>,</em></span> 
     </span>
     <span class='ocr_line' id='line_1_7' title="bbox 183 380 1059 424; baseline 0 -10"><span class='ocrx_word' id='word_1_40' title='bbox 183 389 336 422; x_wconf 75' lang='lat' dir='ltr'><em>tamquam</em></span> <span class='ocrx_word' id='word_1_41' title='bbox 357 392 445 415; x_wconf 86' lang='lat' dir='ltr'><em>canes</em></span> <span class='ocrx_word' id='word_1_42' title='bbox 469 383 502 416; x_wconf 72' lang='lat'><em>(9¹</em></span> <span class='ocrx_word' id='word_1_43' title='bbox 521 380 590 424; x_wconf 83' lang='lat' dir='ltr'><em>sues</em></span> <span class='ocrx_word' id='word_1_44' title='bbox 615 383 658 415; x_wconf 83' lang='lat' dir='ltr'><em>ad</em></span> <span class='ocrx_word' id='word_1_45' title='bbox 678 388 805 416; x_wconf 79' lang='lat' dir='ltr'><em>vomitus</em></span> <span class='ocrx_word' id='word_1_46' title='bbox 815 382 952 424; x_wconf 81' lang='lat' dir='ltr'><em>pristinos</em></span> <span class='ocrx_word' id='word_1_47' title='bbox 965 384 1059 416; x_wconf 72' lang='lat' dir='ltr'><em>&amp;vo-</em></span> 
     </span>
     <span class='ocr_line' id='line_1_8' title="bbox 185 430 1061 475; baseline 0.001 -12"><span class='ocrx_word' id='word_1_48' title='bbox 185 430 305 464; x_wconf 80' lang='lat' dir='ltr'><em>lutabra</em></span> <span class='ocrx_word' id='word_1_49' title='bbox 327 432 482 464; x_wconf 80' lang='lat' dir='ltr'><em>redeuntes</em></span> <span class='ocrx_word' id='word_1_50' title='bbox 498 454 509 470; x_wconf 91' lang='lat'><em>,</em></span> <span class='ocrx_word' id='word_1_51' title='bbox 536 432 570 465; x_wconf 69' lang='grc'><em>6*</em></span> <span class='ocrx_word' id='word_1_52' title='bbox 591 432 706 466; x_wconf 84' lang='lat' dir='ltr'><em>militiae</em></span> <span class='ocrx_word' id='word_1_53' title='bbox 737 433 881 475; x_wconf 83' lang='lat' dir='ltr'><em>cingulum</em></span> <span class='ocrx_word' id='word_1_54' title='bbox 894 456 903 472; x_wconf 93' lang='lat'><em>,</em></span> <span class='ocrx_word' id='word_1_55' title='bbox 930 433 964 465; x_wconf 57' lang='grc' dir='ltr'><em>(π</em></span> <span class='ocrx_word' id='word_1_56' title='bbox 986 433 1061 464; x_wconf 84' lang='lat' dir='ltr'><em>ludi-</em></span> 
     </span>
     <span class='ocr_line' id='line_1_9' title="bbox 15 480 1063 545; baseline 0.002 -32"><span class='ocrx_word' id='word_1_57' title='bbox 15 508 53 545; x_wconf 70' lang='grc' dir='ltr'>Ν</span> <span class='ocrx_word' id='word_1_58' title='bbox 186 492 254 515; x_wconf 81' lang='lat' dir='ltr'><em>cras</em></span> <span class='ocrx_word' id='word_1_59' title='bbox 281 482 448 522; x_wconf 83' lang='lat' dir='ltr'><em>voluptates</em></span> <span class='ocrx_word' id='word_1_60' title='bbox 463 504 474 520; x_wconf 94' lang='lat'><em>,</em></span> <span class='ocrx_word' id='word_1_61' title='bbox 499 482 533 514; x_wconf 60' lang='lat' dir='ltr'><em>&lt;a</em></span> <span class='ocrx_word' id='word_1_62' title='bbox 547 493 625 515; x_wconf 82' lang='lat' dir='ltr'><em>nova</em></span> <span class='ocrx_word' id='word_1_63' title='bbox 636 484 768 526; x_wconf 84' lang='lat' dir='ltr'><em>conjugia</em></span> <span class='ocrx_word' id='word_1_64' title='bbox 781 507 791 522; x_wconf 93' lang='lat'><em>,</em></span> <span class='ocrx_word' id='word_1_65' title='bbox 818 480 1004 515; x_wconf 74' lang='lat' dir='ltr'><em>&amp;inhibitos</em></span> <span class='ocrx_word' id='word_1_66' title='bbox 1016 483 1063 515; x_wconf 85' lang='lat' dir='ltr'><em>de-</em></span> 
     </span>
     <span class='ocr_line' id='line_1_10' title="bbox 54 507 1064 575; baseline 0.001 -12"><span class='ocrx_word' id='word_1_67' title='bbox 54 521 120 545; x_wconf 75' lang='lat' dir='ltr'><em>um&#39;</em></span> <span class='ocrx_word' id='word_1_68' title='bbox 139 507 169 553; x_wconf 50' lang='grc' dir='ltr'><em>εἴ</em></span> <span class='ocrx_word' id='word_1_69' title='bbox 189 532 245 563; x_wconf 74' lang='lat' dir='ltr'><em>nuo</em></span> <span class='ocrx_word' id='word_1_70' title='bbox 265 537 437 572; x_wconf 84' lang='lat' dir='ltr'><em>appetivere</em></span> <span class='ocrx_word' id='word_1_71' title='bbox 455 530 619 564; x_wconf 79' lang='lat' dir='ltr'><em>concubitus</em></span> <span class='ocrx_word' id='word_1_72' title='bbox 646 556 653 563; x_wconf 91' lang='lat'><strong>.</strong></span> <span class='ocrx_word' id='word_1_73' title='bbox 681 534 815 575; x_wconf 73' lang='lat' dir='ltr'><em>‚Quorum</em></span> <span class='ocrx_word' id='word_1_74' title='bbox 836 531 997 574; x_wconf 79' lang='lat' dir='ltr'><em>professam</em></span> <span class='ocrx_word' id='word_1_75' title='bbox 1019 537 1064 564; x_wconf 88' lang='lat' dir='ltr'><em>in-</em></span> 
     </span>
     <span class='ocr_line' id='line_1_11' title="bbox 186 580 1067 624; baseline 0.002 -12"><span class='ocrx_word' id='word_1_76' title='bbox 186 580 400 619; x_wconf 68' lang='lat' dir='ltr'><em>continentiam</em></span> <span class='ocrx_word' id='word_1_77' title='bbox 413 587 551 623; x_wconf 78' lang='lat' dir='ltr'><em>generati</em></span> <span class='ocrx_word' id='word_1_78' title='bbox 568 581 629 622; x_wconf 81' lang='lat' dir='ltr'><em>post</em></span> <span class='ocrx_word' id='word_1_79' title='bbox 646 580 852 624; x_wconf 79' lang='lat' dir='ltr'><em>absolutionem</em></span> <span class='ocrx_word' id='word_1_80' title='bbox 861 581 917 622; x_wconf 77' lang='lat' dir='ltr'><em>filii</em></span> <span class='ocrx_word' id='word_1_81' title='bbox 927 583 1067 623; x_wconf 82' lang='lat' dir='ltr'><em>prodide-</em></span> 
     </span>
     <span class='ocr_line' id='line_1_12' title="bbox 189 629 1067 673; baseline 0.001 -11"><span class='ocrx_word' id='word_1_82' title='bbox 189 637 258 664; x_wconf 84' lang='lat' dir='ltr'><em>runt</em></span> <span class='ocrx_word' id='word_1_83' title='bbox 273 652 281 659; x_wconf 92' lang='lat'>.</span> <span class='ocrx_word' id='word_1_84' title='bbox 305 632 350 661; x_wconf 87' lang='lat' dir='ltr'><em>De</em></span> <span class='ocrx_word' id='word_1_85' title='bbox 374 629 499 671; x_wconf 85' lang='lat' dir='ltr'><em>quibus,</em></span> <span class='ocrx_word' id='word_1_86' title='bbox 529 638 601 673; x_wconf 89' lang='lat' dir='ltr'><em>quia</em></span> <span class='ocrx_word' id='word_1_87' title='bbox 619 633 690 672; x_wconf 84' lang='lat' dir='ltr'><em>jam</em></span> <span class='ocrx_word' id='word_1_88' title='bbox 707 629 851 673; x_wconf 78' lang='lat' dir='ltr'><em>suffigium</em></span> <span class='ocrx_word' id='word_1_89' title='bbox 877 642 934 663; x_wconf 88' lang='lat' dir='ltr'><em>non</em></span> <span class='ocrx_word' id='word_1_90' title='bbox 954 630 1067 664; x_wconf 78' lang='lat' dir='ltr'><em>habent</em></span> 
     </span>
     <span class='ocr_line' id='line_1_13' title="bbox 186 678 1068 722; baseline 0.001 -10"><span class='ocrx_word' id='word_1_91' title='bbox 186 680 353 721; x_wconf 63' lang='lat' dir='ltr'><em>poenitendi</em></span> <span class='ocrx_word' id='word_1_92' title='bbox 365 702 376 717; x_wconf 93' lang='lat'><em>,</em></span> <span class='ocrx_word' id='word_1_93' title='bbox 401 681 436 712; x_wconf 84' lang='lat' dir='ltr'><em>id</em></span> <span class='ocrx_word' id='word_1_94' title='bbox 456 678 594 713; x_wconf 72' lang='lat' dir='ltr'><em>du&#39;ximus</em></span> <span class='ocrx_word' id='word_1_95' title='bbox 613 682 845 720; x_wconf 82' lang='lat' dir='ltr'><em>decernendum,</em></span> <span class='ocrx_word' id='word_1_96' title='bbox 868 689 899 712; x_wconf 86' lang='lat' dir='ltr'><em>ut</em></span> <span class='ocrx_word' id='word_1_97' title='bbox 907 679 970 722; x_wconf 76' lang='lat' dir='ltr'><em>fhla</em></span> <span class='ocrx_word' id='word_1_98' title='bbox 982 687 1068 713; x_wconf 85' lang='lat' dir='ltr'><em>intra</em></span> 
     </span>
     <span class='ocr_line' id='line_1_14' title="bbox 190 727 1070 774; baseline 0.001 -12"><span class='ocrx_word' id='word_1_99' title='bbox 190 727 347 768; x_wconf 83' lang='lat' dir='ltr'><em>Ecclesiam</em></span> <span class='ocrx_word' id='word_1_100' title='bbox 361 730 515 762; x_wconf 79' lang='lat' dir='ltr'><em>Fidelibus</em></span> <span class='ocrx_word' id='word_1_101' title='bbox 538 736 668 763; x_wconf 88' lang='lat' dir='ltr'><em>oratione</em></span> <span class='ocrx_word' id='word_1_102' title='bbox 686 733 875 774; x_wconf 75' lang='lat' dir='ltr'><em>jungantur,</em></span> <span class='ocrx_word' id='word_1_103' title='bbox 900 729 998 772; x_wconf 82' lang='lat' dir='ltr'><em>sacrae</em></span> <span class='ocrx_word' id='word_1_104' title='bbox 1009 735 1070 767; x_wconf 73' lang='lat' dir='ltr'><em>My-</em></span> 
     </span>
     <span class='ocr_line' id='line_1_15' title="bbox 187 778 1068 822; baseline 0.001 -11"><span class='ocrx_word' id='word_1_105' title='bbox 187 778 340 818; x_wconf 71' lang='lat' dir='ltr'><em>ster-iorum</em></span> <span class='ocrx_word' id='word_1_106' title='bbox 359 778 541 820; x_wconf 71' lang='lat' dir='ltr'><em>celebritati,</em></span> <span class='ocrx_word' id='word_1_107' title='bbox 569 787 711 822; x_wconf 86' lang='lat' dir='ltr'><em>quamvis</em></span> <span class='ocrx_word' id='word_1_108' title='bbox 734 792 793 813; x_wconf 90' lang='lat' dir='ltr'><em>non</em></span> <span class='ocrx_word' id='word_1_109' title='bbox 807 788 976 813; x_wconf 85' lang='lat' dir='ltr'><em>mereantur</em></span> <span class='ocrx_word' id='word_1_110' title='bbox 989 804 1000 819; x_wconf 93' lang='lat'><em>,</em></span> <span class='ocrx_word' id='word_1_111' title='bbox 1025 786 1068 812; x_wconf 46' lang='lat' dir='ltr'><em>ina</em></span> 
     </span>
     <span class='ocr_line' id='line_1_16' title="bbox 192 825 1070 873; baseline -0.001 -10"><span class='ocrx_word' id='word_1_112' title='bbox 192 825 291 868; x_wconf 69' lang='lat' dir='ltr'><em>terst&#39;nt</em></span> <span class='ocrx_word' id='word_1_113' title='bbox 305 852 315 867; x_wconf 85' lang='lat'><em>,</em></span> <span class='ocrx_word' id='word_1_114' title='bbox 325 831 345 860; x_wconf 80' lang='grc' dir='ltr'><em>ἃ</em></span> <span class='ocrx_word' id='word_1_115' title='bbox 357 831 514 862; x_wconf 81' lang='lat' dir='ltr'><em>Dominicae</em></span> <span class='ocrx_word' id='word_1_116' title='bbox 525 838 622 863; x_wconf 84' lang='lat' dir='ltr'><em>autem</em></span> <span class='ocrx_word' id='word_1_117' title='bbox 645 828 756 872; x_wconf 79' lang='lat' dir='ltr'><em>Mensae</em></span> <span class='ocrx_word' id='word_1_118' title='bbox 766 834 905 862; x_wconf 84' lang='lat' dir='ltr'><em>convivio</em></span> <span class='ocrx_word' id='word_1_119' title='bbox 916 828 1070 873; x_wconf 85' lang='lat' dir='ltr'><em>segregen-</em></span> 
     </span>
     <span class='ocr_line' id='line_1_17' title="bbox 194 877 1072 922; baseline 0.002 -12"><span class='ocrx_word' id='word_1_120' title='bbox 194 886 268 917; x_wconf 70' lang='lat' dir='ltr'><em>tur,</em></span> <span class='ocrx_word' id='word_1_121' title='bbox 295 888 327 911; x_wconf 81' lang='lat' dir='ltr'><em>ut</em></span> <span class='ocrx_word' id='word_1_122' title='bbox 351 878 406 911; x_wconf 88' lang='lat' dir='ltr'><em>bac</em></span> <span class='ocrx_word' id='word_1_123' title='bbox 422 878 532 921; x_wconf 84' lang='lat' dir='ltr'><em>saltem</em></span> <span class='ocrx_word' id='word_1_124' title='bbox 553 880 736 919; x_wconf 68' lang='lat' dir='ltr'><em>distindlione</em></span> <span class='ocrx_word' id='word_1_125' title='bbox 746 877 1019 919; x_wconf 78' lang='lat' dir='ltr'><em>correpti&amp;ipfiin</em></span> <span class='ocrx_word' id='word_1_126' title='bbox 1040 877 1072 922; x_wconf 88' lang='lat' dir='ltr'><em>se</em></span> 
     </span>
     <span class='ocr_line' id='line_1_18' title="bbox 191 923 1075 972; baseline -0.001 -12"><span class='ocrx_word' id='word_1_127' title='bbox 191 923 372 972; x_wconf 49' lang='lat' dir='ltr'><em>sua‘errata</em></span> <span class='ocrx_word' id='word_1_128' title='bbox 391 928 552 972; x_wconf 81' lang='lat' dir='ltr'><em>castigent,</em></span> <span class='ocrx_word' id='word_1_129' title='bbox 577 930 610 961; x_wconf 64' lang='grc' dir='ltr'><em>(τ</em></span> <span class='ocrx_word' id='word_1_130' title='bbox 626 931 693 961; x_wconf 83' lang='lat' dir='ltr'><em>aliis</em></span> <span class='ocrx_word' id='word_1_131' title='bbox 715 929 883 968; x_wconf 83' lang='lat' dir='ltr'><em>exemplum</em></span> <span class='ocrx_word' id='word_1_132' title='bbox 906 928 1039 963; x_wconf 76' lang='lat' dir='ltr'><em>tribuant</em></span> <span class='ocrx_word' id='word_1_133' title='bbox 1066 953 1075 968; x_wconf 90' lang='lat'>‚</span> 
     </span>
     <span class='ocr_line' id='line_1_19' title="bbox 192 976 1076 1021; baseline 0.002 -13"><span class='ocrx_word' id='word_1_134' title='bbox 192 976 342 1019; x_wconf 69' lang='lat' dir='ltr'><em>‘quatenus</em></span> <span class='ocrx_word' id='word_1_135' title='bbox 375 978 414 1010; x_wconf 89' lang='lat' dir='ltr'><em>ab</em></span> <span class='ocrx_word' id='word_1_136' title='bbox 436 977 574 1021; x_wconf 77' lang='lat' dir='ltr'><em>obfiaenis</em></span> <span class='ocrx_word' id='word_1_137' title='bbox 609 977 823 1020; x_wconf 77' lang='lat' dir='ltr'><em>cupiditatibus</em></span> <span class='ocrx_word' id='word_1_138' title='bbox 848 977 1042 1011; x_wconf 74' lang='lat' dir='ltr'><em>retrahantur</em></span> <span class='ocrx_word' id='word_1_139' title='bbox 1069 1003 1076 1010; x_wconf 91' lang='lat'><strong>.</strong></span> 
     </span>
     <span class='ocr_line' id='line_1_20' title="bbox 197 1027 1079 1073; baseline 0.001 -14"><span class='ocrx_word' id='word_1_140' title='bbox 197 1027 319 1073; x_wconf 59' lang='lat' dir='ltr'><em>,Quibus</em></span> <span class='ocrx_word' id='word_1_141' title='bbox 340 1035 441 1061; x_wconf 88' lang='lat' dir='ltr'><em>tamen</em></span> <span class='ocrx_word' id='word_1_142' title='bbox 456 1050 466 1066; x_wconf 96' lang='lat'>‚</span> <span class='ocrx_word' id='word_1_143' title='bbox 483 1031 622 1069; x_wconf 86' lang='lat' dir='ltr'><em>quoniam</em></span> <span class='ocrx_word' id='word_1_144' title='bbox 646 1029 761 1061; x_wconf 81' lang='lat' dir='ltr'><em>carnali</em></span> <span class='ocrx_word' id='word_1_145' title='bbox 777 1027 953 1071; x_wconf 77' lang='lat' dir='ltr'><em>fragilitate</em></span> <span class='ocrx_word' id='word_1_146' title='bbox 971 1029 1079 1061; x_wconf 83' lang='lat' dir='ltr'><em>cecide-</em></span> 
     </span>
     <span class='ocr_line' id='line_1_21' title="bbox 197 1079 1080 1120; baseline 0.001 -12"><span class='ocrx_word' id='word_1_147' title='bbox 197 1086 289 1115; x_wconf 72' lang='lat' dir='ltr'><em>runt,</em></span> <span class='ocrx_word' id='word_1_148' title='bbox 316 1081 429 1110; x_wconf 86' lang='lat' dir='ltr'><em>Viatico</em></span> <span class='ocrx_word' id='word_1_149' title='bbox 449 1088 588 1116; x_wconf 85' lang='lat' dir='ltr'><em>munere,</em></span> <span class='ocrx_word' id='word_1_150' title='bbox 614 1079 680 1110; x_wconf 74' lang='lat' dir='ltr'><em>cum</em></span> <span class='ocrx_word' id='word_1_151' title='bbox 700 1079 744 1110; x_wconf 92' lang='lat' dir='ltr'><em>ad</em></span> <span class='ocrx_word' id='word_1_152' title='bbox 764 1081 924 1109; x_wconf 86' lang='lat' dir='ltr'><em>Dominum</em></span> <span class='ocrx_word' id='word_1_153' title='bbox 936 1083 1080 1120; x_wconf 64' lang='lat' dir='ltr'><em>caeperint</em></span> 
     </span>
     <span class='ocr_line' id='line_1_22' title="bbox 193 1124 1083 1174; baseline 0.001 -15"><span class='ocrx_word' id='word_1_154' title='bbox 193 1124 357 1174; x_wconf 73' lang='lat' dir='ltr'><em>proficisci,</em></span> <span class='ocrx_word' id='word_1_155' title='bbox 379 1135 436 1168; x_wconf 76' lang='lat' dir='ltr'><em>per</em></span> <span class='ocrx_word' id='word_1_156' title='bbox 448 1133 668 1161; x_wconf 81' lang='lat' dir='ltr'><em>communionis</em></span> <span class='ocrx_word' id='word_1_157' title='bbox 674 1134 808 1170; x_wconf 83' lang='lat' dir='ltr'><em>gratiam</em></span> <span class='ocrx_word' id='word_1_158' title='bbox 830 1128 964 1160; x_wconf 79' lang='lat' dir='ltr'><em>volumus</em></span> <span class='ocrx_word' id='word_1_159' title='bbox 977 1126 1083 1170; x_wconf 81' lang='lat' dir='ltr'><em>subve-</em></span> 
     </span>
     <span class='ocr_line' id='line_1_23' title="bbox 197 1176 1083 1219; baseline 0.001 -11"><span class='ocrx_word' id='word_1_160' title='bbox 197 1179 275 1208; x_wconf 76' lang='lat' dir='ltr'><em>uiri.</em></span> <span class='ocrx_word' id='word_1_161' title='bbox 301 1177 405 1218; x_wconf 72' lang='lat' dir='ltr'><em>,Quam</em></span> <span class='ocrx_word' id='word_1_162' title='bbox 421 1176 556 1217; x_wconf 79' lang='lat' dir='ltr'><em>fhrmam</em></span> <span class='ocrx_word' id='word_1_163' title='bbox 577 1179 695 1210; x_wconf 68' lang='lat' dir='ltr'><em>&amp;circa</em></span> <span class='ocrx_word' id='word_1_164' title='bbox 709 1178 846 1211; x_wconf 83' lang='lat' dir='ltr'><em>Mulieres</em></span> <span class='ocrx_word' id='word_1_165' title='bbox 860 1202 870 1217; x_wconf 87' lang='lat'><em>‚</em></span> <span class='ocrx_word' id='word_1_166' title='bbox 895 1176 1001 1219; x_wconf 67' lang='lat' dir='ltr'><em>quaese</em></span> <span class='ocrx_word' id='word_1_167' title='bbox 1024 1176 1083 1218; x_wconf 88' lang='lat' dir='ltr'><em>post</em></span> 
     </span>
     <span class='ocr_line' id='line_1_24' title="bbox 200 1225 1085 1269; baseline -0.001 -9"><span class='ocrx_word' id='word_1_168' title='bbox 200 1227 416 1260; x_wconf 74' lang='lat' dir='ltr'><em>Paenitentiam</em></span> <span class='ocrx_word' id='word_1_169' title='bbox 425 1225 534 1260; x_wconf 79' lang='lat' dir='ltr'><em>talibus</em></span> <span class='ocrx_word' id='word_1_170' title='bbox 547 1227 756 1268; x_wconf 83' lang='lat' dir='ltr'><em>pollutionibus</em></span> <span class='ocrx_word' id='word_1_171' title='bbox 770 1229 974 1261; x_wconf 75' lang='lat' dir='ltr'><em>devinxerunt</em></span> <span class='ocrx_word' id='word_1_172' title='bbox 989 1251 1000 1267; x_wconf 95' lang='lat'><em>,</em></span> <span class='ocrx_word' id='word_1_173' title='bbox 1021 1225 1085 1269; x_wconf 81' lang='lat' dir='ltr'><em>ser-</em></span> 
     </span>
     <span class='ocr_line' id='line_1_25' title="bbox 198 1276 592 1319; baseline 0.008 -12"><span class='ocrx_word' id='word_1_174' title='bbox 198 1276 336 1308; x_wconf 75' lang='lat' dir='ltr'><em>vandam</em></span> <span class='ocrx_word' id='word_1_175' title='bbox 355 1276 405 1318; x_wconf 79' lang='lat' dir='ltr'><em>effe</em></span> <span class='ocrx_word' id='word_1_176' title='bbox 422 1276 569 1319; x_wconf 85' lang='lat' dir='ltr'><em>censemus</em></span> <span class='ocrx_word' id='word_1_177' title='bbox 585 1301 592 1309; x_wconf 86' lang='lat'>.</span> 
     </span>
    </p>

    <p class='ocr_par' dir='ltr' id='par_1_5' title="bbox 200 1324 1095 3051">
     <span class='ocr_line' id='line_1_26' title="bbox 251 1324 1085 1371; baseline 0.001 -13"><span class='ocrx_word' id='word_1_178' title='bbox 251 1324 390 1359; x_wconf 84' lang='lat' dir='ltr'><em>Publica</em></span> <span class='ocrx_word' id='word_1_179' title='bbox 401 1327 483 1359; x_wconf 92' lang='lat' dir='ltr'><em>olim</em></span> <span class='ocrx_word' id='word_1_180' title='bbox 497 1326 714 1367; x_wconf 85' lang='lat' dir='ltr'><em>Poenitentia,</em></span> <span class='ocrx_word' id='word_1_181' title='bbox 743 1327 928 1371; x_wconf 87' lang='lat' dir='ltr'><em>&amp;impensa</em></span> <span class='ocrx_word' id='word_1_182' title='bbox 953 1327 1009 1370; x_wconf 84' lang='lat' dir='ltr'><em>ipsi</em></span> <span class='ocrx_word' id='word_1_183' title='bbox 1034 1327 1085 1359; x_wconf 85' lang='lat' dir='ltr'><em>Sa·</em></span> 
     </span>
     <span class='ocr_line' id='line_1_27' title="bbox 200 1375 1087 1420; baseline 0.003 -13"><span class='ocrx_word' id='word_1_184' title='bbox 200 1375 407 1409; x_wconf 84' lang='lat' dir='ltr'><em>eramentalis</em></span> <span class='ocrx_word' id='word_1_185' title='bbox 418 1375 617 1415; x_wconf 84' lang='lat' dir='ltr'><em>Absolutio‚</em></span> <span class='ocrx_word' id='word_1_186' title='bbox 643 1388 708 1410; x_wconf 92' lang='lat' dir='ltr'><em>non</em></span> <span class='ocrx_word' id='word_1_187' title='bbox 723 1386 871 1420; x_wconf 85' lang='lat' dir='ltr'><em>poterant</em></span> <span class='ocrx_word' id='word_1_188' title='bbox 885 1377 989 1411; x_wconf 89' lang='lat' dir='ltr'><em>iterari</em></span> <span class='ocrx_word' id='word_1_189' title='bbox 1010 1400 1017 1407; x_wconf 86' lang='lat'><strong>.</strong></span> <span class='ocrx_word' id='word_1_190' title='bbox 1046 1375 1087 1408; x_wconf 81' lang='lat' dir='ltr'><em>Et</em></span> 
     </span>
     <span class='ocr_line' id='line_1_28' title="bbox 201 1422 1089 1462; baseline 0.001 -5"><span class='ocrx_word' id='word_1_191' title='bbox 201 1422 366 1458; x_wconf 82' lang='lat' dir='ltr'><em>habebant</em></span> <span class='ocrx_word' id='word_1_192' title='bbox 379 1426 486 1460; x_wconf 84' lang='lat' dir='ltr'><em>varios</em></span> <span class='ocrx_word' id='word_1_193' title='bbox 496 1427 625 1460; x_wconf 61' lang='lat' dir='ltr'><em>effedius</em></span> <span class='ocrx_word' id='word_1_194' title='bbox 636 1452 644 1459; x_wconf 91' lang='lat'>.</span> <span class='ocrx_word' id='word_1_195' title='bbox 673 1426 839 1462; x_wconf 84' lang='lat' dir='ltr'><em>Arcebant</em></span> <span class='ocrx_word' id='word_1_196' title='bbox 851 1426 869 1459; x_wconf 75' lang='lat' dir='ltr'><em>a</em></span> <span class='ocrx_word' id='word_1_197' title='bbox 882 1426 1006 1462; x_wconf 82' lang='lat' dir='ltr'><em>militia:</em></span> <span class='ocrx_word' id='word_1_198' title='bbox 1015 1426 1089 1458; x_wconf 90' lang='lat' dir='ltr'><em>cin-</em></span> 
     </span>
     <span class='ocr_line' id='line_1_29' title="bbox 201 1474 1087 1519; baseline 0.001 -12"><span class='ocrx_word' id='word_1_199' title='bbox 201 1474 284 1518; x_wconf 87' lang='lat' dir='ltr'><em>gulo</em></span> <span class='ocrx_word' id='word_1_200' title='bbox 295 1498 307 1514; x_wconf 91' lang='lat'><em>,</em></span> <span class='ocrx_word' id='word_1_201' title='bbox 331 1474 481 1509; x_wconf 86' lang='lat' dir='ltr'><em>Ludicris</em></span> <span class='ocrx_word' id='word_1_202' title='bbox 495 1476 718 1519; x_wconf 85' lang='lat' dir='ltr'><em>voluptatibus</em></span> <span class='ocrx_word' id='word_1_203' title='bbox 730 1501 739 1516; x_wconf 75' lang='grc'><strong>,</strong></span> <span class='ocrx_word' id='word_1_204' title='bbox 766 1488 803 1510; x_wconf 84' lang='lat' dir='ltr'><em>ac</em></span> <span class='ocrx_word' id='word_1_205' title='bbox 816 1487 905 1511; x_wconf 88' lang='lat' dir='ltr'><em>novo</em></span> <span class='ocrx_word' id='word_1_206' title='bbox 917 1476 1087 1519; x_wconf 84' lang='lat' dir='ltr'><em>conjugio.</em></span> 
     </span>
     <span class='ocr_line' id='line_1_30' title="bbox 201 1523 1089 1569; baseline 0.001 -13"><span class='ocrx_word' id='word_1_207' title='bbox 201 1523 247 1556; x_wconf 89' lang='lat' dir='ltr'><em>Et</em></span> <span class='ocrx_word' id='word_1_208' title='bbox 269 1523 287 1556; x_wconf 73' lang='lat' dir='ltr'><em>a</em></span> <span class='ocrx_word' id='word_1_209' title='bbox 307 1524 452 1567; x_wconf 86' lang='lat' dir='ltr'><em>pluribus</em></span> <span class='ocrx_word' id='word_1_210' title='bbox 469 1525 558 1560; x_wconf 90' lang='lat' dir='ltr'><em>aliis.</em></span> <span class='ocrx_word' id='word_1_211' title='bbox 588 1524 818 1560; x_wconf 74' lang='lat' dir='ltr'><em>Nihilominus</em></span> <span class='ocrx_word' id='word_1_212' title='bbox 838 1526 980 1569; x_wconf 88' lang='lat' dir='ltr'><em>plurium</em></span> <span class='ocrx_word' id='word_1_213' title='bbox 1006 1525 1089 1558; x_wconf 90' lang='lat' dir='ltr'><em>infir-</em></span> 
     </span>
     <span class='ocr_line' id='line_1_31' title="bbox 200 1573 1089 1615; baseline 0.001 -8"><span class='ocrx_word' id='word_1_214' title='bbox 200 1573 299 1607; x_wconf 85' lang='lat' dir='ltr'><em>mitas</em></span> <span class='ocrx_word' id='word_1_215' title='bbox 312 1574 436 1609; x_wconf 85' lang='lat' dir='ltr'><em>redibat</em></span> <span class='ocrx_word' id='word_1_216' title='bbox 456 1585 524 1609; x_wconf 88' lang='lat' dir='ltr'><em>non</em></span> <span class='ocrx_word' id='word_1_217' title='bbox 537 1576 748 1610; x_wconf 80' lang='lat' dir='ltr'><em>solummodo</em></span> <span class='ocrx_word' id='word_1_218' title='bbox 760 1576 800 1610; x_wconf 84' lang='lat' dir='ltr'><em>ad</em></span> <span class='ocrx_word' id='word_1_219' title='bbox 813 1576 870 1609; x_wconf 86' lang='lat' dir='ltr'><em>ista</em></span> <span class='ocrx_word' id='word_1_220' title='bbox 885 1600 896 1615; x_wconf 89' lang='lat'>‚</span> <span class='ocrx_word' id='word_1_221' title='bbox 924 1575 976 1609; x_wconf 89' lang='lat' dir='ltr'><em>sed</em></span> <span class='ocrx_word' id='word_1_222' title='bbox 991 1575 1089 1609; x_wconf 84' lang='lat' dir='ltr'><em>etiam</em></span> 
     </span>
     <span class='ocr_line' id='line_1_32' title="bbox 201 1623 1092 1668; baseline -0.002 -10"><span class='ocrx_word' id='word_1_223' title='bbox 201 1623 244 1658; x_wconf 78' lang='lat' dir='ltr'><em>ad</em></span> <span class='ocrx_word' id='word_1_224' title='bbox 260 1623 365 1667; x_wconf 80' lang='lat' dir='ltr'><em>pejora</em></span> <span class='ocrx_word' id='word_1_225' title='bbox 377 1649 387 1664; x_wconf 92' lang='lat'>‚</span> <span class='ocrx_word' id='word_1_226' title='bbox 415 1636 468 1668; x_wconf 88' lang='lat' dir='ltr'><em>per</em></span> <span class='ocrx_word' id='word_1_227' title='bbox 484 1625 588 1667; x_wconf 83' lang='lat' dir='ltr'><em>plures</em></span> <span class='ocrx_word' id='word_1_228' title='bbox 600 1637 704 1659; x_wconf 89' lang='lat' dir='ltr'><em>annos</em></span> <span class='ocrx_word' id='word_1_229' title='bbox 716 1625 902 1659; x_wconf 87' lang='lat' dir='ltr'><em>solemniter</em></span> <span class='ocrx_word' id='word_1_230' title='bbox 912 1624 1092 1667; x_wconf 87' lang='lat' dir='ltr'><em>deplorata,</em></span> 
     </span>
     <span class='ocr_line' id='line_1_33' title="bbox 203 1673 1091 1718; baseline -0.005 -10"><span class='ocrx_word' id='word_1_231' title='bbox 203 1674 345 1711; x_wconf 83' lang='lat' dir='ltr'><em>carnalia</em></span> <span class='ocrx_word' id='word_1_232' title='bbox 357 1676 528 1717; x_wconf 78' lang='lat' dir='ltr'><em>praesertim</em></span> <span class='ocrx_word' id='word_1_233' title='bbox 540 1676 680 1718; x_wconf 82' lang='lat' dir='ltr'><em>flagitia:</em></span> <span class='ocrx_word' id='word_1_234' title='bbox 713 1676 756 1708; x_wconf 87' lang='lat' dir='ltr'><em>Et</em></span> <span class='ocrx_word' id='word_1_235' title='bbox 777 1673 936 1706; x_wconf 75' lang='lat' dir='ltr'><em>divinitus</em></span> <span class='ocrx_word' id='word_1_236' title='bbox 960 1673 1035 1705; x_wconf 67' lang='grc' dir='ltr'><em>[ιὲὶί</em></span> <span class='ocrx_word' id='word_1_237' title='bbox 1050 1683 1091 1705; x_wconf 88' lang='lat' dir='ltr'><em>re-</em></span> 
     </span>
     <span class='ocr_line' id='line_1_34' title="bbox 203 1722 1091 1766; baseline -0.005 -9"><span class='ocrx_word' id='word_1_238' title='bbox 203 1723 272 1757; x_wconf 85' lang='lat' dir='ltr'><em>dire</em></span> <span class='ocrx_word' id='word_1_239' title='bbox 295 1724 449 1758; x_wconf 85' lang='lat' dir='ltr'><em>volebant</em></span> <span class='ocrx_word' id='word_1_240' title='bbox 461 1725 561 1757; x_wconf 84' lang='lat' dir='ltr'><em>etiarn</em></span> <span class='ocrx_word' id='word_1_241' title='bbox 580 1722 620 1755; x_wconf 83' lang='lat' dir='ltr'><em>ad</em></span> <span class='ocrx_word' id='word_1_242' title='bbox 634 1723 861 1766; x_wconf 73' lang='lat' dir='ltr'><em>poenitentiam</em></span> <span class='ocrx_word' id='word_1_243' title='bbox 873 1734 911 1756; x_wconf 84' lang='lat' dir='ltr'><em>ac</em></span> <span class='ocrx_word' id='word_1_244' title='bbox 922 1722 962 1755; x_wconf 86' lang='lat' dir='ltr'><em>ad</em></span> <span class='ocrx_word' id='word_1_245' title='bbox 976 1722 1091 1756; x_wconf 88' lang='lat' dir='ltr'><em>Domi-</em></span> 
     </span>
     <span class='ocr_line' id='line_1_35' title="bbox 203 1770 1090 1817; baseline -0.003 -12"><span class='ocrx_word' id='word_1_246' title='bbox 203 1783 284 1805; x_wconf 86' lang='lat' dir='ltr'><em>num</em></span> <span class='ocrx_word' id='word_1_247' title='bbox 297 1773 408 1806; x_wconf 89' lang='lat' dir='ltr'><em>Deum</em></span> <span class='ocrx_word' id='word_1_248' title='bbox 421 1796 429 1803; x_wconf 94' lang='lat'><strong><em>.</em></strong></span> <span class='ocrx_word' id='word_1_249' title='bbox 456 1773 567 1817; x_wconf 80' lang='lat' dir='ltr'><em>Qare</em></span> <span class='ocrx_word' id='word_1_250' title='bbox 581 1772 796 1812; x_wconf 84' lang='lat' dir='ltr'><em>Metropolita</em></span> <span class='ocrx_word' id='word_1_251' title='bbox 819 1771 990 1802; x_wconf 83' lang='lat' dir='ltr'><em>Himerius</em></span> <span class='ocrx_word' id='word_1_252' title='bbox 1003 1770 1090 1802; x_wconf 82' lang='lat' dir='ltr'><em>diffi—</em></span> 
     </span>
     <span class='ocr_line' id='line_1_36' title="bbox 205 1819 1091 1862; baseline -0.002 -9"><span class='ocrx_word' id='word_1_253' title='bbox 205 1821 304 1854; x_wconf 81' lang='lat' dir='ltr'><em>cilem</em></span> <span class='ocrx_word' id='word_1_254' title='bbox 325 1831 363 1853; x_wconf 90' lang='lat' dir='ltr'><em>ac</em></span> <span class='ocrx_word' id='word_1_255' title='bbox 384 1819 518 1853; x_wconf 88' lang='lat' dir='ltr'><em>dubiam</em></span> <span class='ocrx_word' id='word_1_256' title='bbox 541 1819 750 1862; x_wconf 85' lang='lat' dir='ltr'><em>quaestionem</em></span> <span class='ocrx_word' id='word_1_257' title='bbox 764 1819 874 1853; x_wconf 89' lang='lat' dir='ltr'><em>retulit</em></span> <span class='ocrx_word' id='word_1_258' title='bbox 887 1819 927 1852; x_wconf 87' lang='lat' dir='ltr'><em>ad</em></span> <span class='ocrx_word' id='word_1_259' title='bbox 950 1819 1091 1861; x_wconf 81' lang='lat' dir='ltr'><em>Aposto-</em></span> 
     </span>
     <span class='ocr_line' id='line_1_37' title="bbox 204 1868 1090 1911; baseline -0.005 -8"><span class='ocrx_word' id='word_1_260' title='bbox 204 1870 306 1903; x_wconf 83' lang='lat' dir='ltr'><em>licam</em></span> <span class='ocrx_word' id='word_1_261' title='bbox 323 1868 437 1903; x_wconf 83' lang='lat' dir='ltr'><em>sedem</em></span> <span class='ocrx_word' id='word_1_262' title='bbox 450 1895 457 1902; x_wconf 94' lang='lat'>.</span> <span class='ocrx_word' id='word_1_263' title='bbox 488 1870 535 1904; x_wconf 75' lang='lat' dir='ltr'><em>Et.</em></span> <span class='ocrx_word' id='word_1_264' title='bbox 550 1868 681 1903; x_wconf 87' lang='lat' dir='ltr'><em>Siricius</em></span> <span class='ocrx_word' id='word_1_265' title='bbox 708 1869 794 1911; x_wconf 84' lang='lat' dir='ltr'><em>Papa</em></span> <span class='ocrx_word' id='word_1_266' title='bbox 804 1868 956 1911; x_wconf 78' lang='lat' dir='ltr'><em>rescripfit</em></span> <span class='ocrx_word' id='word_1_267' title='bbox 980 1869 1064 1901; x_wconf 86' lang='lat' dir='ltr'><em>varia</em></span> <span class='ocrx_word' id='word_1_268' title='bbox 1083 1892 1090 1899; x_wconf 90' lang='lat'><em>.</em></span> 
     </span>
     <span class='ocr_line' id='line_1_38' title="bbox 205 1917 1092 1963; baseline -0.001 -11"><span class='ocrx_word' id='word_1_269' title='bbox 205 1917 340 1959; x_wconf 69' lang='lat' dir='ltr'><em>Primo,</em></span> <span class='ocrx_word' id='word_1_270' title='bbox 366 1920 451 1963; x_wconf 88' lang='lat' dir='ltr'><em>ipsos</em></span> <span class='ocrx_word' id='word_1_271' title='bbox 481 1919 596 1953; x_wconf 67' lang='lat' dir='ltr'><em>iterat&amp;</em></span> <span class='ocrx_word' id='word_1_272' title='bbox 616 1930 682 1952; x_wconf 87' lang='lat' dir='ltr'><em>non</em></span> <span class='ocrx_word' id='word_1_273' title='bbox 697 1920 783 1962; x_wconf 79' lang='lat' dir='ltr'><em>posse</em></span> <span class='ocrx_word' id='word_1_274' title='bbox 794 1918 922 1952; x_wconf 84' lang='lat' dir='ltr'><em>admitti</em></span> <span class='ocrx_word' id='word_1_275' title='bbox 935 1917 974 1952; x_wconf 85' lang='lat' dir='ltr'><em>ad</em></span> <span class='ocrx_word' id='word_1_276' title='bbox 987 1918 1092 1952; x_wconf 89' lang='lat' dir='ltr'><em>Poeni·</em></span> 
     </span>
     <span class='ocr_line' id='line_1_39' title="bbox 207 1966 1086 2011; baseline -0.003 -8"><span class='ocrx_word' id='word_1_277' title='bbox 207 1970 364 2003; x_wconf 87' lang='lat' dir='ltr'><em>tentiam.</em></span> <span class='ocrx_word' id='word_1_278' title='bbox 391 1968 562 2009; x_wconf 77' lang='lat' dir='ltr'><em>Secundo,</em></span> <span class='ocrx_word' id='word_1_279' title='bbox 593 1969 676 2011; x_wconf 87' lang='lat' dir='ltr'><em>ipsos</em></span> <span class='ocrx_word' id='word_1_280' title='bbox 699 1981 766 2003; x_wconf 89' lang='lat' dir='ltr'><em>non</em></span> <span class='ocrx_word' id='word_1_281' title='bbox 797 1969 859 2002; x_wconf 79' lang='lat' dir='ltr'><em>esse</em></span> <span class='ocrx_word' id='word_1_282' title='bbox 881 1966 1086 2002; x_wconf 89' lang='lat' dir='ltr'><em>deserendos.</em></span> 
     </span>
     <span class='ocr_line' id='line_1_40' title="bbox 206 2016 1093 2062; baseline -0.002 -9"><span class='ocrx_word' id='word_1_283' title='bbox 206 2016 342 2061; x_wconf 85' lang='lat' dir='ltr'><em>Utique</em></span> <span class='ocrx_word' id='word_1_284' title='bbox 364 2030 405 2052; x_wconf 94' lang='lat' dir='ltr'><em>ne</em></span> <span class='ocrx_word' id='word_1_285' title='bbox 424 2019 537 2053; x_wconf 83' lang='lat' dir='ltr'><em>deserti</em></span> <span class='ocrx_word' id='word_1_286' title='bbox 559 2018 761 2061; x_wconf 82' lang='lat' dir='ltr'><em>desperarent</em></span> <span class='ocrx_word' id='word_1_287' title='bbox 773 2029 810 2052; x_wconf 86' lang='lat' dir='ltr'><em>ac</em></span> <span class='ocrx_word' id='word_1_288' title='bbox 824 2019 1003 2061; x_wconf 86' lang='lat' dir='ltr'><em>inciperent</em></span> <span class='ocrx_word' id='word_1_289' title='bbox 1015 2029 1093 2062; x_wconf 85' lang='lat' dir='ltr'><em>gen-</em></span> 
     </span>
     <span class='ocr_line' id='line_1_41' title="bbox 205 2067 1092 2111; baseline 0 -10"><span class='ocrx_word' id='word_1_290' title='bbox 205 2068 307 2102; x_wconf 85' lang='lat' dir='ltr'><em>tiliter</em></span> <span class='ocrx_word' id='word_1_291' title='bbox 329 2069 454 2102; x_wconf 88' lang='lat' dir='ltr'><em>vivere.</em></span> <span class='ocrx_word' id='word_1_292' title='bbox 482 2068 627 2108; x_wconf 79' lang='lat' dir='ltr'><em>Tertio,</em></span> <span class='ocrx_word' id='word_1_293' title='bbox 654 2069 738 2111; x_wconf 82' lang='lat' dir='ltr'><em>ipsos</em></span> <span class='ocrx_word' id='word_1_294' title='bbox 760 2070 821 2102; x_wconf 89' lang='lat' dir='ltr'><em>esse</em></span> <span class='ocrx_word' id='word_1_295' title='bbox 844 2067 1064 2102; x_wconf 82' lang='lat' dir='ltr'><em>admittendos</em></span> <span class='ocrx_word' id='word_1_296' title='bbox 1083 2093 1092 2108; x_wconf 90' lang='lat'><em>,</em></span> 
     </span>
     <span class='ocr_line' id='line_1_42' title="bbox 207 2118 1093 2153; baseline -0.002 0"><span class='ocrx_word' id='word_1_297' title='bbox 207 2118 248 2153; x_wconf 79' lang='lat' dir='ltr'><em>ad</em></span> <span class='ocrx_word' id='word_1_298' title='bbox 270 2119 370 2152; x_wconf 91' lang='lat' dir='ltr'><em>solam</em></span> <span class='ocrx_word' id='word_1_299' title='bbox 391 2119 474 2152; x_wconf 87' lang='lat' dir='ltr'><em>intra</em></span> <span class='ocrx_word' id='word_1_300' title='bbox 498 2119 671 2152; x_wconf 84' lang='lat' dir='ltr'><em>Ecclesiam</em></span> <span class='ocrx_word' id='word_1_301' title='bbox 695 2130 770 2152; x_wconf 90' lang='lat' dir='ltr'><em>cum</em></span> <span class='ocrx_word' id='word_1_302' title='bbox 783 2118 952 2152; x_wconf 86' lang='lat' dir='ltr'><em>Fidelibus</em></span> <span class='ocrx_word' id='word_1_303' title='bbox 973 2118 1093 2151; x_wconf 90' lang='lat' dir='ltr'><em>oratio·</em></span> 
     </span>
     <span class='ocr_line' id='line_1_43' title="bbox 207 2167 1094 2207; baseline 0 -6"><span class='ocrx_word' id='word_1_304' title='bbox 207 2179 303 2201; x_wconf 83' lang='lat' dir='ltr'><em>nem.</em></span> <span class='ocrx_word' id='word_1_305' title='bbox 320 2169 400 2202; x_wconf 91' lang='lat' dir='ltr'><em>Hoc</em></span> <span class='ocrx_word' id='word_1_306' title='bbox 411 2169 455 2201; x_wconf 88' lang='lat' dir='ltr'><em>est</em></span> <span class='ocrx_word' id='word_1_307' title='bbox 468 2192 478 2207; x_wconf 92' lang='lat'><em>,</em></span> <span class='ocrx_word' id='word_1_308' title='bbox 492 2168 533 2202; x_wconf 88' lang='lat' dir='ltr'><em>ad</em></span> <span class='ocrx_word' id='word_1_309' title='bbox 545 2168 645 2201; x_wconf 85' lang='lat' dir='ltr'><em>solam</em></span> <span class='ocrx_word' id='word_1_310' title='bbox 659 2168 910 2202; x_wconf 69' lang='lat' dir='ltr'><em>consistentiam</em></span> <span class='ocrx_word' id='word_1_311' title='bbox 925 2192 933 2199; x_wconf 91' lang='lat'>.</span> <span class='ocrx_word' id='word_1_312' title='bbox 962 2168 1004 2202; x_wconf 89' lang='lat' dir='ltr'><em>Et</em></span> <span class='ocrx_word' id='word_1_313' title='bbox 1018 2167 1094 2207; x_wconf 89' lang='lat' dir='ltr'><em>hoc,</em></span> 
     </span>
     <span class='ocr_line' id='line_1_44' title="bbox 208 2217 1094 2252; baseline -0.001 -2"><span class='ocrx_word' id='word_1_314' title='bbox 208 2217 284 2251; x_wconf 86' lang='lat' dir='ltr'><em>licet</em></span> <span class='ocrx_word' id='word_1_315' title='bbox 304 2229 371 2250; x_wconf 89' lang='lat' dir='ltr'><em>non</em></span> <span class='ocrx_word' id='word_1_316' title='bbox 395 2226 606 2252; x_wconf 88' lang='lat' dir='ltr'><em>mererentur.</em></span> <span class='ocrx_word' id='word_1_317' title='bbox 639 2218 740 2251; x_wconf 86' lang='lat' dir='ltr'><em>Erant</em></span> <span class='ocrx_word' id='word_1_318' title='bbox 765 2217 853 2251; x_wconf 88' lang='lat' dir='ltr'><em>enim</em></span> <span class='ocrx_word' id='word_1_319' title='bbox 865 2217 1094 2251; x_wconf 81' lang='lat' dir='ltr'><em>circumvoluti</em></span> 
     </span>
     <span class='ocr_line' id='line_1_45' title="bbox 208 2266 1094 2314; baseline -0.002 -13"><span class='ocrx_word' id='word_1_320' title='bbox 208 2267 318 2301; x_wconf 81' lang='lat' dir='ltr'><em>multo</em></span> <span class='ocrx_word' id='word_1_321' title='bbox 328 2268 397 2301; x_wconf 86' lang='lat' dir='ltr'><em>luto</em></span> <span class='ocrx_word' id='word_1_322' title='bbox 409 2267 552 2310; x_wconf 89' lang='lat' dir='ltr'><em>turpium</em></span> <span class='ocrx_word' id='word_1_323' title='bbox 565 2277 773 2310; x_wconf 88' lang='lat' dir='ltr'><em>peccatorum</em></span> <span class='ocrx_word' id='word_1_324' title='bbox 789 2266 957 2314; x_wconf 74' lang='lat' dir='ltr'><em>.Qart6,</em></span> <span class='ocrx_word' id='word_1_325' title='bbox 971 2269 1094 2309; x_wconf 83' lang='lat' dir='ltr'><em>respon-</em></span> 
     </span>
     <span class='ocr_line' id='line_1_46' title="bbox 208 2315 1094 2360; baseline 0.001 -11"><span class='ocrx_word' id='word_1_326' title='bbox 208 2315 260 2350; x_wconf 84' lang='lat' dir='ltr'><em>det</em></span> <span class='ocrx_word' id='word_1_327' title='bbox 273 2317 430 2351; x_wconf 84' lang='lat' dir='ltr'><em>Pontifex</em></span> <span class='ocrx_word' id='word_1_328' title='bbox 442 2318 525 2360; x_wconf 87' lang='lat' dir='ltr'><em>ipsos</em></span> <span class='ocrx_word' id='word_1_329' title='bbox 538 2319 600 2350; x_wconf 77' lang='lat' dir='ltr'><em>effe</em></span> <span class='ocrx_word' id='word_1_330' title='bbox 611 2317 764 2351; x_wconf 84' lang='lat' dir='ltr'><em>arcendos</em></span> <span class='ocrx_word' id='word_1_331' title='bbox 775 2317 793 2351; x_wconf 71' lang='lat' dir='ltr'><em>a</em></span> <span class='ocrx_word' id='word_1_332' title='bbox 806 2318 991 2351; x_wconf 86' lang='lat' dir='ltr'><em>Dominicae</em></span> <span class='ocrx_word' id='word_1_333' title='bbox 1002 2317 1094 2350; x_wconf 89' lang='lat' dir='ltr'><em>Men·</em></span> 
     </span>
     <span class='ocr_line' id='line_1_47' title="bbox 209 2365 1094 2413; baseline 0 -13"><span class='ocrx_word' id='word_1_334' title='bbox 209 2367 246 2400; x_wconf 81' lang='lat' dir='ltr'><em>sae</em></span> <span class='ocrx_word' id='word_1_335' title='bbox 268 2367 457 2400; x_wconf 89' lang='lat' dir='ltr'><em>Convivio.</em></span> <span class='ocrx_word' id='word_1_336' title='bbox 485 2366 657 2413; x_wconf 75' lang='lat' dir='ltr'><em>Qatenus</em></span> <span class='ocrx_word' id='word_1_337' title='bbox 679 2365 739 2400; x_wconf 90' lang='lat' dir='ltr'><em>hac</em></span> <span class='ocrx_word' id='word_1_338' title='bbox 765 2366 875 2400; x_wconf 88' lang='lat' dir='ltr'><em>saltem</em></span> <span class='ocrx_word' id='word_1_339' title='bbox 888 2367 1094 2400; x_wconf 64' lang='lat' dir='ltr'><em>dissinfflone</em></span> 
     </span>
     <span class='ocr_line' id='line_1_48' title="bbox 212 2416 1094 2461; baseline 0.001 -12"><span class='ocrx_word' id='word_1_340' title='bbox 212 2416 373 2458; x_wconf 86' lang='lat' dir='ltr'><em>correpti,</em></span> <span class='ocrx_word' id='word_1_341' title='bbox 399 2417 451 2449; x_wconf 82' lang='lat' dir='ltr'><em>sua</em></span> <span class='ocrx_word' id='word_1_342' title='bbox 473 2426 572 2449; x_wconf 68' lang='lat' dir='ltr'><em>errata</em></span> <span class='ocrx_word' id='word_1_343' title='bbox 596 2417 652 2460; x_wconf 78' lang='lat' dir='ltr'><em>ipsi</em></span> <span class='ocrx_word' id='word_1_344' title='bbox 680 2416 713 2450; x_wconf 90' lang='lat' dir='ltr'><em>in</em></span> <span class='ocrx_word' id='word_1_345' title='bbox 728 2417 979 2461; x_wconf 84' lang='lat' dir='ltr'><em>secastigarent.</em></span> <span class='ocrx_word' id='word_1_346' title='bbox 1011 2417 1094 2459; x_wconf 88' lang='lat' dir='ltr'><em>Age-</em></span> 
     </span>
     <span class='ocr_line' id='line_1_49' title="bbox 209 2465 1094 2508; baseline 0.001 -10"><span class='ocrx_word' id='word_1_347' title='bbox 209 2476 282 2499; x_wconf 89' lang='lat' dir='ltr'><em>rent</em></span> <span class='ocrx_word' id='word_1_348' title='bbox 307 2465 524 2498; x_wconf 79' lang='lat' dir='ltr'><em>voluntariam</em></span> <span class='ocrx_word' id='word_1_349' title='bbox 548 2467 789 2508; x_wconf 66' lang='lat' dir='ltr'><em>poenitentiam:</em></span> <span class='ocrx_word' id='word_1_350' title='bbox 818 2466 871 2500; x_wconf 88' lang='grc' dir='ltr'><em>Εό</em></span> <span class='ocrx_word' id='word_1_351' title='bbox 894 2466 1058 2499; x_wconf 89' lang='lat' dir='ltr'><em>duriorem</em></span> <span class='ocrx_word' id='word_1_352' title='bbox 1084 2490 1094 2505; x_wconf 94' lang='lat'>‚</span> 
     </span>
     <span class='ocr_line' id='line_1_50' title="bbox 209 2514 1095 2559; baseline 0 -12"><span class='ocrx_word' id='word_1_353' title='bbox 209 2514 298 2559; x_wconf 89' lang='lat' dir='ltr'><em>quod</em></span> <span class='ocrx_word' id='word_1_354' title='bbox 311 2515 412 2557; x_wconf 81' lang='lat' dir='ltr'><em>ipsam</em></span> <span class='ocrx_word' id='word_1_355' title='bbox 426 2514 574 2548; x_wconf 81' lang='lat' dir='ltr'><em>Ecclefiae</em></span> <span class='ocrx_word' id='word_1_356' title='bbox 589 2516 704 2549; x_wconf 89' lang='lat' dir='ltr'><em>Claves</em></span> <span class='ocrx_word' id='word_1_357' title='bbox 717 2528 784 2549; x_wconf 93' lang='lat' dir='ltr'><em>non</em></span> <span class='ocrx_word' id='word_1_358' title='bbox 798 2515 987 2556; x_wconf 86' lang='lat' dir='ltr'><em>adjuvarent</em></span> <span class='ocrx_word' id='word_1_359' title='bbox 1004 2541 1013 2549; x_wconf 91' lang='lat'><strong><em>.</em></strong></span> <span class='ocrx_word' id='word_1_360' title='bbox 1035 2515 1095 2548; x_wconf 89' lang='lat' dir='ltr'><em>Per</em></span> 
     </span>
     <span class='ocr_line' id='line_1_51' title="bbox 209 2563 1094 2607; baseline -0.002 -8"><span class='ocrx_word' id='word_1_361' title='bbox 209 2565 328 2599; x_wconf 83' lang='lat' dir='ltr'><em>Claves</em></span> <span class='ocrx_word' id='word_1_362' title='bbox 348 2565 491 2606; x_wconf 63' lang='lat' dir='ltr'><em>injunc&#39;ta</em></span> <span class='ocrx_word' id='word_1_363' title='bbox 514 2565 704 2607; x_wconf 74' lang='lat' dir='ltr'><em>poenitentia</em></span> <span class='ocrx_word' id='word_1_364' title='bbox 726 2563 822 2597; x_wconf 86' lang='lat' dir='ltr'><em>habet</em></span> <span class='ocrx_word' id='word_1_365' title='bbox 843 2565 949 2606; x_wconf 88' lang='lat' dir='ltr'><em>operis</em></span> <span class='ocrx_word' id='word_1_366' title='bbox 972 2565 1094 2606; x_wconf 90' lang='lat' dir='ltr'><em>operati</em></span> 
     </span>
     <span class='ocr_line' id='line_1_52' title="bbox 210 2613 1094 2657; baseline -0.001 -9"><span class='ocrx_word' id='word_1_367' title='bbox 210 2615 364 2648; x_wconf 84' lang='lat' dir='ltr'><em>virtutem</em></span> <span class='ocrx_word' id='word_1_368' title='bbox 377 2615 408 2648; x_wconf 75' lang='lat' dir='ltr'><em>dt</em></span> <span class='ocrx_word' id='word_1_369' title='bbox 427 2614 645 2657; x_wconf 81' lang='lat' dir='ltr'><em>adjutorium:</em></span> <span class='ocrx_word' id='word_1_370' title='bbox 673 2614 746 2648; x_wconf 89' lang='lat' dir='ltr'><em>Nec</em></span> <span class='ocrx_word' id='word_1_371' title='bbox 758 2613 859 2647; x_wconf 87' lang='lat' dir='ltr'><em>solam</em></span> <span class='ocrx_word' id='word_1_372' title='bbox 877 2614 1094 2647; x_wconf 83' lang='lat' dir='ltr'><em>Sacramenta-</em></span> 
     </span>
     <span class='ocr_line' id='line_1_53' title="bbox 209 2663 1095 2705; baseline -0.002 -7"><span class='ocrx_word' id='word_1_373' title='bbox 209 2664 275 2698; x_wconf 84' lang='lat' dir='ltr'><em>lem</em></span> <span class='ocrx_word' id='word_1_374' title='bbox 298 2664 600 2697; x_wconf 79' lang='lat' dir='ltr'><em>reconciliationem</em></span> <span class='ocrx_word' id='word_1_375' title='bbox 618 2688 628 2703; x_wconf 90' lang='lat'><em>,</em></span> <span class='ocrx_word' id='word_1_376' title='bbox 655 2663 707 2700; x_wconf 88' lang='lat' dir='ltr'><em>sed</em></span> <span class='ocrx_word' id='word_1_377' title='bbox 730 2664 829 2697; x_wconf 86' lang='lat' dir='ltr'><em>etiam</em></span> <span class='ocrx_word' id='word_1_378' title='bbox 858 2663 939 2696; x_wconf 82' lang='lat' dir='ltr'><em>istud</em></span> <span class='ocrx_word' id='word_1_379' title='bbox 970 2663 1095 2705; x_wconf 67' lang='lat' dir='ltr'><em>relapsis</em></span> 
     </span>
     <span class='ocr_line' id='line_1_54' title="bbox 210 2713 1095 2759; baseline -0.002 -11"><span class='ocrx_word' id='word_1_380' title='bbox 210 2713 392 2758; x_wconf 87' lang='lat' dir='ltr'><em>denegabat</em></span> <span class='ocrx_word' id='word_1_381' title='bbox 403 2715 539 2759; x_wconf 84' lang='lat' dir='ltr'><em>antiqua</em></span> <span class='ocrx_word' id='word_1_382' title='bbox 555 2713 737 2756; x_wconf 87' lang='lat' dir='ltr'><em>Disciplina</em></span> <span class='ocrx_word' id='word_1_383' title='bbox 748 2738 756 2745; x_wconf 88' lang='lat'><strong>.</strong></span> <span class='ocrx_word' id='word_1_384' title='bbox 785 2713 850 2746; x_wconf 86' lang='lat' dir='ltr'><em>Eos</em></span> <span class='ocrx_word' id='word_1_385' title='bbox 864 2713 996 2747; x_wconf 82' lang='lat' dir='ltr'><em>tandem</em></span> <span class='ocrx_word' id='word_1_386' title='bbox 1009 2714 1095 2747; x_wconf 88' lang='lat' dir='ltr'><em>Pon-</em></span> 
     </span>
     <span class='ocr_line' id='line_1_55' title="bbox 211 2762 1094 2806; baseline -0.003 -7"><span class='ocrx_word' id='word_1_387' title='bbox 211 2764 293 2799; x_wconf 84' lang='lat' dir='ltr'><em>tifex</em></span> <span class='ocrx_word' id='word_1_388' title='bbox 306 2764 340 2796; x_wconf 90' lang='lat' dir='ltr'><em>in</em></span> <span class='ocrx_word' id='word_1_389' title='bbox 362 2765 514 2798; x_wconf 82' lang='lat' dir='ltr'><em>extremis</em></span> <span class='ocrx_word' id='word_1_390' title='bbox 539 2763 684 2798; x_wconf 86' lang='lat' dir='ltr'><em>admittit</em></span> <span class='ocrx_word' id='word_1_391' title='bbox 695 2763 735 2797; x_wconf 88' lang='lat' dir='ltr'><em>ad</em></span> <span class='ocrx_word' id='word_1_392' title='bbox 746 2762 934 2797; x_wconf 85' lang='lat' dir='ltr'><em>Viaticum.</em></span> <span class='ocrx_word' id='word_1_393' title='bbox 962 2764 1013 2796; x_wconf 84' lang='lat' dir='ltr'><em>Ex</em></span> <span class='ocrx_word' id='word_1_394' title='bbox 1025 2762 1094 2806; x_wconf 88' lang='lat' dir='ltr'><em>qui-</em></span> 
     </span>
     <span class='ocr_line' id='line_1_56' title="bbox 209 2813 1093 2857; baseline -0.002 -9"><span class='ocrx_word' id='word_1_395' title='bbox 209 2813 270 2848; x_wconf 91' lang='lat' dir='ltr'><em>bus</em></span> <span class='ocrx_word' id='word_1_396' title='bbox 290 2821 378 2857; x_wconf 82' lang='lat' dir='ltr'><em>patet</em></span> <span class='ocrx_word' id='word_1_397' title='bbox 393 2837 403 2854; x_wconf 93' lang='lat'>‚</span> <span class='ocrx_word' id='word_1_398' title='bbox 429 2813 517 2857; x_wconf 92' lang='lat' dir='ltr'><em>quod</em></span> <span class='ocrx_word' id='word_1_399' title='bbox 543 2815 677 2857; x_wconf 79' lang='lat' dir='ltr'><em>antiqua</em></span> <span class='ocrx_word' id='word_1_400' title='bbox 689 2813 825 2847; x_wconf 77' lang='lat' dir='ltr'><em>Ecclesia</em></span> <span class='ocrx_word' id='word_1_401' title='bbox 836 2813 935 2847; x_wconf 82' lang='lat' dir='ltr'><em>etiam</em></span> <span class='ocrx_word' id='word_1_402' title='bbox 948 2813 1093 2847; x_wconf 89' lang='lat' dir='ltr'><em>sordidis-</em></span> 
     </span>
     <span class='ocr_line' id='line_1_57' title="bbox 208 2863 1095 2908; baseline -0.001 -11"><span class='ocrx_word' id='word_1_403' title='bbox 208 2864 322 2903; x_wconf 83' lang='lat' dir='ltr'><em>fimos,</em></span> <span class='ocrx_word' id='word_1_404' title='bbox 348 2876 385 2897; x_wconf 88' lang='lat' dir='ltr'><em>ac</em></span> <span class='ocrx_word' id='word_1_405' title='bbox 408 2865 473 2908; x_wconf 90' lang='lat' dir='ltr'><em>ipsa</em></span> <span class='ocrx_word' id='word_1_406' title='bbox 485 2864 582 2897; x_wconf 88' lang='lat' dir='ltr'><em>etiarn</em></span> <span class='ocrx_word' id='word_1_407' title='bbox 596 2863 724 2907; x_wconf 83' lang='lat' dir='ltr'><em>publica</em></span> <span class='ocrx_word' id='word_1_408' title='bbox 737 2864 926 2905; x_wconf 83' lang='lat' dir='ltr'><em>poenitentia</em></span> <span class='ocrx_word' id='word_1_409' title='bbox 940 2863 1095 2907; x_wconf 88' lang='lat' dir='ltr'><em>indignos</em></span> 
     </span>
     <span class='ocr_line' id='line_1_58' title="bbox 208 2912 1094 2958; baseline -0.001 -11"><span class='ocrx_word' id='word_1_410' title='bbox 208 2923 394 2958; x_wconf 80' lang='lat' dir='ltr'><em>peccatores</em></span> <span class='ocrx_word' id='word_1_411' title='bbox 426 2913 606 2947; x_wconf 87' lang='lat' dir='ltr'><em>admitteret</em></span> <span class='ocrx_word' id='word_1_412' title='bbox 632 2913 672 2946; x_wconf 90' lang='lat' dir='ltr'><em>ad</em></span> <span class='ocrx_word' id='word_1_413' title='bbox 693 2912 893 2946; x_wconf 89' lang='lat' dir='ltr'><em>audiendum</em></span> <span class='ocrx_word' id='word_1_414' title='bbox 916 2914 1094 2947; x_wconf 59' lang='lat' dir='ltr'><em>Sacro-san-</em></span> 
     </span>
     <span class='ocr_line' id='line_1_59' title="bbox 212 2962 1093 3006; baseline -0.001 -9"><span class='ocrx_word' id='word_1_415' title='bbox 212 2966 299 2997; x_wconf 72' lang='lat' dir='ltr'><em>stum</em></span> <span class='ocrx_word' id='word_1_416' title='bbox 323 2963 542 3003; x_wconf 87' lang='lat' dir='ltr'><em>Sacrificium,</em></span> <span class='ocrx_word' id='word_1_417' title='bbox 567 2964 600 2996; x_wconf 78' lang='grc' dir='ltr'><em>δε</em></span> <span class='ocrx_word' id='word_1_418' title='bbox 622 2962 889 3006; x_wconf 86' lang='lat' dir='ltr'><em>conspiciendam</em></span> <span class='ocrx_word' id='word_1_419' title='bbox 915 2964 1012 2997; x_wconf 87' lang='lat' dir='ltr'><em>Sacro</em></span> <span class='ocrx_word' id='word_1_420' title='bbox 1027 2963 1093 2996; x_wconf 86' lang='lat' dir='ltr'><em>san-</em></span> 
     </span>
     <span class='ocr_line' id='line_1_60' title="bbox 210 3012 573 3051; baseline -0.008 -4"><span class='ocrx_word' id='word_1_421' title='bbox 210 3015 294 3051; x_wconf 63' lang='lat' dir='ltr'><em>Ram</em></span> <span class='ocrx_word' id='word_1_422' title='bbox 316 3012 551 3047; x_wconf 84' lang='lat' dir='ltr'><em>Eucharistiam</em></span> <span class='ocrx_word' id='word_1_423' title='bbox 566 3037 573 3043; x_wconf 89' lang='lat'>.</span> 
     </span>
    </p>

    <p class='ocr_par' dir='ltr' id='par_1_6' title="bbox 206 3061 1095 3455">
     <span class='ocr_line' id='line_1_61' title="bbox 263 3061 1095 3105; baseline -0.001 -9"><span class='ocrx_word' id='word_1_424' title='bbox 263 3062 342 3096; x_wconf 85' lang='lat' dir='ltr'><em>Hoc</em></span> <span class='ocrx_word' id='word_1_425' title='bbox 355 3064 457 3104; x_wconf 87' lang='lat' dir='ltr'><em>ipsum</em></span> <span class='ocrx_word' id='word_1_426' title='bbox 471 3063 557 3096; x_wconf 91' lang='lat' dir='ltr'><em>lucet</em></span> <span class='ocrx_word' id='word_1_427' title='bbox 571 3073 612 3095; x_wconf 84' lang='lat' dir='ltr'><em>ex</em></span> <span class='ocrx_word' id='word_1_428' title='bbox 623 3061 742 3105; x_wconf 90' lang='lat' dir='ltr'><em>quinto</em></span> <span class='ocrx_word' id='word_1_429' title='bbox 757 3063 895 3096; x_wconf 87' lang='lat' dir='ltr'><em>Canone</em></span> <span class='ocrx_word' id='word_1_430' title='bbox 906 3062 1095 3096; x_wconf 85' lang='lat' dir='ltr'><em>Neo-Caesa-</em></span> 
     </span>
     <span class='ocr_line' id='line_1_62' title="bbox 206 3110 1093 3154; baseline -0.005 -7"><span class='ocrx_word' id='word_1_431' title='bbox 206 3112 333 3147; x_wconf 63' lang='lat' dir='ltr'><em>‘r-aeenfis</em></span> <span class='ocrx_word' id='word_1_432' title='bbox 345 3113 469 3154; x_wconf 90' lang='lat' dir='ltr'><em>Synodi</em></span> <span class='ocrx_word' id='word_1_433' title='bbox 484 3126 494 3146; x_wconf 92' lang='lat'><em>.·</em></span> <span class='ocrx_word' id='word_1_434' title='bbox 522 3115 552 3145; x_wconf 75' lang='lat'><em>51</em></span> <span class='ocrx_word' id='word_1_435' title='bbox 575 3118 642 3154; x_wconf 88' lang='lat' dir='ltr'><em>quis</em></span> <span class='ocrx_word' id='word_1_436' title='bbox 653 3113 800 3145; x_wconf 81' lang='lat' dir='ltr'><em>mulierem</em></span> <span class='ocrx_word' id='word_1_437' title='bbox 822 3110 1018 3154; x_wconf 81' lang='lat' dir='ltr'><em>concupiscens</em></span> <span class='ocrx_word' id='word_1_438' title='bbox 1027 3120 1093 3153; x_wconf 83' lang='lat' dir='ltr'><em>pro-</em></span> 
     </span>
     <span class='ocr_line' id='line_1_63' title="bbox 208 3159 1093 3207; baseline 0.001 -14"><span class='ocrx_word' id='word_1_439' title='bbox 208 3159 339 3205; x_wconf 80' lang='lat' dir='ltr'><em>posuerit</em></span> <span class='ocrx_word' id='word_1_440' title='bbox 360 3171 423 3193; x_wconf 90' lang='lat' dir='ltr'><em>cum</em></span> <span class='ocrx_word' id='word_1_441' title='bbox 445 3173 478 3194; x_wconf 88' lang='lat' dir='ltr'><em>ea</em></span> <span class='ocrx_word' id='word_1_442' title='bbox 500 3162 685 3203; x_wconf 86' lang='lat' dir='ltr'><em>procumbere</em></span> <span class='ocrx_word' id='word_1_443' title='bbox 707 3186 717 3202; x_wconf 89' lang='lat'><em>,</em></span> <span class='ocrx_word' id='word_1_444' title='bbox 746 3164 779 3195; x_wconf 75' lang='lat'><em>&amp;</em></span> <span class='ocrx_word' id='word_1_445' title='bbox 793 3168 926 3207; x_wconf 72' lang='lat' dir='ltr'><em>cogitatio</em></span> <span class='ocrx_word' id='word_1_446' title='bbox 948 3165 1012 3202; x_wconf 86' lang='lat' dir='ltr'><em>ejus</em></span> <span class='ocrx_word' id='word_1_447' title='bbox 1037 3173 1093 3194; x_wconf 88' lang='lat' dir='ltr'><em>non</em></span> 
     </span>
     <span class='ocr_line' id='line_1_64' title="bbox 207 3211 1095 3255; baseline 0 -11"><span class='ocrx_word' id='word_1_448' title='bbox 207 3216 371 3253; x_wconf 80' lang='lat' dir='ltr'><em>perveniat</em></span> <span class='ocrx_word' id='word_1_449' title='bbox 393 3211 437 3244; x_wconf 81' lang='lat' dir='ltr'><em>ad</em></span> <span class='ocrx_word' id='word_1_450' title='bbox 456 3211 607 3252; x_wconf 69' lang='lat' dir='ltr'><em>effecium,</em></span> <span class='ocrx_word' id='word_1_451' title='bbox 633 3220 759 3254; x_wconf 83' lang='lat' dir='ltr'><em>apparet</em></span> <span class='ocrx_word' id='word_1_452' title='bbox 782 3235 793 3251; x_wconf 87' lang='lat'>‚</span> <span class='ocrx_word' id='word_1_453' title='bbox 819 3213 899 3253; x_wconf 84' lang='lat' dir='ltr'><em>quod</em></span> <span class='ocrx_word' id='word_1_454' title='bbox 922 3216 979 3244; x_wconf 79' lang='lat' dir='ltr'><em>Dei</em></span> <span class='ocrx_word' id='word_1_455' title='bbox 991 3218 1095 3255; x_wconf 76' lang='lat' dir='ltr'><em>gratia</em></span> 
     </span>
     <span class='ocr_line' id='line_1_65' title="bbox 211 3259 1094 3305; baseline 0 -12"><span class='ocrx_word' id='word_1_456' title='bbox 211 3259 400 3300; x_wconf 83' lang='lat' dir='ltr'><em>liberatusfit</em></span> <span class='ocrx_word' id='word_1_457' title='bbox 412 3284 419 3292; x_wconf 96' lang='lat'>.</span> <span class='ocrx_word' id='word_1_458' title='bbox 435 3260 514 3293; x_wconf 91' lang='lat' dir='ltr'><em>Non</em></span> <span class='ocrx_word' id='word_1_459' title='bbox 529 3261 695 3305; x_wconf 89' lang='lat' dir='ltr'><em>obligatur</em></span> <span class='ocrx_word' id='word_1_460' title='bbox 706 3261 745 3295; x_wconf 89' lang='lat' dir='ltr'><em>ad</em></span> <span class='ocrx_word' id='word_1_461' title='bbox 761 3261 925 3304; x_wconf 88' lang='lat' dir='ltr'><em>publicam</em></span> <span class='ocrx_word' id='word_1_462' title='bbox 940 3262 1094 3304; x_wconf 87' lang='lat' dir='ltr'><em>poeniten-</em></span> 
     </span>
     <span class='ocr_line' id='line_1_66' title="bbox 210 3309 1092 3354; baseline -0.002 -9"><span class='ocrx_word' id='word_1_463' title='bbox 210 3311 291 3345; x_wconf 83' lang='lat' dir='ltr'><em>tiam</em></span> <span class='ocrx_word' id='word_1_464' title='bbox 304 3335 314 3350; x_wconf 90' lang='lat'>‚</span> <span class='ocrx_word' id='word_1_465' title='bbox 341 3309 480 3350; x_wconf 87' lang='lat' dir='ltr'><em>ideoque</em></span> <span class='ocrx_word' id='word_1_466' title='bbox 504 3310 580 3343; x_wconf 88' lang='lat' dir='ltr'><em>licet</em></span> <span class='ocrx_word' id='word_1_467' title='bbox 593 3311 829 3346; x_wconf 85' lang='lat' dir='ltr'><em>Eucharistiam</em></span> <span class='ocrx_word' id='word_1_468' title='bbox 842 3312 1000 3354; x_wconf 86' lang='lat' dir='ltr'><em>percipere</em></span> <span class='ocrx_word' id='word_1_469' title='bbox 1026 3322 1092 3344; x_wconf 88' lang='lat' dir='ltr'><em>non</em></span> 
     </span>
     <span class='ocr_line' id='line_1_67' title="bbox 210 3358 1095 3405; baseline 0.001 -13"><span class='ocrx_word' id='word_1_470' title='bbox 210 3359 330 3404; x_wconf 70' lang='lat' dir='ltr'><em>poffit,</em></span> <span class='ocrx_word' id='word_1_471' title='bbox 357 3358 459 3402; x_wconf 82' lang='lat' dir='ltr'><em>potest</em></span> <span class='ocrx_word' id='word_1_472' title='bbox 481 3369 609 3400; x_wconf 87' lang='lat' dir='ltr'><em>tamen,</em></span> <span class='ocrx_word' id='word_1_473' title='bbox 638 3362 794 3405; x_wconf 87' lang='lat' dir='ltr'><em>quoniam</em></span> <span class='ocrx_word' id='word_1_474' title='bbox 818 3362 900 3395; x_wconf 88' lang='lat' dir='ltr'><em>inter</em></span> <span class='ocrx_word' id='word_1_475' title='bbox 914 3361 1095 3394; x_wconf 81' lang='lat' dir='ltr'><em>Confisten-</em></span> 
     </span>
     <span class='ocr_line' id='line_1_68' title="bbox 211 3408 1095 3455; baseline 0.003 -14"><span class='ocrx_word' id='word_1_476' title='bbox 211 3418 261 3446; x_wconf 77' lang='lat' dir='ltr'><em>tes</em></span> <span class='ocrx_word' id='word_1_477' title='bbox 281 3420 465 3453; x_wconf 85' lang='lat' dir='ltr'><em>permanet,</em></span> <span class='ocrx_word' id='word_1_478' title='bbox 491 3408 646 3452; x_wconf 75' lang='lat' dir='ltr'><em>aspicere.</em></span> <span class='ocrx_word' id='word_1_479' title='bbox 676 3411 799 3447; x_wconf 87' lang='lat' dir='ltr'><em>Eadem</em></span> <span class='ocrx_word' id='word_1_480' title='bbox 819 3411 863 3448; x_wconf 80' lang='lat' dir='ltr'><em>est</em></span> <span class='ocrx_word' id='word_1_481' title='bbox 874 3412 958 3447; x_wconf 87' lang='lat' dir='ltr'><em>ratio</em></span> <span class='ocrx_word' id='word_1_482' title='bbox 970 3411 1010 3446; x_wconf 89' lang='lat' dir='ltr'><em>de</em></span> <span class='ocrx_word' id='word_1_483' title='bbox 1021 3409 1095 3455; x_wconf 44' lang='lat' dir='ltr'><em>quiq</em></span> 
     </span>
    </p>

    <p class='ocr_par' dir='ltr' id='par_1_7' title="bbox 312 3458 771 3502">
     <span class='ocr_line' id='line_1_69' title="bbox 312 3458 771 3502; baseline -0.004 -7"><span class='ocrx_word' id='word_1_484' title='bbox 312 3458 417 3500; x_wconf 76' lang='lat' dir='ltr'><em>christ.</em></span> <span class='ocrx_word' id='word_1_485' title='bbox 431 3461 511 3502; x_wconf 85' lang='lat' dir='ltr'><em>Lupi</em></span> <span class='ocrx_word' id='word_1_486' title='bbox 522 3462 620 3501; x_wconf 85' lang='lat' dir='ltr'><em>Opera</em></span> <span class='ocrx_word' id='word_1_487' title='bbox 630 3460 771 3494; x_wconf 85' lang='lat' dir='ltr'><em>Tom.X1.</em></span> 
     </span>
    </p>
   </div>
   <div class='ocr_carea' id='block_1_5' title="bbox 1065 255 1104 1140">
    <p class='ocr_par' dir='ltr' id='par_1_8' title="bbox 1065 255 1104 1140">
     <span class='ocr_line' id='line_1_70' title="bbox 1065 255 1089 646; baseline 0 0"><span class='ocrx_word' id='word_1_488' title='bbox 1065 255 1089 646; x_wconf 95' lang='lat' dir='ltr'><em>  </em></span> 
     </span>
     <span class='ocr_line' id='line_1_71' title="bbox 1074 646 1104 1140; baseline 0 0"><span class='ocrx_word' id='word_1_489' title='bbox 1074 646 1104 1140; x_wconf 95' lang='lat' dir='ltr'><em>    </em></span> 
     </span>
    </p>
   </div>
   <div class='ocr_carea' id='block_1_6' title="bbox 1096 1146 1144 3456">
    <p class='ocr_par' dir='ltr' id='par_1_9' title="bbox 1096 1146 1144 3456">
     <span class='ocr_line' id='line_1_72' title="bbox 1096 1146 1144 3456; baseline 0 0"><span class='ocrx_word' id='word_1_490' title='bbox 1096 1690 1111 2091; x_wconf 95' lang='lat' dir='ltr'><em> </em></span> <span class='ocrx_word' id='word_1_491' title='bbox 1122 1146 1144 3456; x_wconf 95' lang='lat' dir='ltr'><em> </em></span> 
     </span>
    </p>
   </div>
   <div class='ocr_carea' id='block_1_7' title="bbox 1116 233 1341 268">
    <p class='ocr_par' dir='ltr' id='par_1_10' title="bbox 1116 233 1341 268">
     <span class='ocr_line' id='line_1_73' title="bbox 1116 233 1341 268; baseline -0.004 -1"><span class='ocrx_word' id='word_1_492' title='bbox 1116 235 1146 267; x_wconf 82' lang='lat' dir='ltr'><em>se</em></span> <span class='ocrx_word' id='word_1_493' title='bbox 1169 233 1320 268; x_wconf 86' lang='lat' dir='ltr'><em>mortalia</em></span> <span class='ocrx_word' id='word_1_494' title='bbox 1334 259 1341 266; x_wconf 93' lang='lat'>.</span> 
     </span>
    </p>
   </div>
   <div class='ocr_carea' id='block_1_8' title="bbox 1168 283 2001 328">
    <p class='ocr_par' dir='ltr' id='par_1_11' title="bbox 1168 283 2001 328">
     <span class='ocr_line' id='line_1_74' title="bbox 1168 283 2001 328; baseline 0.002 -12"><span class='ocrx_word' id='word_1_495' title='bbox 1168 283 1210 317; x_wconf 85' lang='lat' dir='ltr'><em>Et</em></span> <span class='ocrx_word' id='word_1_496' title='bbox 1229 295 1296 317; x_wconf 90' lang='lat' dir='ltr'><em>non</em></span> <span class='ocrx_word' id='word_1_497' title='bbox 1320 285 1576 328; x_wconf 87' lang='lat' dir='ltr'><em>quibuscumque</em></span> <span class='ocrx_word' id='word_1_498' title='bbox 1593 310 1603 326; x_wconf 89' lang='lat'>‚</span> <span class='ocrx_word' id='word_1_499' title='bbox 1631 283 1680 318; x_wconf 83' lang='lat' dir='ltr'><em>sed</em></span> <span class='ocrx_word' id='word_1_500' title='bbox 1706 283 1779 318; x_wconf 92' lang='lat' dir='ltr'><em>solis</em></span> <span class='ocrx_word' id='word_1_501' title='bbox 1798 284 2001 328; x_wconf 78' lang='lat' dir='ltr'><em>gravioribus</em></span> 
     </span>
    </p>
   </div>
   <div class='ocr_carea' id='block_1_9' title="bbox 1119 333 2016 724">
    <p class='ocr_par' dir='ltr' id='par_1_12' title="bbox 1119 333 2016 724">
     <span class='ocr_line' id='line_1_75' title="bbox 1119 333 2001 377; baseline 0 -10"><span class='ocrx_word' id='word_1_502' title='bbox 1119 333 1253 377; x_wconf 87' lang='lat' dir='ltr'><em>flagitiis</em></span> <span class='ocrx_word' id='word_1_503' title='bbox 1275 345 1311 367; x_wconf 84' lang='lat' dir='ltr'><em>ac</em></span> <span class='ocrx_word' id='word_1_504' title='bbox 1330 334 1528 369; x_wconf 85' lang='lat' dir='ltr'><em>facinoribus</em></span> <span class='ocrx_word' id='word_1_505' title='bbox 1552 336 1637 368; x_wconf 90' lang='lat' dir='ltr'><em>avita</em></span> <span class='ocrx_word' id='word_1_506' title='bbox 1653 334 1835 377; x_wconf 80' lang='lat' dir='ltr'><em>Disciplina</em></span> <span class='ocrx_word' id='word_1_507' title='bbox 1849 335 2001 377; x_wconf 79' lang='lat' dir='ltr'><em>imposuit</em></span> 
     </span>
     <span class='ocr_line' id='line_1_76' title="bbox 1121 382 2003 428; baseline -0.002 -11"><span class='ocrx_word' id='word_1_508' title='bbox 1121 382 1284 428; x_wconf 83' lang='lat' dir='ltr'><em>publicam</em></span> <span class='ocrx_word' id='word_1_509' title='bbox 1298 384 1542 426; x_wconf 87' lang='lat' dir='ltr'><em>poenitentiam:</em></span> <span class='ocrx_word' id='word_1_510' title='bbox 1571 385 1683 426; x_wconf 77' lang='lat' dir='ltr'><em>nempe</em></span> <span class='ocrx_word' id='word_1_511' title='bbox 1700 384 1895 417; x_wconf 80' lang='lat' dir='ltr'><em>Idololatriae</em></span> <span class='ocrx_word' id='word_1_512' title='bbox 1908 407 1917 423; x_wconf 92' lang='lat'>‚</span> <span class='ocrx_word' id='word_1_513' title='bbox 1933 383 2003 415; x_wconf 90' lang='lat' dir='ltr'><em>Ho-</em></span> 
     </span>
     <span class='ocr_line' id='line_1_77' title="bbox 1124 430 2005 473; baseline -0.002 -6"><span class='ocrx_word' id='word_1_514' title='bbox 1124 430 1260 467; x_wconf 86' lang='lat' dir='ltr'><em>micidio</em></span> <span class='ocrx_word' id='word_1_515' title='bbox 1272 442 1308 464; x_wconf 87' lang='lat' dir='ltr'><em>ac</em></span> <span class='ocrx_word' id='word_1_516' title='bbox 1321 432 1495 468; x_wconf 86' lang='lat' dir='ltr'><em>Adulterio</em></span> <span class='ocrx_word' id='word_1_517' title='bbox 1505 459 1515 473; x_wconf 88' lang='lat'>‚</span> <span class='ocrx_word' id='word_1_518' title='bbox 1543 434 1576 467; x_wconf 78' lang='grc' dir='ltr'><em>δε</em></span> <span class='ocrx_word' id='word_1_519' title='bbox 1590 433 1660 467; x_wconf 84' lang='lat' dir='ltr'><em>aliis</em></span> <span class='ocrx_word' id='word_1_520' title='bbox 1671 432 1846 466; x_wconf 75' lang='lat' dir='ltr'><em>similibus.</em></span> <span class='ocrx_word' id='word_1_521' title='bbox 1881 433 1923 465; x_wconf 90' lang='lat' dir='ltr'><em>Et</em></span> <span class='ocrx_word' id='word_1_522' title='bbox 1936 442 2005 465; x_wconf 86' lang='lat' dir='ltr'><em>non</em></span> 
     </span>
     <span class='ocr_line' id='line_1_78' title="bbox 1127 481 2008 525; baseline -0.005 -9"><span class='ocrx_word' id='word_1_523' title='bbox 1127 483 1182 516; x_wconf 78' lang='lat' dir='ltr'><em>nisi</em></span> <span class='ocrx_word' id='word_1_524' title='bbox 1195 492 1248 524; x_wconf 88' lang='lat' dir='ltr'><em>per</em></span> <span class='ocrx_word' id='word_1_525' title='bbox 1265 481 1509 516; x_wconf 84' lang='lat' dir='ltr'><em>Confeffionem</em></span> <span class='ocrx_word' id='word_1_526' title='bbox 1524 494 1577 516; x_wconf 90' lang='lat' dir='ltr'><em>aut</em></span> <span class='ocrx_word' id='word_1_527' title='bbox 1590 483 1830 516; x_wconf 64' lang='lat' dir='ltr'><em>convictionem</em></span> <span class='ocrx_word' id='word_1_528' title='bbox 1846 481 1988 525; x_wconf 86' lang='lat' dir='ltr'><em>publicis</em></span> <span class='ocrx_word' id='word_1_529' title='bbox 1999 503 2008 512; x_wconf 85' lang='lat'>.</span> 
     </span>
     <span class='ocr_line' id='line_1_79' title="bbox 1127 529 2012 575; baseline -0.002 -9"><span class='ocrx_word' id='word_1_530' title='bbox 1127 529 1239 566; x_wconf 86' lang='lat' dir='ltr'><em>Media</em></span> <span class='ocrx_word' id='word_1_531' title='bbox 1260 531 1372 565; x_wconf 84' lang='lat' dir='ltr'><em>saecula</em></span> <span class='ocrx_word' id='word_1_532' title='bbox 1396 543 1466 566; x_wconf 90' lang='lat' dir='ltr'><em>eam</em></span> <span class='ocrx_word' id='word_1_533' title='bbox 1483 544 1549 565; x_wconf 90' lang='lat' dir='ltr'><em>non</em></span> <span class='ocrx_word' id='word_1_534' title='bbox 1575 532 1795 575; x_wconf 90' lang='lat' dir='ltr'><em>imposuerunt</em></span> <span class='ocrx_word' id='word_1_535' title='bbox 1809 532 2012 574; x_wconf 85' lang='lat' dir='ltr'><em>Juvenibus,</em></span> 
     </span>
     <span class='ocr_line' id='line_1_80' title="bbox 1130 580 1746 625; baseline -0.003 -9"><span class='ocrx_word' id='word_1_536' title='bbox 1130 593 1187 616; x_wconf 90' lang='lat' dir='ltr'><em>nec</em></span> <span class='ocrx_word' id='word_1_537' title='bbox 1200 580 1416 625; x_wconf 81' lang='lat' dir='ltr'><em>Conjugatis‚</em></span> <span class='ocrx_word' id='word_1_538' title='bbox 1444 593 1503 614; x_wconf 89' lang='lat' dir='ltr'><em>nec</em></span> <span class='ocrx_word' id='word_1_539' title='bbox 1522 581 1596 615; x_wconf 84' lang='lat' dir='ltr'><em>ullis</em></span> <span class='ocrx_word' id='word_1_540' title='bbox 1616 582 1746 615; x_wconf 86' lang='lat' dir='ltr'><em>invitis.</em></span> 
     </span>
     <span class='ocr_line' id='line_1_81' title="bbox 1130 630 2016 674; baseline -0.002 -8"><span class='ocrx_word' id='word_1_541' title='bbox 1130 631 1246 666; x_wconf 77' lang='lat' dir='ltr'><em>festum</em></span> <span class='ocrx_word' id='word_1_542' title='bbox 1264 631 1308 664; x_wconf 89' lang='lat' dir='ltr'><em>est</em></span> <span class='ocrx_word' id='word_1_543' title='bbox 1334 631 1423 674; x_wconf 89' lang='lat' dir='ltr'><em>quod</em></span> <span class='ocrx_word' id='word_1_544' title='bbox 1446 632 1553 664; x_wconf 89' lang='lat' dir='ltr'><em>Mater</em></span> <span class='ocrx_word' id='word_1_545' title='bbox 1570 631 1707 664; x_wconf 82' lang='lat' dir='ltr'><em>Ecclesia</em></span> <span class='ocrx_word' id='word_1_546' title='bbox 1732 634 1889 664; x_wconf 87' lang='lat' dir='ltr'><em>variarum</em></span> <span class='ocrx_word' id='word_1_547' title='bbox 1902 630 2016 674; x_wconf 84' lang='lat' dir='ltr'><em>specie-</em></span> 
     </span>
     <span class='ocr_line' id='line_1_82' title="bbox 1132 679 2016 724; baseline -0.003 -9"><span class='ocrx_word' id='word_1_548' title='bbox 1132 693 1201 715; x_wconf 89' lang='lat' dir='ltr'><em>rum</em></span> <span class='ocrx_word' id='word_1_549' title='bbox 1214 690 1396 724; x_wconf 84' lang='lat' dir='ltr'><em>peccatores</em></span> <span class='ocrx_word' id='word_1_550' title='bbox 1408 706 1418 720; x_wconf 91' lang='lat'><em>,</em></span> <span class='ocrx_word' id='word_1_551' title='bbox 1443 683 1541 714; x_wconf 86' lang='lat' dir='ltr'><em>etiam</em></span> <span class='ocrx_word' id='word_1_552' title='bbox 1558 681 1744 714; x_wconf 83' lang='lat' dir='ltr'><em>manifestos</em></span> <span class='ocrx_word' id='word_1_553' title='bbox 1755 706 1764 720; x_wconf 90' lang='lat'><em>,</em></span> <span class='ocrx_word' id='word_1_554' title='bbox 1779 682 1900 722; x_wconf 88' lang='lat' dir='ltr'><em>semper</em></span> <span class='ocrx_word' id='word_1_555' title='bbox 1915 679 2016 713; x_wconf 52' lang='lat' dir='ltr'><em>admit</em></span> 
     </span>
    </p>
   </div>
   <div class='ocr_carea' id='block_1_10' title="bbox 1776 579 2014 628">
    <p class='ocr_par' dir='ltr' id='par_1_13' title="bbox 1776 579 2014 628">
     <span class='ocr_line' id='line_1_83' title="bbox 1776 579 2014 628; baseline 0.004 -15"><span class='ocrx_word' id='word_1_556' title='bbox 1776 582 1885 628; x_wconf 83' lang='lat' dir='ltr'><em>Qare</em></span> <span class='ocrx_word' id='word_1_557' title='bbox 1910 579 2014 615; x_wconf 66' lang='lat' dir='ltr'><em>manle</em></span> 
     </span>
    </p>
   </div>
   <div class='ocr_carea' id='block_1_11' title="bbox 1134 728 2200 3506">
    <p class='ocr_par' dir='ltr' id='par_1_14' title="bbox 1134 728 2200 2106">
     <span class='ocr_line' id='line_1_84' title="bbox 1135 728 2017 773; baseline -0.003 -9"><span class='ocrx_word' id='word_1_558' title='bbox 1135 731 1207 764; x_wconf 87' lang='lat' dir='ltr'><em>serit</em></span> <span class='ocrx_word' id='word_1_559' title='bbox 1232 728 1272 763; x_wconf 86' lang='lat' dir='ltr'><em>ad</em></span> <span class='ocrx_word' id='word_1_560' title='bbox 1297 730 1548 764; x_wconf 87' lang='lat' dir='ltr'><em>Confistentiam</em></span> <span class='ocrx_word' id='word_1_561' title='bbox 1567 754 1577 769; x_wconf 91' lang='lat'><em>,</em></span> <span class='ocrx_word' id='word_1_562' title='bbox 1602 728 1747 773; x_wconf 88' lang='lat' dir='ltr'><em>adeoque</em></span> <span class='ocrx_word' id='word_1_563' title='bbox 1768 729 1807 762; x_wconf 90' lang='lat' dir='ltr'><em>ad</em></span> <span class='ocrx_word' id='word_1_564' title='bbox 1819 729 2017 767; x_wconf 83' lang='lat' dir='ltr'><em>audiendum</em></span> 
     </span>
     <span class='ocr_line' id='line_1_85' title="bbox 1134 777 2019 818; baseline -0.003 -4"><span class='ocrx_word' id='word_1_565' title='bbox 1134 780 1391 814; x_wconf 72' lang='lat' dir='ltr'><em>Sacro-faustum</em></span> <span class='ocrx_word' id='word_1_566' title='bbox 1403 779 1603 814; x_wconf 86' lang='lat' dir='ltr'><em>Sacrificium</em></span> <span class='ocrx_word' id='word_1_567' title='bbox 1620 803 1630 818; x_wconf 91' lang='lat'><em>,</em></span> <span class='ocrx_word' id='word_1_568' title='bbox 1656 780 1688 813; x_wconf 76' lang='grc' dir='ltr'><em>δε</em></span> <span class='ocrx_word' id='word_1_569' title='bbox 1705 778 1876 812; x_wconf 86' lang='lat' dir='ltr'><em>videndam</em></span> <span class='ocrx_word' id='word_1_570' title='bbox 1894 777 2019 812; x_wconf 89' lang='lat' dir='ltr'><em>Eucha-</em></span> 
     </span>
     <span class='ocr_line' id='line_1_86' title="bbox 1137 827 2018 872; baseline -0.003 -8"><span class='ocrx_word' id='word_1_571' title='bbox 1137 830 1256 864; x_wconf 77' lang='lat' dir='ltr'><em>rissiarn</em></span> <span class='ocrx_word' id='word_1_572' title='bbox 1270 853 1276 861; x_wconf 89' lang='lat'>.</span> <span class='ocrx_word' id='word_1_573' title='bbox 1289 830 1369 863; x_wconf 91' lang='lat' dir='ltr'><em>Non</em></span> <span class='ocrx_word' id='word_1_574' title='bbox 1387 830 1429 865; x_wconf 91' lang='lat' dir='ltr'><em>ita</em></span> <span class='ocrx_word' id='word_1_575' title='bbox 1444 830 1565 872; x_wconf 88' lang='lat' dir='ltr'><em>pridem</em></span> <span class='ocrx_word' id='word_1_576' title='bbox 1579 828 1645 862; x_wconf 90' lang='lat' dir='ltr'><em>vidi</em></span> <span class='ocrx_word' id='word_1_577' title='bbox 1663 827 1840 872; x_wconf 84' lang='lat' dir='ltr'><em>Epistolam</em></span> <span class='ocrx_word' id='word_1_578' title='bbox 1852 828 2018 869; x_wconf 77' lang='lat' dir='ltr'><em>cujusdam</em></span> 
     </span>
     <span class='ocr_line' id='line_1_87' title="bbox 1139 877 2020 922; baseline -0.006 -8"><span class='ocrx_word' id='word_1_579' title='bbox 1139 879 1283 914; x_wconf 89' lang='lat' dir='ltr'><em>sublimis</em></span> <span class='ocrx_word' id='word_1_580' title='bbox 1308 880 1534 914; x_wconf 82' lang='lat' dir='ltr'><em>Ecclesiasticae</em></span> <span class='ocrx_word' id='word_1_581' title='bbox 1566 878 1738 913; x_wconf 88' lang='lat' dir='ltr'><em>Potestatis</em></span> <span class='ocrx_word' id='word_1_582' title='bbox 1760 877 1843 922; x_wconf 88' lang='lat' dir='ltr'><em>apud</em></span> <span class='ocrx_word' id='word_1_583' title='bbox 1864 878 1963 911; x_wconf 89' lang='lat' dir='ltr'><em>alium</em></span> <span class='ocrx_word' id='word_1_584' title='bbox 1976 878 2020 910; x_wconf 89' lang='lat' dir='ltr'><em>al·</em></span> 
     </span>
     <span class='ocr_line' id='line_1_88' title="bbox 1139 927 2020 974; baseline -0.006 -10"><span class='ocrx_word' id='word_1_585' title='bbox 1139 941 1209 964; x_wconf 85' lang='lat' dir='ltr'><em>tum</em></span> <span class='ocrx_word' id='word_1_586' title='bbox 1239 928 1411 963; x_wconf 83' lang='lat' dir='ltr'><em>P-raelatum</em></span> <span class='ocrx_word' id='word_1_587' title='bbox 1437 954 1447 969; x_wconf 91' lang='lat'><em>,</em></span> <span class='ocrx_word' id='word_1_588' title='bbox 1482 930 1620 974; x_wconf 84' lang='lat' dir='ltr'><em>graviter</em></span> <span class='ocrx_word' id='word_1_589' title='bbox 1650 928 1858 963; x_wconf 88' lang='lat' dir='ltr'><em>lamentantis</em></span> <span class='ocrx_word' id='word_1_590' title='bbox 1890 927 2020 970; x_wconf 80' lang='lat' dir='ltr'><em>grassari</em></span> 
     </span>
     <span class='ocr_line' id='line_1_89' title="bbox 1141 977 2020 1023; baseline -0.001 -10"><span class='ocrx_word' id='word_1_591' title='bbox 1141 980 1348 1019; x_wconf 87' lang='lat' dir='ltr'><em>Novatores‚</em></span> <span class='ocrx_word' id='word_1_592' title='bbox 1375 980 1430 1023; x_wconf 88' lang='lat' dir='ltr'><em>qui</em></span> <span class='ocrx_word' id='word_1_593' title='bbox 1454 979 1591 1019; x_wconf 89' lang='lat' dir='ltr'><em>dicunt,</em></span> <span class='ocrx_word' id='word_1_594' title='bbox 1618 978 1762 1012; x_wconf 86' lang='lat' dir='ltr'><em>Fidelem</em></span> <span class='ocrx_word' id='word_1_595' title='bbox 1788 979 1933 1012; x_wconf 89' lang='lat' dir='ltr'><em>mortalis</em></span> <span class='ocrx_word' id='word_1_596' title='bbox 1954 977 2020 1012; x_wconf 89' lang='lat' dir='ltr'><em>cul-</em></span> 
     </span>
     <span class='ocr_line' id='line_1_90' title="bbox 1142 1027 2022 1073; baseline -0.002 -11"><span class='ocrx_word' id='word_1_597' title='bbox 1142 1041 1187 1073; x_wconf 87' lang='lat' dir='ltr'><em>pae</em></span> <span class='ocrx_word' id='word_1_598' title='bbox 1214 1029 1271 1062; x_wconf 82' lang='lat' dir='ltr'><em>fibi</em></span> <span class='ocrx_word' id='word_1_599' title='bbox 1293 1029 1460 1062; x_wconf 90' lang='lat' dir='ltr'><em>conscium</em></span> <span class='ocrx_word' id='word_1_600' title='bbox 1473 1028 1536 1063; x_wconf 82' lang='lat' dir='ltr'><em>fine</em></span> <span class='ocrx_word' id='word_1_601' title='bbox 1548 1039 1635 1062; x_wconf 87' lang='lat' dir='ltr'><em>novo</em></span> <span class='ocrx_word' id='word_1_602' title='bbox 1647 1027 1776 1062; x_wconf 88' lang='lat' dir='ltr'><em>mortali</em></span> <span class='ocrx_word' id='word_1_603' title='bbox 1790 1028 1916 1061; x_wconf 80' lang='lat' dir='ltr'><em>excessu</em></span> <span class='ocrx_word' id='word_1_604' title='bbox 1929 1051 1940 1067; x_wconf 92' lang='lat'><em>,</em></span> <span class='ocrx_word' id='word_1_605' title='bbox 1953 1038 2022 1061; x_wconf 86' lang='lat' dir='ltr'><em>non</em></span> 
     </span>
     <span class='ocr_line' id='line_1_91' title="bbox 1143 1076 2022 1123; baseline -0.002 -11"><span class='ocrx_word' id='word_1_606' title='bbox 1143 1080 1230 1123; x_wconf 74' lang='lat' dir='ltr'><em>posse</em></span> <span class='ocrx_word' id='word_1_607' title='bbox 1241 1078 1342 1112; x_wconf 72' lang='lat' dir='ltr'><em>adeste</em></span> <span class='ocrx_word' id='word_1_608' title='bbox 1355 1078 1539 1112; x_wconf 83' lang='lat' dir='ltr'><em>Sacrificio:</em></span> <span class='ocrx_word' id='word_1_609' title='bbox 1569 1078 1696 1121; x_wconf 79' lang='lat' dir='ltr'><em>Nempe</em></span> <span class='ocrx_word' id='word_1_610' title='bbox 1709 1088 1838 1121; x_wconf 85' lang='lat' dir='ltr'><em>propter</em></span> <span class='ocrx_word' id='word_1_611' title='bbox 1848 1076 2022 1111; x_wconf 65' lang='lat' dir='ltr'><em>adductum</em></span> 
     </span>
     <span class='ocr_line' id='line_1_92' title="bbox 1145 1126 2022 1172; baseline -0.003 -10"><span class='ocrx_word' id='word_1_612' title='bbox 1145 1129 1235 1172; x_wconf 77' lang='lat' dir='ltr'><em>supra</em></span> <span class='ocrx_word' id='word_1_613' title='bbox 1252 1139 1479 1172; x_wconf 88' lang='lat' dir='ltr'><em>argumentum</em></span> <span class='ocrx_word' id='word_1_614' title='bbox 1490 1153 1497 1160; x_wconf 93' lang='lat'><strong>.</strong></span> <span class='ocrx_word' id='word_1_615' title='bbox 1527 1129 1567 1162; x_wconf 92' lang='lat' dir='ltr'><em>Se</em></span> <span class='ocrx_word' id='word_1_616' title='bbox 1579 1128 1716 1162; x_wconf 83' lang='lat' dir='ltr'><em>fundant</em></span> <span class='ocrx_word' id='word_1_617' title='bbox 1731 1129 1762 1160; x_wconf 90' lang='lat' dir='ltr'><em>in</em></span> <span class='ocrx_word' id='word_1_618' title='bbox 1775 1127 1918 1170; x_wconf 89' lang='lat' dir='ltr'><em>antiquis</em></span> <span class='ocrx_word' id='word_1_619' title='bbox 1930 1126 2022 1160; x_wconf 65' lang='lat' dir='ltr'><em>Chri÷</em></span> 
     </span>
     <span class='ocr_line' id='line_1_93' title="bbox 1146 1177 2023 1221; baseline -0.003 -9"><span class='ocrx_word' id='word_1_620' title='bbox 1146 1179 1251 1212; x_wconf 83' lang='lat' dir='ltr'><em>ssianae</em></span> <span class='ocrx_word' id='word_1_621' title='bbox 1263 1178 1454 1221; x_wconf 79' lang='lat' dir='ltr'><em>Disciplina:</em></span> <span class='ocrx_word' id='word_1_622' title='bbox 1467 1178 1660 1212; x_wconf 89' lang='lat' dir='ltr'><em>Canonibus</em></span> <span class='ocrx_word' id='word_1_623' title='bbox 1672 1202 1679 1210; x_wconf 89' lang='lat'>.</span> <span class='ocrx_word' id='word_1_624' title='bbox 1706 1177 1753 1210; x_wconf 90' lang='lat' dir='ltr'><em>At</em></span> <span class='ocrx_word' id='word_1_625' title='bbox 1766 1178 1837 1211; x_wconf 88' lang='lat' dir='ltr'><em>sunt</em></span> <span class='ocrx_word' id='word_1_626' title='bbox 1849 1188 1889 1210; x_wconf 85' lang='lat' dir='ltr'><em>ex</em></span> <span class='ocrx_word' id='word_1_627' title='bbox 1915 1186 2023 1210; x_wconf 86' lang='lat' dir='ltr'><em>nume-</em></span> 
     </span>
     <span class='ocr_line' id='line_1_94' title="bbox 1146 1219 2171 1272; baseline -0.003 -11"><span class='ocrx_word' id='word_1_628' title='bbox 1146 1241 1182 1263; x_wconf 84' lang='lat' dir='ltr'><em>ro</em></span> <span class='ocrx_word' id='word_1_629' title='bbox 1203 1228 1355 1268; x_wconf 86' lang='lat' dir='ltr'><em>istorum,</em></span> <span class='ocrx_word' id='word_1_630' title='bbox 1384 1228 1553 1272; x_wconf 86' lang='lat' dir='ltr'><em>dequibus</em></span> <span class='ocrx_word' id='word_1_631' title='bbox 1568 1227 1766 1270; x_wconf 87' lang='lat' dir='ltr'><em>Apostolus:</em></span> <span class='ocrx_word' id='word_1_632' title='bbox 1796 1225 1937 1268; x_wconf 72' lang='lat' dir='ltr'><em>Conversi</em></span> <span class='ocrx_word' id='word_1_633' title='bbox 1953 1225 2023 1269; x_wconf 85' lang='lat' dir='ltr'><em>sunt</em></span> <span class='ocrx_word' id='word_1_634' title='bbox 2068 1233 2095 1259; x_wconf 84' lang='lat'><em>1·</em></span> <span class='ocrx_word' id='word_1_635' title='bbox 2130 1219 2171 1255; x_wconf 70' lang='lat' dir='ltr'><em>ad</em></span> 
     </span>
     <span class='ocr_line' id='line_1_95' title="bbox 1146 1272 2200 1320; baseline -0.007 -9"><span class='ocrx_word' id='word_1_636' title='bbox 1146 1285 1178 1311; x_wconf 90' lang='lat' dir='ltr'><em>in</em></span> <span class='ocrx_word' id='word_1_637' title='bbox 1197 1278 1421 1320; x_wconf 84' lang='lat' dir='ltr'><em>vaniloquium,</em></span> <span class='ocrx_word' id='word_1_638' title='bbox 1447 1280 1581 1312; x_wconf 82' lang='lat' dir='ltr'><em>volentes</em></span> <span class='ocrx_word' id='word_1_639' title='bbox 1606 1277 1656 1319; x_wconf 88' lang='lat' dir='ltr'><em>esse</em></span> <span class='ocrx_word' id='word_1_640' title='bbox 1678 1279 1752 1320; x_wconf 85' lang='lat' dir='ltr'><em>legis</em></span> <span class='ocrx_word' id='word_1_641' title='bbox 1778 1277 1911 1309; x_wconf 62' lang='lat' dir='ltr'><em>Doctores</em></span> <span class='ocrx_word' id='word_1_642' title='bbox 1925 1300 1935 1315; x_wconf 92' lang='lat'><em>,</em></span> <span class='ocrx_word' id='word_1_643' title='bbox 1963 1287 2021 1308; x_wconf 82' lang='lat' dir='ltr'><em>non</em></span> <span class='ocrx_word' id='word_1_644' title='bbox 2040 1272 2143 1306; x_wconf 79' lang='lat' dir='ltr'><em>Tom.</em></span> <span class='ocrx_word' id='word_1_645' title='bbox 2167 1281 2200 1312; x_wconf 73' lang='lat'><em>1-</em></span> 
     </span>
     <span class='ocr_line' id='line_1_96' title="bbox 1147 1325 2026 1371; baseline -0.003 -10"><span class='ocrx_word' id='word_1_646' title='bbox 1147 1329 1361 1371; x_wconf 85' lang='lat' dir='ltr'><em>intelligentes,</em></span> <span class='ocrx_word' id='word_1_647' title='bbox 1387 1338 1453 1368; x_wconf 81' lang='lat' dir='ltr'><em>quae</em></span> <span class='ocrx_word' id='word_1_648' title='bbox 1464 1330 1624 1370; x_wconf 85' lang='lat' dir='ltr'><em>loquuntur</em></span> <span class='ocrx_word' id='word_1_649' title='bbox 1635 1351 1646 1366; x_wconf 92' lang='lat'><em>,</em></span> <span class='ocrx_word' id='word_1_650' title='bbox 1673 1338 1763 1368; x_wconf 75' lang='lat' dir='ltr'><em>neque</em></span> <span class='ocrx_word' id='word_1_651' title='bbox 1784 1328 1821 1359; x_wconf 85' lang='lat' dir='ltr'><em>de</em></span> <span class='ocrx_word' id='word_1_652' title='bbox 1833 1325 1935 1367; x_wconf 86' lang='lat' dir='ltr'><em>quibus</em></span> <span class='ocrx_word' id='word_1_653' title='bbox 1947 1326 2026 1367; x_wconf 79' lang='lat' dir='ltr'><em>affir-</em></span> 
     </span>
     <span class='ocr_line' id='line_1_97' title="bbox 1147 1375 2029 1417; baseline 0 -7"><span class='ocrx_word' id='word_1_654' title='bbox 1147 1378 1251 1410; x_wconf 45' lang='lat' dir='ltr'><em>mant,</em></span> <span class='ocrx_word' id='word_1_655' title='bbox 1283 1376 1455 1411; x_wconf 78' lang='lat' dir='ltr'><em>Ecclesiam</em></span> <span class='ocrx_word' id='word_1_656' title='bbox 1469 1402 1479 1417; x_wconf 92' lang='lat'>‚</span> <span class='ocrx_word' id='word_1_657' title='bbox 1497 1378 1574 1411; x_wconf 89' lang='lat' dir='ltr'><em>dum</em></span> <span class='ocrx_word' id='word_1_658' title='bbox 1590 1378 1762 1410; x_wconf 85' lang='lat' dir='ltr'><em>reformare</em></span> <span class='ocrx_word' id='word_1_659' title='bbox 1771 1375 1922 1409; x_wconf 86' lang='lat' dir='ltr'><em>ambiunt</em></span> <span class='ocrx_word' id='word_1_660' title='bbox 1941 1399 1950 1415; x_wconf 93' lang='lat'><em>‚</em></span> <span class='ocrx_word' id='word_1_661' title='bbox 1965 1384 2029 1410; x_wconf 83' lang='lat' dir='ltr'><em>tut-</em></span> 
     </span>
     <span class='ocr_line' id='line_1_98' title="bbox 1149 1424 2029 1469; baseline -0.003 -8"><span class='ocrx_word' id='word_1_662' title='bbox 1149 1428 1227 1461; x_wconf 90' lang='lat' dir='ltr'><em>bant</em></span> <span class='ocrx_word' id='word_1_663' title='bbox 1239 1439 1276 1460; x_wconf 88' lang='lat' dir='ltr'><em>ac</em></span> <span class='ocrx_word' id='word_1_664' title='bbox 1286 1426 1471 1461; x_wconf 83' lang='lat' dir='ltr'><em>deformant</em></span> <span class='ocrx_word' id='word_1_665' title='bbox 1483 1452 1490 1459; x_wconf 92' lang='lat'>.</span> <span class='ocrx_word' id='word_1_666' title='bbox 1505 1427 1655 1469; x_wconf 81' lang='lat' dir='ltr'><em>Ejusdem</em></span> <span class='ocrx_word' id='word_1_667' title='bbox 1669 1428 1778 1460; x_wconf 83' lang='lat' dir='ltr'><em>formae</em></span> <span class='ocrx_word' id='word_1_668' title='bbox 1792 1427 1863 1459; x_wconf 74' lang='lat' dir='ltr'><em>(unt</em></span> <span class='ocrx_word' id='word_1_669' title='bbox 1879 1426 1910 1459; x_wconf 87' lang='lat' dir='ltr'><em>S.</em></span> <span class='ocrx_word' id='word_1_670' title='bbox 1926 1424 2029 1459; x_wconf 82' lang='lat' dir='ltr'><em>Atha-</em></span> 
     </span>
     <span class='ocr_line' id='line_1_99' title="bbox 1151 1475 2030 1520; baseline -0.003 -10"><span class='ocrx_word' id='word_1_671' title='bbox 1151 1478 1251 1519; x_wconf 67' lang='lat' dir='ltr'><em>nani,</em></span> <span class='ocrx_word' id='word_1_672' title='bbox 1277 1478 1306 1511; x_wconf 91' lang='lat' dir='ltr'><em>S.</em></span> <span class='ocrx_word' id='word_1_673' title='bbox 1330 1477 1465 1520; x_wconf 83' lang='lat' dir='ltr'><em>Joannis</em></span> <span class='ocrx_word' id='word_1_674' title='bbox 1481 1476 1709 1519; x_wconf 84' lang='lat' dir='ltr'><em>Chrysostomi</em></span> <span class='ocrx_word' id='word_1_675' title='bbox 1733 1500 1743 1517; x_wconf 87' lang='lat'>‚</span> <span class='ocrx_word' id='word_1_676' title='bbox 1769 1477 1800 1510; x_wconf 91' lang='lat' dir='ltr'><em>S.</em></span> <span class='ocrx_word' id='word_1_677' title='bbox 1828 1475 1991 1509; x_wconf 83' lang='lat' dir='ltr'><em>Ambrosii</em></span> <span class='ocrx_word' id='word_1_678' title='bbox 2018 1498 2030 1514; x_wconf 91' lang='lat'><em>,</em></span> 
     </span>
     <span class='ocr_line' id='line_1_100' title="bbox 1150 1523 2031 1567; baseline -0.003 -7"><span class='ocrx_word' id='word_1_679' title='bbox 1150 1527 1354 1566; x_wconf 85' lang='lat' dir='ltr'><em>aliorumque</em></span> <span class='ocrx_word' id='word_1_680' title='bbox 1374 1526 1507 1560; x_wconf 73' lang='lat' dir='ltr'><em>Patr-um</em></span> <span class='ocrx_word' id='word_1_681' title='bbox 1531 1526 1738 1565; x_wconf 87' lang='lat' dir='ltr'><em>testimonia,</em></span> <span class='ocrx_word' id='word_1_682' title='bbox 1765 1537 1805 1559; x_wconf 82' lang='lat' dir='ltr'><em>ex</em></span> <span class='ocrx_word' id='word_1_683' title='bbox 1831 1524 1947 1567; x_wconf 86' lang='lat' dir='ltr'><em>quibus</em></span> <span class='ocrx_word' id='word_1_684' title='bbox 1970 1523 2031 1557; x_wconf 60' lang='lat' dir='ltr'><em>ad*-</em></span> 
     </span>
     <span class='ocr_line' id='line_1_101' title="bbox 1151 1573 2034 1618; baseline -0.006 -9"><span class='ocrx_word' id='word_1_685' title='bbox 1151 1575 1238 1609; x_wconf 66' lang='lat' dir='ltr'><em>duni</em></span> <span class='ocrx_word' id='word_1_686' title='bbox 1261 1575 1443 1618; x_wconf 85' lang='lat' dir='ltr'><em>argumenti</em></span> <span class='ocrx_word' id='word_1_687' title='bbox 1469 1573 1601 1606; x_wconf 80' lang='lat' dir='ltr'><em>Autbor</em></span> <span class='ocrx_word' id='word_1_688' title='bbox 1619 1575 1727 1606; x_wconf 82' lang='lat' dir='ltr'><em>suadet</em></span> <span class='ocrx_word' id='word_1_689' title='bbox 1749 1574 1938 1607; x_wconf 70' lang='lat' dir='ltr'><em>sanstiffimi</em></span> <span class='ocrx_word' id='word_1_690' title='bbox 1954 1573 2034 1614; x_wconf 91' lang='lat' dir='ltr'><em>My-</em></span> 
     </span>
     <span class='ocr_line' id='line_1_102' title="bbox 1152 1621 2030 1666; baseline -0.003 -8"><span class='ocrx_word' id='word_1_691' title='bbox 1152 1625 1238 1658; x_wconf 87' lang='lat' dir='ltr'><em>sterii</em></span> <span class='ocrx_word' id='word_1_692' title='bbox 1255 1625 1415 1666; x_wconf 71' lang='lat' dir='ltr'><em>aspestum</em></span> <span class='ocrx_word' id='word_1_693' title='bbox 1436 1621 1612 1664; x_wconf 88' lang='lat' dir='ltr'><em>improbar-i</em></span> <span class='ocrx_word' id='word_1_694' title='bbox 1636 1634 1673 1655; x_wconf 84' lang='lat' dir='ltr'><em>ac</em></span> <span class='ocrx_word' id='word_1_695' title='bbox 1687 1621 1866 1665; x_wconf 83' lang='lat' dir='ltr'><em>prohiberi.</em></span> <span class='ocrx_word' id='word_1_696' title='bbox 1898 1622 2030 1655; x_wconf 85' lang='lat' dir='ltr'><em>Etenim</em></span> 
     </span>
     <span class='ocr_line' id='line_1_103' title="bbox 1152 1671 2029 1717; baseline -0.005 -10"><span class='ocrx_word' id='word_1_697' title='bbox 1152 1674 1265 1707; x_wconf 90' lang='lat' dir='ltr'><em>omnia</em></span> <span class='ocrx_word' id='word_1_698' title='bbox 1282 1684 1386 1717; x_wconf 80' lang='lat' dir='ltr'><em>agunt</em></span> <span class='ocrx_word' id='word_1_699' title='bbox 1405 1672 1446 1705; x_wconf 87' lang='lat' dir='ltr'><em>de</em></span> <span class='ocrx_word' id='word_1_700' title='bbox 1458 1671 1598 1714; x_wconf 84' lang='lat' dir='ltr'><em>Paganis</em></span> <span class='ocrx_word' id='word_1_701' title='bbox 1611 1694 1622 1710; x_wconf 94' lang='lat'><em>,</em></span> <span class='ocrx_word' id='word_1_702' title='bbox 1648 1672 1761 1713; x_wconf 81' lang='lat' dir='ltr'><em>Judaeis</em></span> <span class='ocrx_word' id='word_1_703' title='bbox 1773 1694 1784 1710; x_wconf 94' lang='lat'><em>,</em></span> <span class='ocrx_word' id='word_1_704' title='bbox 1812 1671 2029 1704; x_wconf 79' lang='lat' dir='ltr'><em>Catechume-</em></span> 
     </span>
     <span class='ocr_line' id='line_1_104' title="bbox 1154 1718 2031 1762; baseline 0.001 -8"><span class='ocrx_word' id='word_1_705' title='bbox 1154 1724 1203 1755; x_wconf 84' lang='lat' dir='ltr'><em>nis</em></span> <span class='ocrx_word' id='word_1_706' title='bbox 1228 1723 1261 1755; x_wconf 79' lang='grc' dir='ltr'><em>δε</em></span> <span class='ocrx_word' id='word_1_707' title='bbox 1294 1720 1423 1762; x_wconf 76' lang='lat' dir='ltr'><em>publice</em></span> <span class='ocrx_word' id='word_1_708' title='bbox 1444 1720 1679 1762; x_wconf 74' lang='lat' dir='ltr'><em>poenitentibus</em></span> <span class='ocrx_word' id='word_1_709' title='bbox 1699 1745 1709 1760; x_wconf 92' lang='lat'><em>,</em></span> <span class='ocrx_word' id='word_1_710' title='bbox 1745 1718 1860 1762; x_wconf 88' lang='lat' dir='ltr'><em>quibus</em></span> <span class='ocrx_word' id='word_1_711' title='bbox 1886 1720 2031 1755; x_wconf 73' lang='lat' dir='ltr'><em>Ecclesia</em></span> 
     </span>
     <span class='ocr_line' id='line_1_105' title="bbox 1153 1769 2034 1814; baseline 0.001 -11"><span class='ocrx_word' id='word_1_712' title='bbox 1153 1771 1273 1813; x_wconf 89' lang='lat' dir='ltr'><em>semper</em></span> <span class='ocrx_word' id='word_1_713' title='bbox 1293 1769 1386 1804; x_wconf 87' lang='lat' dir='ltr'><em>istam</em></span> <span class='ocrx_word' id='word_1_714' title='bbox 1405 1769 1574 1804; x_wconf 85' lang='lat' dir='ltr'><em>interdixit</em></span> <span class='ocrx_word' id='word_1_715' title='bbox 1596 1770 1733 1814; x_wconf 85' lang='lat' dir='ltr'><em>gratiam</em></span> <span class='ocrx_word' id='word_1_716' title='bbox 1757 1794 1767 1810; x_wconf 91' lang='lat'>‚</span> <span class='ocrx_word' id='word_1_717' title='bbox 1795 1770 1827 1803; x_wconf 78' lang='grc' dir='ltr'>ἀ</span> <span class='ocrx_word' id='word_1_718' title='bbox 1850 1771 2034 1805; x_wconf 86' lang='lat' dir='ltr'><em>etiamnum</em></span> 
     </span>
     <span class='ocr_line' id='line_1_106' title="bbox 1154 1817 2035 1854; baseline 0.001 -1"><span class='ocrx_word' id='word_1_719' title='bbox 1154 1819 1254 1854; x_wconf 90' lang='lat' dir='ltr'><em>hodie</em></span> <span class='ocrx_word' id='word_1_720' title='bbox 1274 1819 1371 1854; x_wconf 86' lang='lat' dir='ltr'><em>debet</em></span> <span class='ocrx_word' id='word_1_721' title='bbox 1396 1817 1600 1853; x_wconf 86' lang='lat' dir='ltr'><em>interdicere.</em></span> <span class='ocrx_word' id='word_1_722' title='bbox 1630 1821 1760 1854; x_wconf 85' lang='lat' dir='ltr'><em>Priores</em></span> <span class='ocrx_word' id='word_1_723' title='bbox 1781 1821 1870 1853; x_wconf 88' lang='lat' dir='ltr'><em>enim</em></span> <span class='ocrx_word' id='word_1_724' title='bbox 1885 1831 1953 1853; x_wconf 87' lang='lat' dir='ltr'><em>non</em></span> <span class='ocrx_word' id='word_1_725' title='bbox 1968 1831 2035 1854; x_wconf 89' lang='lat' dir='ltr'><em>cre-</em></span> 
     </span>
     <span class='ocr_line' id='line_1_107' title="bbox 1152 1869 2034 1914; baseline -0.001 -10"><span class='ocrx_word' id='word_1_726' title='bbox 1152 1871 1234 1904; x_wconf 89' lang='lat' dir='ltr'><em>dunt</em></span> <span class='ocrx_word' id='word_1_727' title='bbox 1257 1869 1289 1902; x_wconf 92' lang='lat' dir='ltr'><em>in</em></span> <span class='ocrx_word' id='word_1_728' title='bbox 1305 1870 1429 1914; x_wconf 74' lang='lat' dir='ltr'><em>Jesum,</em></span> <span class='ocrx_word' id='word_1_729' title='bbox 1456 1869 1646 1912; x_wconf 81' lang='lat' dir='ltr'><em>posteriores</em></span> <span class='ocrx_word' id='word_1_730' title='bbox 1660 1872 1731 1906; x_wconf 88' lang='lat' dir='ltr'><em>sunt</em></span> <span class='ocrx_word' id='word_1_731' title='bbox 1746 1869 1815 1908; x_wconf 91' lang='lat' dir='ltr'><em>illi,</em></span> <span class='ocrx_word' id='word_1_732' title='bbox 1840 1869 1980 1913; x_wconf 86' lang='lat' dir='ltr'><em>quilicet</em></span> <span class='ocrx_word' id='word_1_733' title='bbox 1997 1872 2034 1903; x_wconf 90' lang='lat' dir='ltr'><em>in</em></span> 
     </span>
     <span class='ocr_line' id='line_1_108' title="bbox 1153 1919 2032 1963; baseline -0.002 -10"><span class='ocrx_word' id='word_1_734' title='bbox 1153 1921 1258 1962; x_wconf 76' lang='lat' dir='ltr'><em>Iesum</em></span> <span class='ocrx_word' id='word_1_735' title='bbox 1281 1919 1431 1961; x_wconf 75' lang='lat' dir='ltr'><em>credant,</em></span> <span class='ocrx_word' id='word_1_736' title='bbox 1459 1921 1547 1963; x_wconf 75' lang='lat' dir='ltr'><em>Jesus</em></span> <span class='ocrx_word' id='word_1_737' title='bbox 1568 1930 1675 1954; x_wconf 91' lang='lat' dir='ltr'><em>tamen</em></span> <span class='ocrx_word' id='word_1_738' title='bbox 1697 1931 1765 1954; x_wconf 88' lang='lat' dir='ltr'><em>non</em></span> <span class='ocrx_word' id='word_1_739' title='bbox 1787 1920 1818 1952; x_wconf 88' lang='lat' dir='ltr'><em>se</em></span> <span class='ocrx_word' id='word_1_740' title='bbox 1841 1919 2032 1953; x_wconf 88' lang='lat' dir='ltr'><em>creditillis.</em></span> 
     </span>
     <span class='ocr_line' id='line_1_109' title="bbox 1154 1968 2034 2013; baseline -0.001 -10"><span class='ocrx_word' id='word_1_741' title='bbox 1154 1970 1234 2003; x_wconf 91' lang='lat' dir='ltr'><em>Non</em></span> <span class='ocrx_word' id='word_1_742' title='bbox 1255 1970 1328 2003; x_wconf 85' lang='lat' dir='ltr'><em>sunt</em></span> <span class='ocrx_word' id='word_1_743' title='bbox 1348 1970 1415 2013; x_wconf 86' lang='lat' dir='ltr'><em>ejus</em></span> <span class='ocrx_word' id='word_1_744' title='bbox 1436 1969 1576 2004; x_wconf 84' lang='lat' dir='ltr'><em>Fideles.</em></span> <span class='ocrx_word' id='word_1_745' title='bbox 1604 1970 1646 2004; x_wconf 89' lang='lat' dir='ltr'><em>Et</em></span> <span class='ocrx_word' id='word_1_746' title='bbox 1670 1971 1770 2004; x_wconf 85' lang='lat' dir='ltr'><em>nostri</em></span> <span class='ocrx_word' id='word_1_747' title='bbox 1784 1968 1910 2002; x_wconf 89' lang='lat' dir='ltr'><em>Fideles</em></span> <span class='ocrx_word' id='word_1_748' title='bbox 1935 1971 2007 2003; x_wconf 87' lang='lat' dir='ltr'><em>sunt</em></span> <span class='ocrx_word' id='word_1_749' title='bbox 2021 1993 2034 2009; x_wconf 91' lang='lat'><em>,</em></span> 
     </span>
     <span class='ocr_line' id='line_1_110' title="bbox 1154 2019 2029 2063; baseline 0 -12"><span class='ocrx_word' id='word_1_750' title='bbox 1154 2031 1222 2056; x_wconf 89' lang='lat' dir='ltr'><em>non</em></span> <span class='ocrx_word' id='word_1_751' title='bbox 1246 2019 1302 2063; x_wconf 88' lang='lat' dir='ltr'><em>qui</em></span> <span class='ocrx_word' id='word_1_752' title='bbox 1322 2020 1415 2054; x_wconf 86' lang='lat' dir='ltr'><em>nobis</em></span> <span class='ocrx_word' id='word_1_753' title='bbox 1439 2019 1565 2061; x_wconf 87' lang='lat' dir='ltr'><em>fidunt,</em></span> <span class='ocrx_word' id='word_1_754' title='bbox 1594 2021 1646 2054; x_wconf 81' lang='lat' dir='ltr'><em>sed</em></span> <span class='ocrx_word' id='word_1_755' title='bbox 1669 2020 1786 2063; x_wconf 78' lang='lat' dir='ltr'><em>quibus</em></span> <span class='ocrx_word' id='word_1_756' title='bbox 1808 2031 1868 2053; x_wconf 85' lang='lat' dir='ltr'><em>nos</em></span> <span class='ocrx_word' id='word_1_757' title='bbox 1879 2019 2029 2053; x_wconf 78' lang='lat' dir='ltr'><em>fidimus.</em></span> 
     </span>
     <span class='ocr_line' id='line_1_111' title="bbox 1156 2069 1667 2106; baseline 0 -4"><span class='ocrx_word' id='word_1_758' title='bbox 1156 2069 1328 2103; x_wconf 83' lang='lat' dir='ltr'><em>Praesertim</em></span> <span class='ocrx_word' id='word_1_759' title='bbox 1360 2070 1466 2103; x_wconf 77' lang='lat' dir='ltr'><em>nostra</em></span> <span class='ocrx_word' id='word_1_760' title='bbox 1493 2070 1667 2106; x_wconf 86' lang='lat' dir='ltr'><em>interiora.</em></span> 
     </span>
    </p>

    <p class='ocr_par' dir='ltr' id='par_1_15' title="bbox 1148 2119 2176 3204">
     <span class='ocr_line' id='line_1_112' title="bbox 1205 2119 2031 2164; baseline -0.001 -11"><span class='ocrx_word' id='word_1_761' title='bbox 1205 2119 1339 2153; x_wconf 76' lang='lat' dir='ltr'><em>Avitum</em></span> <span class='ocrx_word' id='word_1_762' title='bbox 1352 2119 1530 2154; x_wconf 83' lang='lat' dir='ltr'><em>Gallicanae</em></span> <span class='ocrx_word' id='word_1_763' title='bbox 1544 2120 1688 2154; x_wconf 80' lang='lat' dir='ltr'><em>Ecclefiae</em></span> <span class='ocrx_word' id='word_1_764' title='bbox 1702 2120 1920 2164; x_wconf 69' lang='lat' dir='ltr'><em>Disciplinam</em></span> <span class='ocrx_word' id='word_1_765' title='bbox 1934 2119 2031 2153; x_wconf 88' lang='lat' dir='ltr'><em>docet</em></span> 
     </span>
     <span class='ocr_line' id='line_1_113' title="bbox 1156 2168 2175 2225; baseline 0 -24"><span class='ocrx_word' id='word_1_766' title='bbox 1156 2180 1215 2203; x_wconf 85' lang='lat' dir='ltr'><em>nos</em></span> <span class='ocrx_word' id='word_1_767' title='bbox 1235 2168 1370 2203; x_wconf 88' lang='lat' dir='ltr'><em>secunda</em></span> <span class='ocrx_word' id='word_1_768' title='bbox 1383 2169 1531 2203; x_wconf 78' lang='lat' dir='ltr'><em>Vasensis</em></span> <span class='ocrx_word' id='word_1_769' title='bbox 1540 2170 1693 2212; x_wconf 85' lang='lat' dir='ltr'><em>synodus</em></span> <span class='ocrx_word' id='word_1_770' title='bbox 1707 2185 1718 2204; x_wconf 91' lang='lat'><em>.·</em></span> <span class='ocrx_word' id='word_1_771' title='bbox 1745 2172 1862 2203; x_wconf 77' lang='lat' dir='ltr'><em>Placuit</em></span> <span class='ocrx_word' id='word_1_772' title='bbox 1881 2178 2030 2211; x_wconf 86' lang='lat' dir='ltr'><em>praeterea</em></span> <span class='ocrx_word' id='word_1_773' title='bbox 2047 2178 2128 2225; x_wconf 53' lang='lat' dir='ltr'><em>Cap,</em></span> <span class='ocrx_word' id='word_1_774' title='bbox 2139 2192 2175 2225; x_wconf 57' lang='lat'><em>7⁴³</em></span> 
     </span>
     <span class='ocr_line' id='line_1_114' title="bbox 1154 2217 2038 2261; baseline -0.001 -10"><span class='ocrx_word' id='word_1_775' title='bbox 1154 2217 1313 2261; x_wconf 87' lang='lat' dir='ltr'><em>accusandi</em></span> <span class='ocrx_word' id='word_1_776' title='bbox 1332 2221 1503 2260; x_wconf 83' lang='lat' dir='ltr'><em>licentiam,</em></span> <span class='ocrx_word' id='word_1_777' title='bbox 1533 2226 1624 2252; x_wconf 80' lang='lat' dir='ltr'><em>etiam</em></span> <span class='ocrx_word' id='word_1_778' title='bbox 1646 2226 1678 2252; x_wconf 85' lang='lat' dir='ltr'><em>in</em></span> <span class='ocrx_word' id='word_1_779' title='bbox 1689 2220 1792 2261; x_wconf 84' lang='lat' dir='ltr'><em>vestris</em></span> <span class='ocrx_word' id='word_1_780' title='bbox 1805 2219 1967 2251; x_wconf 80' lang='lat' dir='ltr'><em>Ordinibus</em></span> <span class='ocrx_word' id='word_1_781' title='bbox 1981 2243 1991 2258; x_wconf 91' lang='lat'><em>,</em></span> <span class='ocrx_word' id='word_1_782' title='bbox 2008 2218 2038 2260; x_wconf 82' lang='lat' dir='ltr'><em>fi</em></span> 
     </span>
     <span class='ocr_line' id='line_1_115' title="bbox 1154 2267 2034 2311; baseline -0.001 -10"><span class='ocrx_word' id='word_1_783' title='bbox 1154 2281 1212 2311; x_wconf 84' lang='lat' dir='ltr'><em>qua</em></span> <span class='ocrx_word' id='word_1_784' title='bbox 1235 2269 1354 2308; x_wconf 84' lang='lat' dir='ltr'><em>existit,</em></span> <span class='ocrx_word' id='word_1_785' title='bbox 1379 2270 1501 2303; x_wconf 83' lang='lat' dir='ltr'><em>lenitate</em></span> <span class='ocrx_word' id='word_1_786' title='bbox 1523 2276 1732 2311; x_wconf 79' lang='lat' dir='ltr'><em>comprimere,</em></span> <span class='ocrx_word' id='word_1_787' title='bbox 1758 2270 1839 2311; x_wconf 87' lang='lat' dir='ltr'><em>quod</em></span> <span class='ocrx_word' id='word_1_788' title='bbox 1854 2267 1906 2308; x_wconf 86' lang='lat' dir='ltr'><em>etfi</em></span> <span class='ocrx_word' id='word_1_789' title='bbox 1914 2267 2034 2309; x_wconf 84' lang='lat' dir='ltr'><em>Episco-</em></span> 
     </span>
     <span class='ocr_line' id='line_1_116' title="bbox 1151 2318 2032 2360; baseline 0 -9"><span class='ocrx_word' id='word_1_790' title='bbox 1151 2327 1209 2360; x_wconf 89' lang='lat' dir='ltr'><em>pus</em></span> <span class='ocrx_word' id='word_1_791' title='bbox 1233 2319 1361 2360; x_wconf 84' lang='lat' dir='ltr'><em>aliquem</em></span> <span class='ocrx_word' id='word_1_792' title='bbox 1376 2321 1496 2357; x_wconf 77' lang='lat' dir='ltr'><em>judicat</em></span> <span class='ocrx_word' id='word_1_793' title='bbox 1509 2318 1710 2358; x_wconf 85' lang='lat' dir='ltr'><em>abstinendum</em></span> <span class='ocrx_word' id='word_1_794' title='bbox 1716 2328 1772 2360; x_wconf 87' lang='lat' dir='ltr'><em>pro</em></span> <span class='ocrx_word' id='word_1_795' title='bbox 1784 2319 1982 2350; x_wconf 76' lang='lat' dir='ltr'><em>humiliatione</em></span> <span class='ocrx_word' id='word_1_796' title='bbox 1995 2319 2032 2351; x_wconf 65' lang='lat'><em>&amp;-</em></span> 
     </span>
     <span class='ocr_line' id='line_1_117' title="bbox 1154 2368 2031 2411; baseline -0.002 -11"><span class='ocrx_word' id='word_1_797' title='bbox 1154 2368 1320 2400; x_wconf 73' lang='lat' dir='ltr'><em>correc‘lione</em></span> <span class='ocrx_word' id='word_1_798' title='bbox 1343 2372 1487 2406; x_wconf 80' lang='lat' dir='ltr'><em>Fratris,</em></span> <span class='ocrx_word' id='word_1_799' title='bbox 1511 2369 1712 2411; x_wconf 74' lang='lat' dir='ltr'><em>&amp;affurgnur</em></span> <span class='ocrx_word' id='word_1_800' title='bbox 1734 2368 2031 2407; x_wconf 71' lang='lat' dir='ltr'><em>exorariacaeteris,</em></span> 
     </span>
     <span class='ocr_line' id='line_1_118' title="bbox 1155 2416 2032 2460; baseline 0.001 -11"><span class='ocrx_word' id='word_1_801' title='bbox 1155 2416 1335 2459; x_wconf 82' lang='lat' dir='ltr'><em>acquiescat,</em></span> <span class='ocrx_word' id='word_1_802' title='bbox 1362 2421 1491 2454; x_wconf 85' lang='lat' dir='ltr'><em>Fratri,</em></span> <span class='ocrx_word' id='word_1_803' title='bbox 1518 2418 1554 2449; x_wconf 90' lang='lat' dir='ltr'><em>de</em></span> <span class='ocrx_word' id='word_1_804' title='bbox 1573 2428 1626 2458; x_wconf 91' lang='lat' dir='ltr'><em>quo</em></span> <span class='ocrx_word' id='word_1_805' title='bbox 1641 2423 1763 2460; x_wconf 83' lang='lat' dir='ltr'><em>agitur,</em></span> <span class='ocrx_word' id='word_1_806' title='bbox 1791 2423 1968 2457; x_wconf 87' lang='lat' dir='ltr'><em>correptione</em></span> <span class='ocrx_word' id='word_1_807' title='bbox 1996 2418 2032 2450; x_wconf 60' lang='grc'><em>(9»</em></span> 
     </span>
     <span class='ocr_line' id='line_1_119' title="bbox 1154 2466 2031 2501; baseline -0.001 -3"><span class='ocrx_word' id='word_1_808' title='bbox 1154 2471 1409 2499; x_wconf 84' lang='lat' dir='ltr'><em>communicatione</em></span> <span class='ocrx_word' id='word_1_809' title='bbox 1431 2466 1587 2499; x_wconf 83' lang='lat' dir='ltr'><em>adbibita.</em></span> <span class='ocrx_word' id='word_1_810' title='bbox 1616 2469 1668 2499; x_wconf 79' lang='lat' dir='ltr'><em>sin</em></span> <span class='ocrx_word' id='word_1_811' title='bbox 1679 2475 1775 2501; x_wconf 86' lang='lat' dir='ltr'><em>autem</em></span> <span class='ocrx_word' id='word_1_812' title='bbox 1783 2469 1821 2500; x_wconf 91' lang='lat' dir='ltr'><em>de</em></span> <span class='ocrx_word' id='word_1_813' title='bbox 1836 2472 1958 2500; x_wconf 86' lang='lat' dir='ltr'><em>erimine</em></span> <span class='ocrx_word' id='word_1_814' title='bbox 1975 2467 2031 2498; x_wconf 84' lang='lat' dir='ltr'><em>ali-</em></span> 
     </span>
     <span class='ocr_line' id='line_1_120' title="bbox 1154 2514 2030 2560; baseline -0.001 -11"><span class='ocrx_word' id='word_1_815' title='bbox 1154 2527 1240 2558; x_wconf 84' lang='lat' dir='ltr'><em>quem</em></span> <span class='ocrx_word' id='word_1_816' title='bbox 1254 2524 1340 2556; x_wconf 86' lang='lat' dir='ltr'><em>putet</em></span> <span class='ocrx_word' id='word_1_817' title='bbox 1351 2516 1402 2557; x_wconf 83' lang='lat' dir='ltr'><em>esse</em></span> <span class='ocrx_word' id='word_1_818' title='bbox 1420 2517 1626 2548; x_wconf 80' lang='lat' dir='ltr'><em>damnandum</em></span> <span class='ocrx_word' id='word_1_819' title='bbox 1637 2541 1647 2557; x_wconf 93' lang='lat'>‚</span> <span class='ocrx_word' id='word_1_820' title='bbox 1674 2516 1846 2560; x_wconf 85' lang='lat' dir='ltr'><em>accusatoris</em></span> <span class='ocrx_word' id='word_1_821' title='bbox 1863 2522 1925 2548; x_wconf 86' lang='lat' dir='ltr'><em>vice</em></span> <span class='ocrx_word' id='word_1_822' title='bbox 1939 2514 2030 2558; x_wconf 78' lang='lat' dir='ltr'><em>discu-</em></span> 
     </span>
     <span class='ocr_line' id='line_1_121' title="bbox 1154 2564 2030 2610; baseline 0.002 -14"><span class='ocrx_word' id='word_1_823' title='bbox 1154 2566 1286 2599; x_wconf 67' lang='lat' dir='ltr'><em>tiendum</em></span> <span class='ocrx_word' id='word_1_824' title='bbox 1301 2564 1399 2608; x_wconf 67' lang='lat' dir='ltr'><em>sedat.-</em></span> <span class='ocrx_word' id='word_1_825' title='bbox 1433 2570 1497 2598; x_wconf 67' lang='lat' dir='ltr'><em>Eas</em></span> <span class='ocrx_word' id='word_1_826' title='bbox 1519 2565 1556 2604; x_wconf 84' lang='lat' dir='ltr'><em>est</em></span> <span class='ocrx_word' id='word_1_827' title='bbox 1578 2572 1678 2607; x_wconf 90' lang='lat' dir='ltr'><em>enim,</em></span> <span class='ocrx_word' id='word_1_828' title='bbox 1703 2576 1735 2599; x_wconf 88' lang='lat' dir='ltr'><em>ut</em></span> <span class='ocrx_word' id='word_1_829' title='bbox 1755 2580 1822 2610; x_wconf 79' lang='lat' dir='ltr'><em>quae</em></span> <span class='ocrx_word' id='word_1_830' title='bbox 1833 2571 1884 2599; x_wconf 85' lang='lat' dir='ltr'><em>uni</em></span> <span class='ocrx_word' id='word_1_831' title='bbox 1893 2566 2030 2606; x_wconf 76' lang='lat' dir='ltr'><em>proban-</em></span> 
     </span>
     <span class='ocr_line' id='line_1_122' title="bbox 1155 2613 2028 2658; baseline -0.001 -10"><span class='ocrx_word' id='word_1_832' title='bbox 1155 2626 1202 2648; x_wconf 88' lang='lat' dir='ltr'><em>tur</em></span> <span class='ocrx_word' id='word_1_833' title='bbox 1214 2640 1224 2655; x_wconf 91' lang='lat'><em>,</em></span> <span class='ocrx_word' id='word_1_834' title='bbox 1245 2616 1406 2657; x_wconf 86' lang='lat' dir='ltr'><em>probentur</em></span> <span class='ocrx_word' id='word_1_835' title='bbox 1421 2615 1553 2648; x_wconf 88' lang='lat' dir='ltr'><em>omnibus</em></span> <span class='ocrx_word' id='word_1_836' title='bbox 1569 2639 1575 2646; x_wconf 92' lang='lat'>.</span> <span class='ocrx_word' id='word_1_837' title='bbox 1604 2616 1854 2658; x_wconf 44' lang='lat' dir='ltr'><em>,Quod-fitantum</em></span> <span class='ocrx_word' id='word_1_838' title='bbox 1865 2613 2028 2657; x_wconf 84' lang='lat' dir='ltr'><em>Episcopus</em></span> 
     </span>
     <span class='ocr_line' id='line_1_123' title="bbox 1155 2663 2027 2712; baseline -0.002 -15"><span class='ocrx_word' id='word_1_839' title='bbox 1155 2666 1244 2698; x_wconf 75' lang='lat' dir='ltr'><em>alieni</em></span> <span class='ocrx_word' id='word_1_840' title='bbox 1262 2664 1378 2708; x_wconf 89' lang='lat' dir='ltr'><em>sceleris</em></span> <span class='ocrx_word' id='word_1_841' title='bbox 1396 2663 1426 2707; x_wconf 89' lang='lat' dir='ltr'><em>se</em></span> <span class='ocrx_word' id='word_1_842' title='bbox 1446 2665 1587 2707; x_wconf 81' lang='lat' dir='ltr'><em>conscium</em></span> <span class='ocrx_word' id='word_1_843' title='bbox 1603 2671 1688 2698; x_wconf 85' lang='lat' dir='ltr'><em>novit</em></span> <span class='ocrx_word' id='word_1_844' title='bbox 1703 2691 1712 2705; x_wconf 94' lang='lat'>‚</span> <span class='ocrx_word' id='word_1_845' title='bbox 1740 2669 1882 2709; x_wconf 83' lang='lat' dir='ltr'><em>quamdiu</em></span> <span class='ocrx_word' id='word_1_846' title='bbox 1898 2665 2027 2712; x_wconf 82' lang='lat' dir='ltr'><em>probare</em></span> 
     </span>
     <span class='ocr_line' id='line_1_124' title="bbox 1156 2713 2028 2758; baseline -0.002 -11"><span class='ocrx_word' id='word_1_847' title='bbox 1156 2728 1212 2748; x_wconf 84' lang='lat' dir='ltr'><em>non</em></span> <span class='ocrx_word' id='word_1_848' title='bbox 1220 2714 1310 2756; x_wconf 69' lang='lat' dir='ltr'><em>potest</em></span> <span class='ocrx_word' id='word_1_849' title='bbox 1318 2740 1328 2755; x_wconf 92' lang='lat'><em>,</em></span> <span class='ocrx_word' id='word_1_850' title='bbox 1358 2713 1435 2747; x_wconf 80' lang='lat' dir='ltr'><em>nihil</em></span> <span class='ocrx_word' id='word_1_851' title='bbox 1439 2715 1578 2756; x_wconf 76' lang='lat' dir='ltr'><em>proferat</em></span> <span class='ocrx_word' id='word_1_852' title='bbox 1592 2739 1606 2755; x_wconf 65' lang='lat'><em>5</em></span> <span class='ocrx_word' id='word_1_853' title='bbox 1623 2715 1681 2757; x_wconf 90' lang='lat' dir='ltr'><em>sed</em></span> <span class='ocrx_word' id='word_1_854' title='bbox 1690 2727 1752 2747; x_wconf 85' lang='lat' dir='ltr'><em>cum</em></span> <span class='ocrx_word' id='word_1_855' title='bbox 1766 2715 1826 2758; x_wconf 77' lang='lat' dir='ltr'><em>ipsi&gt;</em></span> <span class='ocrx_word' id='word_1_856' title='bbox 1836 2718 1880 2749; x_wconf 90' lang='lat' dir='ltr'><em>ad</em></span> <span class='ocrx_word' id='word_1_857' title='bbox 1890 2722 2028 2754; x_wconf 62' lang='lat' dir='ltr'><em>compuna</em></span> 
     </span>
     <span class='ocr_line' id='line_1_125' title="bbox 1154 2763 2167 2827; baseline -0.001 -30"><span class='ocrx_word' id='word_1_858' title='bbox 1154 2765 1276 2797; x_wconf 70' lang='lat' dir='ltr'><em>ditonem</em></span> <span class='ocrx_word' id='word_1_859' title='bbox 1298 2766 1364 2806; x_wconf 70' lang='lat' dir='ltr'><em>ejus</em></span> <span class='ocrx_word' id='word_1_860' title='bbox 1377 2789 1386 2805; x_wconf 93' lang='lat'><em>,</em></span> <span class='ocrx_word' id='word_1_861' title='bbox 1409 2763 1527 2806; x_wconf 84' lang='lat' dir='ltr'><em>secretis</em></span> <span class='ocrx_word' id='word_1_862' title='bbox 1541 2765 1766 2806; x_wconf 82' lang='lat' dir='ltr'><em>correptionibus</em></span> <span class='ocrx_word' id='word_1_863' title='bbox 1778 2765 1922 2799; x_wconf 86' lang='lat' dir='ltr'><em>elaboret.</em></span> <span class='ocrx_word' id='word_1_864' title='bbox 1937 2764 2032 2806; x_wconf 75' lang='lat' dir='ltr'><em>‚Quod</em></span> <span class='ocrx_word' id='word_1_865' title='bbox 2042 2780 2121 2827; x_wconf 47' lang='lat' dir='ltr'><em>Cap·</em></span> <span class='ocrx_word' id='word_1_866' title='bbox 2136 2778 2167 2818; x_wconf 69' lang='lat'><em>3-</em></span> 
     </span>
     <span class='ocr_line' id='line_1_126' title="bbox 1148 2806 2168 2857; baseline -0.002 -10"><span class='ocrx_word' id='word_1_867' title='bbox 1148 2814 1177 2854; x_wconf 81' lang='lat' dir='ltr'><em>fi</em></span> <span class='ocrx_word' id='word_1_868' title='bbox 1194 2824 1343 2856; x_wconf 82' lang='lat' dir='ltr'><em>correptus</em></span> <span class='ocrx_word' id='word_1_869' title='bbox 1362 2820 1542 2855; x_wconf 88' lang='lat' dir='ltr'><em>pertinacior</em></span> <span class='ocrx_word' id='word_1_870' title='bbox 1557 2815 1655 2856; x_wconf 87' lang='lat' dir='ltr'><em>fuerit</em></span> <span class='ocrx_word' id='word_1_871' title='bbox 1677 2836 1687 2851; x_wconf 91' lang='lat'>‚</span> <span class='ocrx_word' id='word_1_872' title='bbox 1713 2816 1746 2848; x_wconf 58' lang='lat' dir='ltr'><em>(tt</em></span> <span class='ocrx_word' id='word_1_873' title='bbox 1769 2813 1803 2857; x_wconf 87' lang='lat' dir='ltr'><em>se</em></span> <span class='ocrx_word' id='word_1_874' title='bbox 1824 2818 2028 2849; x_wconf 77' lang='lat' dir='ltr'><em>Communioni</em></span> <span class='ocrx_word' id='word_1_875' title='bbox 2157 2806 2168 2818; x_wconf 57' lang='lat'>³</span> 
     </span>
     <span class='ocr_line' id='line_1_127' title="bbox 1151 2861 2027 2907; baseline -0.001 -11"><span class='ocrx_word' id='word_1_876' title='bbox 1151 2865 1275 2906; x_wconf 74' lang='lat' dir='ltr'><em>publica.-</em></span> <span class='ocrx_word' id='word_1_877' title='bbox 1296 2864 1443 2907; x_wconf 72' lang='lat' dir='ltr'><em>ingesserit</em></span> <span class='ocrx_word' id='word_1_878' title='bbox 1456 2889 1467 2904; x_wconf 94' lang='lat'>‚</span> <span class='ocrx_word' id='word_1_879' title='bbox 1494 2863 1607 2905; x_wconf 85' lang='lat' dir='ltr'><em>etiamsi</em></span> <span class='ocrx_word' id='word_1_880' title='bbox 1626 2861 1786 2905; x_wconf 81' lang='lat' dir='ltr'><em>Episcopus</em></span> <span class='ocrx_word' id='word_1_881' title='bbox 1806 2870 1838 2897; x_wconf 90' lang='lat' dir='ltr'><em>in</em></span> <span class='ocrx_word' id='word_1_882' title='bbox 1849 2868 2027 2905; x_wconf 83' lang='lat' dir='ltr'><em>redarguen-</em></span> 
     </span>
     <span class='ocr_line' id='line_1_128' title="bbox 1154 2914 2025 2956; baseline -0.001 -10"><span class='ocrx_word' id='word_1_883' title='bbox 1154 2916 1192 2946; x_wconf 89' lang='lat' dir='ltr'><em>do</em></span> <span class='ocrx_word' id='word_1_884' title='bbox 1212 2915 1261 2946; x_wconf 87' lang='lat' dir='ltr'><em>illo</em></span> <span class='ocrx_word' id='word_1_885' title='bbox 1273 2938 1284 2954; x_wconf 94' lang='lat'><em>,</em></span> <span class='ocrx_word' id='word_1_886' title='bbox 1310 2925 1396 2956; x_wconf 85' lang='lat' dir='ltr'><em>quem</em></span> <span class='ocrx_word' id='word_1_887' title='bbox 1415 2925 1492 2946; x_wconf 89' lang='lat' dir='ltr'><em>reum</em></span> <span class='ocrx_word' id='word_1_888' title='bbox 1508 2915 1627 2952; x_wconf 79' lang='lat' dir='ltr'><em>judicat</em></span> <span class='ocrx_word' id='word_1_889' title='bbox 1647 2936 1657 2951; x_wconf 87' lang='lat'><em>,</em></span> <span class='ocrx_word' id='word_1_890' title='bbox 1678 2914 1849 2954; x_wconf 86' lang='lat' dir='ltr'><em>probatione</em></span> <span class='ocrx_word' id='word_1_891' title='bbox 1868 2914 1988 2955; x_wconf 85' lang='lat' dir='ltr'><em>deficiat</em></span> <span class='ocrx_word' id='word_1_892' title='bbox 2013 2937 2025 2953; x_wconf 93' lang='lat'><em>,</em></span> 
     </span>
     <span class='ocr_line' id='line_1_129' title="bbox 1156 2962 2028 3009; baseline 0 -14"><span class='ocrx_word' id='word_1_893' title='bbox 1156 2965 1348 2997; x_wconf 78' lang='lat' dir='ltr'><em>indemnatus</em></span> <span class='ocrx_word' id='word_1_894' title='bbox 1369 2965 1436 2996; x_wconf 87' lang='lat' dir='ltr'><em>licet</em></span> <span class='ocrx_word' id='word_1_895' title='bbox 1450 2987 1458 3001; x_wconf 91' lang='lat'><em>‚</em></span> <span class='ocrx_word' id='word_1_896' title='bbox 1484 2962 1520 2994; x_wconf 89' lang='lat' dir='ltr'><em>ab</em></span> <span class='ocrx_word' id='word_1_897' title='bbox 1543 2963 1590 2994; x_wconf 83' lang='lat' dir='ltr'><em>bis</em></span> <span class='ocrx_word' id='word_1_898' title='bbox 1604 2963 1872 3006; x_wconf 78' lang='lat' dir='ltr'><em>quinihilsciunt,</em></span> <span class='ocrx_word' id='word_1_899' title='bbox 1894 2962 2028 3009; x_wconf 83' lang='lat' dir='ltr'><em>secedere-</em></span> 
     </span>
     <span class='ocr_line' id='line_1_130' title="bbox 1154 3011 2024 3055; baseline 0.002 -9"><span class='ocrx_word' id='word_1_900' title='bbox 1154 3015 1196 3046; x_wconf 86' lang='lat' dir='ltr'><em>ad</em></span> <span class='ocrx_word' id='word_1_901' title='bbox 1217 3022 1331 3055; x_wconf 86' lang='lat' dir='ltr'><em>tempus</em></span> <span class='ocrx_word' id='word_1_902' title='bbox 1354 3021 1407 3054; x_wconf 76' lang='lat' dir='ltr'><em>pro</em></span> <span class='ocrx_word' id='word_1_903' title='bbox 1425 3011 1552 3054; x_wconf 83' lang='lat' dir='ltr'><em>persona</em></span> <span class='ocrx_word' id='word_1_904' title='bbox 1574 3014 1698 3053; x_wconf 71' lang='lat' dir='ltr'><em>majorts</em></span> <span class='ocrx_word' id='word_1_905' title='bbox 1720 3013 1911 3048; x_wconf 80' lang='lat' dir='ltr'><em>authoritatis</em></span> <span class='ocrx_word' id='word_1_906' title='bbox 1921 3011 2024 3054; x_wconf 71' lang='lat' dir='ltr'><em>jubea-</em></span> 
     </span>
     <span class='ocr_line' id='line_1_131' title="bbox 1153 3061 2026 3105; baseline -0.002 -10"><span class='ocrx_word' id='word_1_907' title='bbox 1153 3073 1203 3096; x_wconf 86' lang='lat' dir='ltr'><em>tur</em></span> <span class='ocrx_word' id='word_1_908' title='bbox 1215 3087 1226 3102; x_wconf 91' lang='lat'><em>,</em></span> <span class='ocrx_word' id='word_1_909' title='bbox 1252 3064 1302 3097; x_wconf 91' lang='lat' dir='ltr'><em>illo</em></span> <span class='ocrx_word' id='word_1_910' title='bbox 1313 3088 1323 3103; x_wconf 93' lang='lat'>‚</span> <span class='ocrx_word' id='word_1_911' title='bbox 1351 3073 1439 3104; x_wconf 85' lang='lat' dir='ltr'><em>quam</em></span> <span class='ocrx_word' id='word_1_912' title='bbox 1466 3064 1518 3094; x_wconf 90' lang='lat' dir='ltr'><em>diu</em></span> <span class='ocrx_word' id='word_1_913' title='bbox 1526 3062 1653 3104; x_wconf 89' lang='lat' dir='ltr'><em>probare</em></span> <span class='ocrx_word' id='word_1_914' title='bbox 1668 3061 1746 3095; x_wconf 81' lang='lat' dir='ltr'><em>nihil</em></span> <span class='ocrx_word' id='word_1_915' title='bbox 1752 3064 1846 3105; x_wconf 71' lang='lat' dir='ltr'><em>potes}</em></span> <span class='ocrx_word' id='word_1_916' title='bbox 1859 3089 1869 3105; x_wconf 90' lang='lat'><em>,</em></span> <span class='ocrx_word' id='word_1_917' title='bbox 1897 3070 1929 3097; x_wconf 84' lang='lat' dir='ltr'><em>in</em></span> <span class='ocrx_word' id='word_1_918' title='bbox 1943 3069 2026 3095; x_wconf 85' lang='lat' dir='ltr'><em>Com-</em></span> 
     </span>
     <span class='ocr_line' id='line_1_132' title="bbox 1154 3115 2025 3157; baseline -0.001 -11"><span class='ocrx_word' id='word_1_919' title='bbox 1154 3119 1287 3147; x_wconf 86' lang='lat' dir='ltr'><em>munione</em></span> <span class='ocrx_word' id='word_1_920' title='bbox 1307 3117 1436 3145; x_wconf 90' lang='lat' dir='ltr'><em>omnium</em></span> <span class='ocrx_word' id='word_1_921' title='bbox 1451 3135 1461 3151; x_wconf 86' lang='lat'><em>‚</em></span> <span class='ocrx_word' id='word_1_922' title='bbox 1483 3120 1685 3155; x_wconf 71' lang='lat' dir='ltr'><em>praeterquam</em></span> <span class='ocrx_word' id='word_1_923' title='bbox 1694 3115 1775 3154; x_wconf 81' lang='lat' dir='ltr'><em>ejus,</em></span> <span class='ocrx_word' id='word_1_924' title='bbox 1803 3121 1853 3157; x_wconf 84' lang='lat' dir='ltr'><em>qui</em></span> <span class='ocrx_word' id='word_1_925' title='bbox 1867 3126 1929 3147; x_wconf 89' lang='lat' dir='ltr'><em>eum</em></span> <span class='ocrx_word' id='word_1_926' title='bbox 1940 3122 2025 3146; x_wconf 83' lang='lat' dir='ltr'><em>reum</em></span> 
     </span>
     <span class='ocr_line' id='line_1_133' title="bbox 1149 3164 1524 3204; baseline -0.011 -9"><span class='ocrx_word' id='word_1_927' title='bbox 1149 3164 1288 3204; x_wconf 87' lang='lat' dir='ltr'><em>judicat,</em></span> <span class='ocrx_word' id='word_1_928' title='bbox 1311 3171 1414 3203; x_wconf 80' lang='lat' dir='ltr'><em>perma</em></span> <span class='ocrx_word' id='word_1_929' title='bbox 1421 3171 1505 3194; x_wconf 75' lang='lat' dir='ltr'><em>nense</em></span> <span class='ocrx_word' id='word_1_930' title='bbox 1517 3185 1524 3191; x_wconf 91' lang='lat'>.</span> 
     </span>
    </p>

    <p class='ocr_par' dir='ltr' id='par_1_16' title="bbox 1200 3209 2023 3256">
     <span class='ocr_line' id='line_1_134' title="bbox 1200 3209 2023 3256; baseline 0.001 -10"><span class='ocrx_word' id='word_1_931' title='bbox 1200 3212 1350 3256; x_wconf 75' lang='lat' dir='ltr'><em>Synodus</em></span> <span class='ocrx_word' id='word_1_932' title='bbox 1366 3212 1468 3244; x_wconf 89' lang='lat' dir='ltr'><em>sanxit</em></span> <span class='ocrx_word' id='word_1_933' title='bbox 1482 3209 1583 3244; x_wconf 90' lang='lat' dir='ltr'><em>varia.</em></span> <span class='ocrx_word' id='word_1_934' title='bbox 1600 3209 1711 3246; x_wconf 66' lang='lat' dir='ltr'><em>Primo</em></span> <span class='ocrx_word' id='word_1_935' title='bbox 1720 3212 1805 3255; x_wconf 86' lang='lat' dir='ltr'><em>quod</em></span> <span class='ocrx_word' id='word_1_936' title='bbox 1821 3212 1902 3246; x_wconf 93' lang='lat' dir='ltr'><em>nolit</em></span> <span class='ocrx_word' id='word_1_937' title='bbox 1914 3223 2023 3254; x_wconf 87' lang='lat' dir='ltr'><em>quem·</em></span> 
     </span>
    </p>

    <p class='ocr_par' dir='ltr' id='par_1_17' title="bbox 1154 3260 2020 3305">
     <span class='ocr_line' id='line_1_135' title="bbox 1154 3260 2020 3305; baseline -0.002 -8"><span class='ocrx_word' id='word_1_938' title='bbox 1154 3263 1240 3305; x_wconf 86' lang='lat' dir='ltr'><em>piam</em></span> <span class='ocrx_word' id='word_1_939' title='bbox 1262 3265 1322 3296; x_wconf 78' lang='lat' dir='ltr'><em>effe</em></span> <span class='ocrx_word' id='word_1_940' title='bbox 1343 3261 1471 3295; x_wconf 89' lang='lat' dir='ltr'><em>facilem</em></span> <span class='ocrx_word' id='word_1_941' title='bbox 1483 3260 1522 3293; x_wconf 83' lang='lat' dir='ltr'><em>ad</em></span> <span class='ocrx_word' id='word_1_942' title='bbox 1535 3262 1766 3295; x_wconf 88' lang='lat' dir='ltr'><em>accusandum.</em></span> <span class='ocrx_word' id='word_1_943' title='bbox 1801 3263 1869 3295; x_wconf 89' lang='lat' dir='ltr'><em>Nec</em></span> <span class='ocrx_word' id='word_1_944' title='bbox 1892 3263 2020 3296; x_wconf 72' lang='lat' dir='ltr'><em>tantum</em></span> 
     </span>
    </p>

    <p class='ocr_par' dir='ltr' id='par_1_18' title="bbox 1155 3310 2020 3353">
     <span class='ocr_line' id='line_1_136' title="bbox 1155 3310 2020 3353; baseline -0.001 -7"><span class='ocrx_word' id='word_1_945' title='bbox 1155 3314 1188 3346; x_wconf 91' lang='lat' dir='ltr'><em>in</em></span> <span class='ocrx_word' id='word_1_946' title='bbox 1210 3312 1323 3347; x_wconf 89' lang='lat' dir='ltr'><em>ordine</em></span> <span class='ocrx_word' id='word_1_947' title='bbox 1348 3311 1387 3343; x_wconf 88' lang='lat' dir='ltr'><em>ad</em></span> <span class='ocrx_word' id='word_1_948' title='bbox 1409 3310 1570 3353; x_wconf 88' lang='lat' dir='ltr'><em>publicam</em></span> <span class='ocrx_word' id='word_1_949' title='bbox 1585 3311 1757 3345; x_wconf 66' lang='lat' dir='ltr'><em>vindiciam</em></span> <span class='ocrx_word' id='word_1_950' title='bbox 1771 3334 1781 3350; x_wconf 96' lang='lat'><em>,</em></span> <span class='ocrx_word' id='word_1_951' title='bbox 1807 3311 1858 3344; x_wconf 88' lang='lat' dir='ltr'><em>sed</em></span> <span class='ocrx_word' id='word_1_952' title='bbox 1872 3312 2020 3345; x_wconf 84' lang='lat' dir='ltr'><em>etiamad</em></span> 
     </span>
    </p>

    <p class='ocr_par' dir='ltr' id='par_1_19' title="bbox 1157 3359 2021 3404">
     <span class='ocr_line' id='line_1_137' title="bbox 1157 3359 2021 3404; baseline -0.002 -8"><span class='ocrx_word' id='word_1_953' title='bbox 1157 3361 1403 3396; x_wconf 83' lang='lat' dir='ltr'><em>Ecclefiasticam</em></span> <span class='ocrx_word' id='word_1_954' title='bbox 1427 3371 1555 3403; x_wconf 87' lang='lat' dir='ltr'><em>poenatn</em></span> <span class='ocrx_word' id='word_1_955' title='bbox 1569 3384 1578 3399; x_wconf 92' lang='lat'>‚</span> <span class='ocrx_word' id='word_1_956' title='bbox 1605 3361 1644 3394; x_wconf 87' lang='lat' dir='ltr'><em>ad</em></span> <span class='ocrx_word' id='word_1_957' title='bbox 1657 3362 1818 3404; x_wconf 88' lang='lat' dir='ltr'><em>publicam</em></span> <span class='ocrx_word' id='word_1_958' title='bbox 1832 3359 2021 3394; x_wconf 80' lang='lat' dir='ltr'><em>Christiani-</em></span> 
     </span>
    </p>

    <p class='ocr_par' dir='ltr' id='par_1_20' title="bbox 1153 3409 2029 3506">
     <span class='ocr_line' id='line_1_138' title="bbox 1153 3409 2029 3455; baseline -0.005 -7"><span class='ocrx_word' id='word_1_959' title='bbox 1153 3413 1227 3448; x_wconf 82' lang='lat' dir='ltr'><em>tatis</em></span> <span class='ocrx_word' id='word_1_960' title='bbox 1246 3410 1494 3455; x_wconf 69' lang='lat' dir='ltr'><em>poenitentiam,</em></span> <span class='ocrx_word' id='word_1_961' title='bbox 1521 3409 1560 3444; x_wconf 86' lang='lat' dir='ltr'><em>ad</em></span> <span class='ocrx_word' id='word_1_962' title='bbox 1581 3421 1699 3445; x_wconf 88' lang='lat' dir='ltr'><em>meram</em></span> <span class='ocrx_word' id='word_1_963' title='bbox 1724 3410 1924 3454; x_wconf 75' lang='lat' dir='ltr'><em>peccantium</em></span> <span class='ocrx_word' id='word_1_964' title='bbox 1941 3410 2029 3453; x_wconf 76' lang='lat' dir='ltr'><em>spiri.</em></span> 
     </span>
     <span class='ocr_line' id='line_1_139' title="bbox 1445 3458 1968 3506; baseline 0 -12"><span class='ocrx_word' id='word_1_965' title='bbox 1445 3460 1483 3494; x_wconf 91' lang='lat' dir='ltr'>H</span> <span class='ocrx_word' id='word_1_966' title='bbox 1507 3458 1530 3493; x_wconf 85' lang='lat' dir='ltr'>h</span> <span class='ocrx_word' id='word_1_967' title='bbox 1582 3470 1600 3506; x_wconf 84' lang='lat'>3</span> <span class='ocrx_word' id='word_1_968' title='bbox 1847 3458 1968 3494; x_wconf 83' lang='lat' dir='ltr'><em>tualem</em></span> 
     </span>
    </p>
   </div>
  </div>
 </body>
</html>
