<?xml version="1.0" encoding="UTF-8"?>
<!DOCTYPE html PUBLIC "-//W3C//DTD XHTML 1.0 Transitional//EN"
    "http://www.w3.org/TR/xhtml1/DTD/xhtml1-transitional.dtd">
<html xmlns="http://www.w3.org/1999/xhtml" xml:lang="en" lang="en">
 <head>
  <title>
</title>
<meta http-equiv="Content-Type" content="text/html;charset=utf-8" />
  <meta name='ocr-system' content='tesseract 3.04.00' />
  <meta name='ocr-capabilities' content='ocr_page ocr_carea ocr_par ocr_line ocrx_word'/>
</head>
<body>
  <div class='ocr_page' id='page_1' title='image "./operaomniastudio11lupuuoft_0337.png"; bbox 0 0 2366 3736; ppageno 0'>
   <div class='ocr_carea' id='block_1_1' title="bbox 667 108 1061 143">
    <p class='ocr_par' dir='ltr' id='par_1_1' title="bbox 667 108 1061 143">
     <span class='ocr_line' id='line_1_1' title="bbox 667 108 1061 143; baseline -0.008 0"><span class='ocrx_word' id='word_1_1' title='bbox 667 108 1061 143; x_wconf 67' lang='lat' dir='ltr'>STABI</span> 
     </span>
    </p>
   </div>
   <div class='ocr_carea' id='block_1_2' title="bbox 198 180 1106 3473">
    <p class='ocr_par' dir='ltr' id='par_1_2' title="bbox 203 180 1087 1222">
     <span class='ocr_line' id='line_1_2' title="bbox 207 180 1076 225; baseline -0.005 -10"><span class='ocrx_word' id='word_1_2' title='bbox 207 183 242 215; x_wconf 70' lang='lat' dir='ltr'><em>in</em></span> <span class='ocrx_word' id='word_1_3' title='bbox 264 180 329 224; x_wconf 82' lang='lat' dir='ltr'><em>ipfis</em></span> <span class='ocrx_word' id='word_1_4' title='bbox 336 181 444 224; x_wconf 79' lang='lat' dir='ltr'><em>futura</em></span> <span class='ocrx_word' id='word_1_5' title='bbox 457 187 538 221; x_wconf 82' lang='lat' dir='ltr'><em>erat,</em></span> <span class='ocrx_word' id='word_1_6' title='bbox 552 182 776 225; x_wconf 83' lang='lat' dir='ltr'><em>negligentiam,</em></span> <span class='ocrx_word' id='word_1_7' title='bbox 789 182 822 215; x_wconf 55' lang='grc' dir='ltr'>Θ</span> <span class='ocrx_word' id='word_1_8' title='bbox 833 190 973 224; x_wconf 81' lang='lat' dir='ltr'><em>magnam</em></span> <span class='ocrx_word' id='word_1_9' title='bbox 984 190 1076 213; x_wconf 86' lang='lat' dir='ltr'><em>eorum</em></span> 
     </span>
     <span class='ocr_line' id='line_1_3' title="bbox 205 229 1078 273; baseline -0.006 -4"><span class='ocrx_word' id='word_1_10' title='bbox 205 238 369 271; x_wconf 73' lang='lat' dir='ltr'><em>coecitatem</em></span> <span class='ocrx_word' id='word_1_11' title='bbox 390 234 424 265; x_wconf 57' lang='grc' dir='ltr'><em>(θ’</em></span> <span class='ocrx_word' id='word_1_12' title='bbox 444 242 569 264; x_wconf 85' lang='lat' dir='ltr'><em>errorem</em></span> <span class='ocrx_word' id='word_1_13' title='bbox 591 254 602 271; x_wconf 88' lang='lat'>,</span> <span class='ocrx_word' id='word_1_14' title='bbox 629 233 663 264; x_wconf 66' lang='grc' dir='ltr'><em>Θ·</em></span> <span class='ocrx_word' id='word_1_15' title='bbox 682 230 819 266; x_wconf 83' lang='lat' dir='ltr'><em>bonorum</em></span> <span class='ocrx_word' id='word_1_16' title='bbox 839 229 987 273; x_wconf 67' lang='lat' dir='ltr'><em>defiedum</em></span> <span class='ocrx_word' id='word_1_17' title='bbox 1008 253 1020 269; x_wconf 87' lang='lat'>‚</span> <span class='ocrx_word' id='word_1_18' title='bbox 1044 233 1078 264; x_wconf 66' lang='lat'><em>(5</em></span> 
     </span>
     <span class='ocr_line' id='line_1_4' title="bbox 205 280 1076 326; baseline -0.003 -11"><span class='ocrx_word' id='word_1_19' title='bbox 205 285 288 326; x_wconf 79' lang='lat' dir='ltr'><em>quod</em></span> <span class='ocrx_word' id='word_1_20' title='bbox 306 287 426 315; x_wconf 81' lang='lat' dir='ltr'><em>vincent</em></span> <span class='ocrx_word' id='word_1_21' title='bbox 447 288 497 323; x_wconf 84' lang='lat' dir='ltr'><em>qui</em></span> <span class='ocrx_word' id='word_1_22' title='bbox 510 280 584 323; x_wconf 78' lang='lat' dir='ltr'><em>sunt</em></span> <span class='ocrx_word' id='word_1_23' title='bbox 606 281 831 323; x_wconf 68' lang='lat' dir='ltr'><em>negligentiores</em></span> <span class='ocrx_word' id='word_1_24' title='bbox 847 307 858 322; x_wconf 90' lang='lat'>‚</span> <span class='ocrx_word' id='word_1_25' title='bbox 880 289 1000 323; x_wconf 88' lang='lat' dir='ltr'><em>propter</em></span> <span class='ocrx_word' id='word_1_26' title='bbox 1019 288 1076 315; x_wconf 76' lang='lat' dir='ltr'><em>ino-</em></span> 
     </span>
     <span class='ocr_line' id='line_1_5' title="bbox 203 331 1079 379; baseline 0 -15"><span class='ocrx_word' id='word_1_27' title='bbox 203 339 293 379; x_wconf 79' lang='lat' dir='ltr'><em>ptam</em></span> <span class='ocrx_word' id='word_1_28' title='bbox 312 334 395 373; x_wconf 77' lang='lat' dir='ltr'><em>ejus,</em></span> <span class='ocrx_word' id='word_1_29' title='bbox 421 331 837 374; x_wconf 72' lang='lat' dir='ltr'><em>quaeilli&#39;s-minime&#39;placeat,</em></span> <span class='ocrx_word' id='word_1_30' title='bbox 864 331 1079 372; x_wconf 61' lang='lat' dir='ltr'><em>multitudinis,</em></span> 
     </span>
     <span class='ocr_line' id='line_1_6' title="bbox 204 379 1077 427; baseline 0 -12"><span class='ocrx_word' id='word_1_31' title='bbox 204 382 339 427; x_wconf 81' lang='lat' dir='ltr'><em>solusque</em></span> <span class='ocrx_word' id='word_1_32' title='bbox 362 389 417 415; x_wconf 84' lang='lat' dir='ltr'><em>erit</em></span> <span class='ocrx_word' id='word_1_33' title='bbox 439 384 513 414; x_wconf 79' lang='lat' dir='ltr'><em>locus</em></span> <span class='ocrx_word' id='word_1_34' title='bbox 528 385 562 412; x_wconf 84' lang='lat' dir='ltr'><em>in</em></span> <span class='ocrx_word' id='word_1_35' title='bbox 572 386 611 412; x_wconf 78' lang='lat' dir='ltr'><em>iis</em></span> <span class='ocrx_word' id='word_1_36' title='bbox 619 379 735 420; x_wconf 58' lang='lat' dir='ltr'><em>posteri,</em></span> <span class='ocrx_word' id='word_1_37' title='bbox 761 383 834 414; x_wconf 73' lang='lat' dir='ltr'><em>adeo</em></span> <span class='ocrx_word' id='word_1_38' title='bbox 847 381 1077 420; x_wconf 84' lang='lat' dir='ltr'><em>utimprobtim</em></span> 
     </span>
     <span class='ocr_line' id='line_1_7' title="bbox 204 431 1082 476; baseline -0.005 -11"><span class='ocrx_word' id='word_1_39' title='bbox 204 442 310 476; x_wconf 77' lang='lat' dir='ltr'><em>peren!</em></span> <span class='ocrx_word' id='word_1_40' title='bbox 320 433 492 474; x_wconf 66' lang='lat' dir='ltr'><em>fratribut,</em></span> <span class='ocrx_word' id='word_1_41' title='bbox 520 431 553 463; x_wconf 76' lang='lat' dir='ltr'><em>et</em></span> <span class='ocrx_word' id='word_1_42' title='bbox 575 434 629 471; x_wconf 83' lang='lat' dir='ltr'><em>qui</em></span> <span class='ocrx_word' id='word_1_43' title='bbox 645 432 776 472; x_wconf 75' lang='lat' dir='ltr'><em>nesciunt</em></span> <span class='ocrx_word' id='word_1_44' title='bbox 798 434 992 474; x_wconf 74' lang='lat' dir='ltr'><em>cognitionem</em></span> <span class='ocrx_word' id='word_1_45' title='bbox 1013 455 1023 471; x_wconf 86' lang='lat'>‚</span> <span class='ocrx_word' id='word_1_46' title='bbox 1050 438 1082 465; x_wconf 78' lang='lat' dir='ltr'><em>tn</em></span> 
     </span>
     <span class='ocr_line' id='line_1_8' title="bbox 207 478 1084 522; baseline -0.001 -7"><span class='ocrx_word' id='word_1_47' title='bbox 207 483 391 522; x_wconf 78' lang='lat' dir='ltr'><em>Monosteriis</em></span> <span class='ocrx_word' id='word_1_48' title='bbox 405 485 594 513; x_wconf 67' lang='lat' dir='ltr'><em>Dominarum</em></span> <span class='ocrx_word' id='word_1_49' title='bbox 606 478 776 520; x_wconf 83' lang='lat' dir='ltr'><em>obtineant,</em></span> <span class='ocrx_word' id='word_1_50' title='bbox 803 482 837 513; x_wconf 64' lang='grc' dir='ltr'>Θ</span> <span class='ocrx_word' id='word_1_51' title='bbox 858 481 896 514; x_wconf 81' lang='lat' dir='ltr'><em>de</em></span> <span class='ocrx_word' id='word_1_52' title='bbox 911 483 1084 522; x_wconf 73' lang='lat' dir='ltr'><em>principatu</em></span> 
     </span>
     <span class='ocr_line' id='line_1_9' title="bbox 208 527 1084 572; baseline -0.001 -6"><span class='ocrx_word' id='word_1_53' title='bbox 208 535 357 566; x_wconf 82' lang='lat' dir='ltr'><em>decertent</em></span> <span class='ocrx_word' id='word_1_54' title='bbox 369 558 376 565; x_wconf 95' lang='lat'>.</span> <span class='ocrx_word' id='word_1_55' title='bbox 408 535 452 564; x_wconf 85' lang='lat' dir='ltr'><em>Et</em></span> <span class='ocrx_word' id='word_1_56' title='bbox 465 532 535 561; x_wconf 82' lang='lat' dir='ltr'><em>mali</em></span> <span class='ocrx_word' id='word_1_57' title='bbox 543 527 758 571; x_wconf 79' lang='lat' dir='ltr'><em>persequantur</em></span> <span class='ocrx_word' id='word_1_58' title='bbox 773 541 821 564; x_wconf 80' lang='lat' dir='ltr'><em>eos</em></span> <span class='ocrx_word' id='word_1_59' title='bbox 835 553 845 568; x_wconf 90' lang='lat'><strong>,</strong></span> <span class='ocrx_word' id='word_1_60' title='bbox 870 536 921 570; x_wconf 84' lang='lat' dir='ltr'><em>qui</em></span> <span class='ocrx_word' id='word_1_61' title='bbox 938 529 1013 572; x_wconf 84' lang='lat' dir='ltr'><em>sunt</em></span> <span class='ocrx_word' id='word_1_62' title='bbox 1027 544 1084 565; x_wconf 86' lang='lat' dir='ltr'><em>me-</em></span> 
     </span>
     <span class='ocr_line' id='line_1_10' title="bbox 209 579 1083 622; baseline -0.002 -7"><span class='ocrx_word' id='word_1_63' title='bbox 209 585 292 616; x_wconf 83' lang='lat' dir='ltr'><em>liores</em></span> <span class='ocrx_word' id='word_1_64' title='bbox 302 607 312 622; x_wconf 84' lang='lat'>,</span> <span class='ocrx_word' id='word_1_65' title='bbox 323 585 356 616; x_wconf 66' lang='lat' dir='ltr'><em>et</em></span> <span class='ocrx_word' id='word_1_66' title='bbox 367 581 432 612; x_wconf 88' lang='lat' dir='ltr'><em>boni</em></span> <span class='ocrx_word' id='word_1_67' title='bbox 444 591 499 612; x_wconf 81' lang='lat' dir='ltr'><em>non</em></span> <span class='ocrx_word' id='word_1_68' title='bbox 511 579 641 611; x_wconf 83' lang='lat' dir='ltr'><em>babeant</em></span> <span class='ocrx_word' id='word_1_69' title='bbox 652 581 772 614; x_wconf 78' lang='lat' dir='ltr'><em>dicendi</em></span> <span class='ocrx_word' id='word_1_70' title='bbox 779 580 950 613; x_wconf 81' lang='lat' dir='ltr'><em>libertatern</em></span> <span class='ocrx_word' id='word_1_71' title='bbox 962 605 972 621; x_wconf 90' lang='lat'><em>‚</em></span> <span class='ocrx_word' id='word_1_72' title='bbox 987 583 1019 614; x_wconf 59' lang='grc' dir='ltr'><em>(τ’</em></span> <span class='ocrx_word' id='word_1_73' title='bbox 1032 586 1083 616; x_wconf 90' lang='lat' dir='ltr'><em>Di-</em></span> 
     </span>
     <span class='ocr_line' id='line_1_11' title="bbox 209 628 1084 670; baseline 0 -6"><span class='ocrx_word' id='word_1_74' title='bbox 209 639 287 666; x_wconf 79' lang='lat' dir='ltr'><em>vina</em></span> <span class='ocrx_word' id='word_1_75' title='bbox 301 655 311 670; x_wconf 86' lang='lat'><strong>,</strong></span> <span class='ocrx_word' id='word_1_76' title='bbox 336 640 368 663; x_wconf 90' lang='lat' dir='ltr'><em>ut</em></span> <span class='ocrx_word' id='word_1_77' title='bbox 379 632 488 663; x_wconf 69' lang='lat' dir='ltr'><em>dicitur</em></span> <span class='ocrx_word' id='word_1_78' title='bbox 502 654 511 668; x_wconf 92' lang='lat'>‚</span> <span class='ocrx_word' id='word_1_79' title='bbox 538 634 569 661; x_wconf 85' lang='lat' dir='ltr'><em>in</em></span> <span class='ocrx_word' id='word_1_80' title='bbox 583 628 712 662; x_wconf 81' lang='lat' dir='ltr'><em>bumana</em></span> <span class='ocrx_word' id='word_1_81' title='bbox 724 638 949 663; x_wconf 80' lang='lat' dir='ltr'><em>convertantur.</em></span> <span class='ocrx_word' id='word_1_82' title='bbox 979 635 1024 664; x_wconf 85' lang='lat' dir='ltr'><em>Et</em></span> <span class='ocrx_word' id='word_1_83' title='bbox 1037 643 1084 664; x_wconf 81' lang='lat' dir='ltr'><em>ex-</em></span> 
     </span>
     <span class='ocr_line' id='line_1_12' title="bbox 210 679 1084 722; baseline -0.001 -8"><span class='ocrx_word' id='word_1_84' title='bbox 210 684 343 716; x_wconf 79' lang='lat' dir='ltr'><em>clamans</em></span> <span class='ocrx_word' id='word_1_85' title='bbox 356 682 434 716; x_wconf 79' lang='lat' dir='ltr'><em>dixit</em></span> <span class='ocrx_word' id='word_1_86' title='bbox 446 682 568 714; x_wconf 83' lang='lat' dir='ltr'><em>Domino</em></span> <span class='ocrx_word' id='word_1_87' title='bbox 581 691 645 711; x_wconf 87' lang='lat' dir='ltr'><em>cum</em></span> <span class='ocrx_word' id='word_1_88' title='bbox 651 679 723 720; x_wconf 82' lang='lat' dir='ltr'><em>fletu</em></span> <span class='ocrx_word' id='word_1_89' title='bbox 737 693 748 713; x_wconf 83' lang='lat'><em>.-</em></span> <span class='ocrx_word' id='word_1_90' title='bbox 761 683 884 713; x_wconf 85' lang='lat' dir='ltr'><em>Domine</em></span> <span class='ocrx_word' id='word_1_91' title='bbox 892 686 1084 722; x_wconf 78' lang='lat' dir='ltr'><em>omnipotens,</em></span> 
     </span>
     <span class='ocr_line' id='line_1_13' title="bbox 207 728 1084 774; baseline 0.002 -12"><span class='ocrx_word' id='word_1_92' title='bbox 207 730 430 774; x_wconf 83' lang='lat' dir='ltr'><em>fiitafuturum</em></span> <span class='ocrx_word' id='word_1_93' title='bbox 442 731 479 769; x_wconf 79' lang='lat' dir='ltr'><em>est</em></span> <span class='ocrx_word' id='word_1_94' title='bbox 493 754 502 769; x_wconf 90' lang='lat'>,</span> <span class='ocrx_word' id='word_1_95' title='bbox 525 741 585 771; x_wconf 79' lang='lat' dir='ltr'><em>qua</em></span> <span class='ocrx_word' id='word_1_96' title='bbox 597 731 633 761; x_wconf 79' lang='lat' dir='ltr'><em>ele</em></span> <span class='ocrx_word' id='word_1_97' title='bbox 643 728 888 772; x_wconf 81' lang='lat' dir='ltr'><em>causapermifisti</em></span> <span class='ocrx_word' id='word_1_98' title='bbox 900 754 911 769; x_wconf 90' lang='lat'><strong>,</strong></span> <span class='ocrx_word' id='word_1_99' title='bbox 936 731 1084 772; x_wconf 81' lang='lat' dir='ltr'><em>utfierent</em></span> 
     </span>
     <span class='ocr_line' id='line_1_14' title="bbox 208 779 1086 822; baseline 0.001 -10"><span class='ocrx_word' id='word_1_100' title='bbox 208 788 308 816; x_wconf 61' lang='lat' dir='ltr'><em>bmnia</em></span> <span class='ocrx_word' id='word_1_101' title='bbox 331 781 393 813; x_wconf 80' lang='lat' dir='ltr'><em>baec</em></span> <span class='ocrx_word' id='word_1_102' title='bbox 415 780 556 813; x_wconf 82' lang='lat' dir='ltr'><em>Coenobia</em></span> <span class='ocrx_word' id='word_1_103' title='bbox 577 779 593 810; x_wconf 83' lang='lat'><em>?</em></span> <span class='ocrx_word' id='word_1_104' title='bbox 619 781 648 810; x_wconf 75' lang='lat'><em>51¹</em></span> <span class='ocrx_word' id='word_1_105' title='bbox 669 780 734 818; x_wconf 82' lang='lat' dir='ltr'><em>illi,</em></span> <span class='ocrx_word' id='word_1_106' title='bbox 761 786 813 822; x_wconf 82' lang='lat' dir='ltr'><em>qui</em></span> <span class='ocrx_word' id='word_1_107' title='bbox 832 780 1086 822; x_wconf 79' lang='lat' dir='ltr'><em>imposterumsunt</em></span> 
     </span>
     <span class='ocr_line' id='line_1_15' title="bbox 207 829 1086 875; baseline 0.001 -12"><span class='ocrx_word' id='word_1_108' title='bbox 207 831 375 875; x_wconf 82' lang='lat' dir='ltr'><em>praefuturi</em></span> <span class='ocrx_word' id='word_1_109' title='bbox 388 830 547 863; x_wconf 78' lang='lat' dir='ltr'><em>Fratribus</em></span> <span class='ocrx_word' id='word_1_110' title='bbox 559 851 569 869; x_wconf 88' lang='lat'><strong>,</strong></span> <span class='ocrx_word' id='word_1_111' title='bbox 583 840 669 861; x_wconf 86' lang='lat' dir='ltr'><em>erunt</em></span> <span class='ocrx_word' id='word_1_112' title='bbox 680 831 753 860; x_wconf 77' lang='lat' dir='ltr'><em>mali</em></span> <span class='ocrx_word' id='word_1_113' title='bbox 766 853 776 869; x_wconf 83' lang='lat'>,</span> <span class='ocrx_word' id='word_1_114' title='bbox 787 830 890 871; x_wconf 79' lang='lat' dir='ltr'><em>quales</em></span> <span class='ocrx_word' id='word_1_115' title='bbox 893 829 997 870; x_wconf 85' lang='lat' dir='ltr'><em>futuri</em></span> <span class='ocrx_word' id='word_1_116' title='bbox 1002 829 1086 872; x_wconf 86' lang='lat' dir='ltr'><em>sunt,</em></span> 
     </span>
     <span class='ocr_line' id='line_1_16' title="bbox 209 878 1084 924; baseline -0.002 -10"><span class='ocrx_word' id='word_1_117' title='bbox 209 887 265 924; x_wconf 78' lang='lat' dir='ltr'><em>qui</em></span> <span class='ocrx_word' id='word_1_118' title='bbox 288 882 326 913; x_wconf 83' lang='lat' dir='ltr'><em>ab</em></span> <span class='ocrx_word' id='word_1_119' title='bbox 343 879 552 923; x_wconf 76' lang='lat' dir='ltr'><em>eispascentur</em></span> <span class='ocrx_word' id='word_1_120' title='bbox 567 879 584 911; x_wconf 73' lang='lat'><em>3</em></span> <span class='ocrx_word' id='word_1_121' title='bbox 610 878 825 919; x_wconf 79' lang='lat' dir='ltr'><em>Namficoecus</em></span> <span class='ocrx_word' id='word_1_122' title='bbox 834 889 940 912; x_wconf 83' lang='lat' dir='ltr'><em>coecum</em></span> <span class='ocrx_word' id='word_1_123' title='bbox 966 881 1054 914; x_wconf 86' lang='lat' dir='ltr'><em>ducat</em></span> <span class='ocrx_word' id='word_1_124' title='bbox 1076 906 1084 920; x_wconf 93' lang='lat'>‚</span> 
     </span>
     <span class='ocr_line' id='line_1_17' title="bbox 210 929 1082 972; baseline -0.003 -7"><span class='ocrx_word' id='word_1_125' title='bbox 210 932 298 965; x_wconf 80' lang='lat' dir='ltr'><em>ambo</em></span> <span class='ocrx_word' id='word_1_126' title='bbox 309 930 468 972; x_wconf 78' lang='lat' dir='ltr'><em>infoveam</em></span> <span class='ocrx_word' id='word_1_127' title='bbox 479 931 592 963; x_wconf 81' lang='lat' dir='ltr'><em>cadunt</em></span> <span class='ocrx_word' id='word_1_128' title='bbox 603 951 611 959; x_wconf 90' lang='lat'>.</span> <span class='ocrx_word' id='word_1_129' title='bbox 637 930 756 960; x_wconf 68' lang='lat' dir='ltr'><em>Temere</em></span> <span class='ocrx_word' id='word_1_130' title='bbox 767 929 801 961; x_wconf 65' lang='lat' dir='ltr'><em>&lt;v</em></span> <span class='ocrx_word' id='word_1_131' title='bbox 808 929 925 971; x_wconf 65' lang='lat' dir='ltr'><em>frustra?</em></span> <span class='ocrx_word' id='word_1_132' title='bbox 936 930 1082 963; x_wconf 81' lang='lat' dir='ltr'><em>laboravi.</em></span> 
     </span>
     <span class='ocr_line' id='line_1_18' title="bbox 212 978 1085 1024; baseline 0 -11"><span class='ocrx_word' id='word_1_133' title='bbox 212 984 359 1017; x_wconf 78' lang='lat' dir='ltr'><em>Memento</em></span> <span class='ocrx_word' id='word_1_134' title='bbox 369 1004 380 1020; x_wconf 89' lang='lat'>,</span> <span class='ocrx_word' id='word_1_135' title='bbox 408 983 533 1014; x_wconf 88' lang='lat' dir='ltr'><em>Domine</em></span> <span class='ocrx_word' id='word_1_136' title='bbox 548 1001 559 1017; x_wconf 90' lang='lat'>,</span> <span class='ocrx_word' id='word_1_137' title='bbox 566 979 776 1018; x_wconf 80' lang='lat' dir='ltr'><em>praeciarorum</em></span> <span class='ocrx_word' id='word_1_138' title='bbox 786 990 858 1020; x_wconf 84' lang='lat' dir='ltr'><em>quos</em></span> <span class='ocrx_word' id='word_1_139' title='bbox 868 978 918 1020; x_wconf 86' lang='lat' dir='ltr'><em>ips</em></span> <span class='ocrx_word' id='word_1_140' title='bbox 914 986 929 1012; x_wconf 76' lang='lat' dir='ltr'><em>e</em></span> <span class='ocrx_word' id='word_1_141' title='bbox 933 981 1085 1024; x_wconf 82' lang='lat' dir='ltr'><em>peregisti,</em></span> 
     </span>
     <span class='ocr_line' id='line_1_19' title="bbox 208 1022 1086 1071; baseline 0 -8"><span class='ocrx_word' id='word_1_142' title='bbox 208 1031 360 1067; x_wconf 76' lang='lat' dir='ltr'><em>laborum,</em></span> <span class='ocrx_word' id='word_1_143' title='bbox 385 1022 581 1071; x_wconf 73' lang='lat' dir='ltr'><em>&amp;servorum</em></span> <span class='ocrx_word' id='word_1_144' title='bbox 594 1036 726 1067; x_wconf 87' lang='lat' dir='ltr'><em>tuorum,</em></span> <span class='ocrx_word' id='word_1_145' title='bbox 754 1035 806 1070; x_wconf 84' lang='lat' dir='ltr'><em>qui</em></span> <span class='ocrx_word' id='word_1_146' title='bbox 827 1041 904 1062; x_wconf 87' lang='lat' dir='ltr'><em>nunc</em></span> <span class='ocrx_word' id='word_1_147' title='bbox 916 1040 976 1062; x_wconf 89' lang='lat' dir='ltr'><em>toto</em></span> <span class='ocrx_word' id='word_1_148' title='bbox 987 1038 1086 1064; x_wconf 85' lang='lat' dir='ltr'><em>animo</em></span> 
     </span>
     <span class='ocr_line' id='line_1_20' title="bbox 208 1078 1085 1122; baseline -0.003 -6"><span class='ocrx_word' id='word_1_149' title='bbox 208 1086 285 1116; x_wconf 77' lang='lat' dir='ltr'><em>vitae</em></span> <span class='ocrx_word' id='word_1_150' title='bbox 295 1080 372 1114; x_wconf 72' lang='lat' dir='ltr'><em>recte</em></span> <span class='ocrx_word' id='word_1_151' title='bbox 383 1079 507 1122; x_wconf 82' lang='lat' dir='ltr'><em>agendae</em></span> <span class='ocrx_word' id='word_1_152' title='bbox 519 1078 596 1109; x_wconf 87' lang='lat' dir='ltr'><em>dant</em></span> <span class='ocrx_word' id='word_1_153' title='bbox 606 1085 741 1118; x_wconf 86' lang='lat' dir='ltr'><em>operam</em></span> <span class='ocrx_word' id='word_1_154' title='bbox 769 1082 912 1111; x_wconf 85' lang='lat' dir='ltr'><em>Memento</em></span> <span class='ocrx_word' id='word_1_155' title='bbox 922 1080 1085 1120; x_wconf 82' lang='lat' dir='ltr'><em>Testamen-</em></span> 
     </span>
     <span class='ocr_line' id='line_1_21' title="bbox 209 1126 1087 1206; baseline 0.005 -44"><span class='ocrx_word' id='word_1_156' title='bbox 209 1132 254 1173; x_wconf 68' lang='lat' dir='ltr'><em>ti,</em></span> <span class='ocrx_word' id='word_1_157' title='bbox 283 1130 361 1172; x_wconf 84' lang='lat' dir='ltr'><em>quod</em></span> <span class='ocrx_word' id='word_1_158' title='bbox 379 1138 408 1161; x_wconf 88' lang='lat' dir='ltr'><em>te</em></span> <span class='ocrx_word' id='word_1_159' title='bbox 418 1134 479 1160; x_wconf 82' lang='lat' dir='ltr'><em>tuis</em></span> <span class='ocrx_word' id='word_1_160' title='bbox 488 1126 588 1170; x_wconf 86' lang='lat' dir='ltr'><em>servis</em></span> <span class='ocrx_word' id='word_1_161' title='bbox 602 1126 792 1171; x_wconf 85' lang='lat' dir='ltr'><em>servaturum</em></span> <span class='ocrx_word' id='word_1_162' title='bbox 801 1141 831 1163; x_wconf 83' lang='lat' dir='ltr'><em>es</em></span> <span class='ocrx_word' id='word_1_163' title='bbox 839 1131 988 1173; x_wconf 73' lang='lat' dir='ltr'><em>pollicitus</em></span> <span class='ocrx_word' id='word_1_164' title='bbox 1000 1130 1087 1206; x_wconf 72' lang='lat' dir='ltr'><em>usque</em></span> 
     </span>
     <span class='ocr_line' id='line_1_22' title="bbox 209 1178 565 1222; baseline -0.012 -7"><span class='ocrx_word' id='word_1_165' title='bbox 209 1181 256 1215; x_wconf 78' lang='lat' dir='ltr'><em>ad</em></span> <span class='ocrx_word' id='word_1_166' title='bbox 271 1178 565 1222; x_wconf 72' lang='lat' dir='ltr'><em>consummationem.</em></span> 
     </span>
    </p>

    <p class='ocr_par' dir='ltr' id='par_1_3' title="bbox 208 1226 1091 2760">
     <span class='ocr_line' id='line_1_23' title="bbox 261 1226 1088 1265; baseline 0.005 -4"><span class='ocrx_word' id='word_1_167' title='bbox 261 1229 460 1265; x_wconf 73' lang='lat' dir='ltr'><em>Pachomius</em></span> <span class='ocrx_word' id='word_1_168' title='bbox 483 1239 550 1264; x_wconf 87' lang='lat' dir='ltr'><em>non</em></span> <span class='ocrx_word' id='word_1_169' title='bbox 573 1226 685 1261; x_wconf 67' lang='lat' dir='ltr'><em>frustra</em></span> <span class='ocrx_word' id='word_1_170' title='bbox 696 1226 872 1264; x_wconf 71' lang='lat' dir='ltr'><em>laboravit</em></span> <span class='ocrx_word' id='word_1_171' title='bbox 902 1231 1032 1264; x_wconf 88' lang='lat' dir='ltr'><em>Bonum</em></span> <span class='ocrx_word' id='word_1_172' title='bbox 1056 1232 1088 1265; x_wconf 78' lang='grc' dir='ltr'><em>δε</em></span> 
     </span>
     <span class='ocr_line' id='line_1_24' title="bbox 209 1274 1106 1324; baseline 0.003 -12"><span class='ocrx_word' id='word_1_173' title='bbox 209 1290 368 1324; x_wconf 78' lang='lat' dir='ltr'><em>magnum</em></span> <span class='ocrx_word' id='word_1_174' title='bbox 392 1289 474 1320; x_wconf 87' lang='lat' dir='ltr'><em>opus</em></span> <span class='ocrx_word' id='word_1_175' title='bbox 487 1278 583 1311; x_wconf 79' lang='lat' dir='ltr'><em>fecit</em></span> <span class='ocrx_word' id='word_1_176' title='bbox 575 1288 608 1311; x_wconf 81' lang='lat' dir='ltr'><em>in</em></span> <span class='ocrx_word' id='word_1_177' title='bbox 625 1278 783 1315; x_wconf 76' lang='lat' dir='ltr'><em>Ecclesia.</em></span> <span class='ocrx_word' id='word_1_178' title='bbox 811 1279 884 1313; x_wconf 91' lang='lat' dir='ltr'><em>Nec</em></span> <span class='ocrx_word' id='word_1_179' title='bbox 896 1279 1010 1314; x_wconf 65' lang='lat' dir='ltr'><em>frustra</em></span> <span class='ocrx_word' id='word_1_180' title='bbox 1022 1274 1106 1323; x_wconf 83' lang='lat' dir='ltr'><em>ejus</em></span> 
     </span>
     <span class='ocr_line' id='line_1_25' title="bbox 210 1327 1089 1374; baseline 0.001 -11"><span class='ocrx_word' id='word_1_181' title='bbox 210 1330 371 1374; x_wconf 81' lang='lat' dir='ltr'><em>plantatio</em></span> <span class='ocrx_word' id='word_1_182' title='bbox 391 1329 435 1362; x_wconf 86' lang='lat' dir='ltr'><em>est</em></span> <span class='ocrx_word' id='word_1_183' title='bbox 447 1329 608 1362; x_wconf 84' lang='lat' dir='ltr'><em>eradicata</em></span> <span class='ocrx_word' id='word_1_184' title='bbox 619 1353 626 1360; x_wconf 89' lang='lat'><strong>.</strong></span> <span class='ocrx_word' id='word_1_185' title='bbox 654 1327 784 1361; x_wconf 82' lang='lat' dir='ltr'><em>Etenim</em></span> <span class='ocrx_word' id='word_1_186' title='bbox 798 1330 922 1364; x_wconf 72' lang='lat' dir='ltr'><em>Divina</em></span> <span class='ocrx_word' id='word_1_187' title='bbox 936 1331 1064 1373; x_wconf 71' lang='lat' dir='ltr'><em>justitia</em></span> <span class='ocrx_word' id='word_1_188' title='bbox 1079 1355 1089 1370; x_wconf 90' lang='lat'>‚</span> 
     </span>
     <span class='ocr_line' id='line_1_26' title="bbox 211 1378 1091 1422; baseline -0.001 -8"><span class='ocrx_word' id='word_1_189' title='bbox 211 1380 292 1418; x_wconf 81' lang='lat' dir='ltr'><em>ficut</em></span> <span class='ocrx_word' id='word_1_190' title='bbox 319 1380 359 1412; x_wconf 89' lang='lat' dir='ltr'><em>de</em></span> <span class='ocrx_word' id='word_1_191' title='bbox 378 1389 477 1422; x_wconf 85' lang='lat' dir='ltr'><em>gente</em></span> <span class='ocrx_word' id='word_1_192' title='bbox 498 1378 532 1415; x_wconf 84' lang='lat' dir='ltr'><em>in</em></span> <span class='ocrx_word' id='word_1_193' title='bbox 548 1386 678 1420; x_wconf 85' lang='lat' dir='ltr'><em>gentem</em></span> <span class='ocrx_word' id='word_1_194' title='bbox 691 1381 950 1422; x_wconf 73' lang='lat' dir='ltr'><em>regnatransferr</em></span> <span class='ocrx_word' id='word_1_195' title='bbox 963 1392 1091 1422; x_wconf 81' lang='lat' dir='ltr'><em>propter</em></span> 
     </span>
     <span class='ocr_line' id='line_1_27' title="bbox 211 1427 1090 1473; baseline 0 -10"><span class='ocrx_word' id='word_1_196' title='bbox 211 1429 419 1473; x_wconf 82' lang='lat' dir='ltr'><em>iniquitatem</em></span> <span class='ocrx_word' id='word_1_197' title='bbox 430 1452 439 1466; x_wconf 90' lang='lat'>‚</span> <span class='ocrx_word' id='word_1_198' title='bbox 466 1428 510 1461; x_wconf 86' lang='lat' dir='ltr'><em>ita</em></span> <span class='ocrx_word' id='word_1_199' title='bbox 531 1427 565 1460; x_wconf 77' lang='grc' dir='ltr'><em>ὅ(</em></span> <span class='ocrx_word' id='word_1_200' title='bbox 579 1427 692 1469; x_wconf 73' lang='lat' dir='ltr'><em>judaeis</em></span> <span class='ocrx_word' id='word_1_201' title='bbox 706 1428 811 1461; x_wconf 80' lang='lat' dir='ltr'><em>dixit:</em></span> <span class='ocrx_word' id='word_1_202' title='bbox 839 1430 996 1472; x_wconf 77' lang='lat' dir='ltr'><em>Auferetur</em></span> <span class='ocrx_word' id='word_1_203' title='bbox 1009 1433 1027 1462; x_wconf 75' lang='grc' dir='ltr'><em>ἁ</em></span> <span class='ocrx_word' id='word_1_204' title='bbox 1042 1442 1090 1463; x_wconf 84' lang='lat' dir='ltr'><em>vo·</em></span> 
     </span>
     <span class='ocr_line' id='line_1_28' title="bbox 210 1476 1090 1526; baseline 0.002 -17"><span class='ocrx_word' id='word_1_205' title='bbox 210 1479 259 1516; x_wconf 76' lang='lat' dir='ltr'><em>hir</em></span> <span class='ocrx_word' id='word_1_206' title='bbox 279 1490 401 1522; x_wconf 78' lang='lat' dir='ltr'><em>regnum</em></span> <span class='ocrx_word' id='word_1_207' title='bbox 419 1481 496 1518; x_wconf 81' lang='lat' dir='ltr'><em>Dei,</em></span> <span class='ocrx_word' id='word_1_208' title='bbox 523 1479 556 1510; x_wconf 66' lang='grc'><em>67</em></span> <span class='ocrx_word' id='word_1_209' title='bbox 578 1476 699 1510; x_wconf 83' lang='lat' dir='ltr'><em>dabitur</em></span> <span class='ocrx_word' id='word_1_210' title='bbox 718 1482 804 1520; x_wconf 82' lang='lat' dir='ltr'><em>genti</em></span> <span class='ocrx_word' id='word_1_211' title='bbox 817 1477 950 1526; x_wconf 75' lang='lat' dir='ltr'><em>facienti</em></span> <span class='ocrx_word' id='word_1_212' title='bbox 953 1480 1090 1521; x_wconf 63' lang='lat' dir='ltr'><em>frudlum</em></span> 
     </span>
     <span class='ocr_line' id='line_1_29' title="bbox 209 1525 1091 1570; baseline 0 -9"><span class='ocrx_word' id='word_1_213' title='bbox 209 1525 293 1569; x_wconf 60' lang='lat' dir='ltr'><em>eJus.</em></span> <span class='ocrx_word' id='word_1_214' title='bbox 322 1530 364 1563; x_wconf 89' lang='lat' dir='ltr'><em>Et</em></span> <span class='ocrx_word' id='word_1_215' title='bbox 388 1530 491 1570; x_wconf 85' lang='lat' dir='ltr'><em>ipsum</em></span> <span class='ocrx_word' id='word_1_216' title='bbox 512 1527 603 1560; x_wconf 87' lang='lat' dir='ltr'><em>suum</em></span> <span class='ocrx_word' id='word_1_217' title='bbox 619 1527 835 1570; x_wconf 82' lang='lat' dir='ltr'><em>Evangelium</em></span> <span class='ocrx_word' id='word_1_218' title='bbox 847 1529 946 1563; x_wconf 90' lang='lat' dir='ltr'><em>etiam</em></span> <span class='ocrx_word' id='word_1_219' title='bbox 962 1532 1037 1563; x_wconf 76' lang='lat' dir='ltr'><em>facit</em></span> <span class='ocrx_word' id='word_1_220' title='bbox 1050 1530 1091 1563; x_wconf 86' lang='lat' dir='ltr'><em>de</em></span> 
     </span>
     <span class='ocr_line' id='line_1_30' title="bbox 210 1576 1091 1626; baseline -0.003 -14"><span class='ocrx_word' id='word_1_221' title='bbox 210 1589 310 1626; x_wconf 83' lang='lat' dir='ltr'><em>gente</em></span> <span class='ocrx_word' id='word_1_222' title='bbox 336 1578 502 1611; x_wconf 78' lang='lat' dir='ltr'><em>ambulare</em></span> <span class='ocrx_word' id='word_1_223' title='bbox 524 1576 714 1621; x_wconf 69' lang='lat' dir='ltr'><em>ingentem</em></span> <span class='ocrx_word' id='word_1_224' title='bbox 737 1601 745 1609; x_wconf 90' lang='lat'><strong>.</strong></span> <span class='ocrx_word' id='word_1_225' title='bbox 775 1578 870 1625; x_wconf 80' lang='lat' dir='ltr'><em>Qot</em></span> <span class='ocrx_word' id='word_1_226' title='bbox 894 1578 1091 1613; x_wconf 70' lang='lat' dir='ltr'><em>sanssiffimae</em></span> 
     </span>
     <span class='ocr_line' id='line_1_31' title="bbox 211 1627 1090 1670; baseline 0.001 -10"><span class='ocrx_word' id='word_1_227' title='bbox 211 1628 293 1662; x_wconf 83' lang='lat' dir='ltr'><em>oiim</em></span> <span class='ocrx_word' id='word_1_228' title='bbox 315 1628 458 1661; x_wconf 81' lang='lat' dir='ltr'><em>Ecciefiae</em></span> <span class='ocrx_word' id='word_1_229' title='bbox 478 1637 568 1660; x_wconf 87' lang='lat' dir='ltr'><em>nunc</em></span> <span class='ocrx_word' id='word_1_230' title='bbox 587 1627 869 1669; x_wconf 77' lang='lat' dir='ltr'><em>degeneraruntin</em></span> <span class='ocrx_word' id='word_1_231' title='bbox 884 1628 1090 1670; x_wconf 82' lang='lat' dir='ltr'><em>Apostaticas</em></span> 
     </span>
     <span class='ocr_line' id='line_1_32' title="bbox 212 1675 1089 1722; baseline -0.002 -9"><span class='ocrx_word' id='word_1_232' title='bbox 212 1678 348 1715; x_wconf 79' lang='lat' dir='ltr'><em>Diaboli</em></span> <span class='ocrx_word' id='word_1_233' title='bbox 375 1679 567 1722; x_wconf 79' lang='lat' dir='ltr'><em>Synagogas</em></span> <span class='ocrx_word' id='word_1_234' title='bbox 587 1676 604 1706; x_wconf 69' lang='grc' dir='ltr'><em>ἓ</em></span> <span class='ocrx_word' id='word_1_235' title='bbox 631 1676 664 1708; x_wconf 94' lang='grc' dir='ltr'>Ο</span> <span class='ocrx_word' id='word_1_236' title='bbox 686 1675 876 1716; x_wconf 74' lang='lat' dir='ltr'><em>infelicem,</em></span> <span class='ocrx_word' id='word_1_237' title='bbox 904 1678 938 1711; x_wconf 74' lang='grc' dir='ltr'><em>ὃς</em></span> <span class='ocrx_word' id='word_1_238' title='bbox 967 1679 1089 1721; x_wconf 82' lang='lat' dir='ltr'><em>sangui-</em></span> 
     </span>
     <span class='ocr_line' id='line_1_33' title="bbox 211 1724 1090 1770; baseline -0.001 -9"><span class='ocrx_word' id='word_1_239' title='bbox 211 1729 282 1762; x_wconf 84' lang='lat' dir='ltr'><em>neis</em></span> <span class='ocrx_word' id='word_1_240' title='bbox 308 1726 482 1770; x_wconf 82' lang='lat' dir='ltr'><em>lachrymis</em></span> <span class='ocrx_word' id='word_1_241' title='bbox 508 1724 696 1758; x_wconf 78' lang='lat' dir='ltr'><em>deflendam</em></span> <span class='ocrx_word' id='word_1_242' title='bbox 716 1725 790 1768; x_wconf 85' lang='lat' dir='ltr'><em>lapfi</em></span> <span class='ocrx_word' id='word_1_243' title='bbox 814 1726 950 1760; x_wconf 84' lang='lat' dir='ltr'><em>humani</em></span> <span class='ocrx_word' id='word_1_244' title='bbox 965 1728 1090 1770; x_wconf 85' lang='lat' dir='ltr'><em>generis</em></span> 
     </span>
     <span class='ocr_line' id='line_1_34' title="bbox 209 1774 1090 1819; baseline -0.002 -8"><span class='ocrx_word' id='word_1_245' title='bbox 209 1777 483 1812; x_wconf 74' lang='lat' dir='ltr'><em>inconstantiam!</em></span> <span class='ocrx_word' id='word_1_246' title='bbox 510 1775 590 1810; x_wconf 82' lang='lat' dir='ltr'><em>Haec</em></span> <span class='ocrx_word' id='word_1_247' title='bbox 616 1774 683 1815; x_wconf 82' lang='lat' dir='ltr'><em>ipsa</em></span> <span class='ocrx_word' id='word_1_248' title='bbox 703 1774 813 1808; x_wconf 82' lang='lat' dir='ltr'><em>evenit</em></span> <span class='ocrx_word' id='word_1_249' title='bbox 832 1787 900 1808; x_wconf 88' lang='lat' dir='ltr'><em>non</em></span> <span class='ocrx_word' id='word_1_250' title='bbox 923 1778 1090 1819; x_wconf 79' lang='lat' dir='ltr'><em>fingulari-</em></span> 
     </span>
     <span class='ocr_line' id='line_1_35' title="bbox 210 1821 1089 1868; baseline -0.003 -7"><span class='ocrx_word' id='word_1_251' title='bbox 210 1827 270 1861; x_wconf 80' lang='lat' dir='ltr'><em>bus</em></span> <span class='ocrx_word' id='word_1_252' title='bbox 295 1827 467 1859; x_wconf 82' lang='lat' dir='ltr'><em>dumtaxat</em></span> <span class='ocrx_word' id='word_1_253' title='bbox 488 1821 662 1858; x_wconf 83' lang='lat' dir='ltr'><em>Coenobiis</em></span> <span class='ocrx_word' id='word_1_254' title='bbox 688 1846 700 1862; x_wconf 92' lang='lat'>,</span> <span class='ocrx_word' id='word_1_255' title='bbox 727 1823 780 1857; x_wconf 87' lang='lat' dir='ltr'><em>sed</em></span> <span class='ocrx_word' id='word_1_256' title='bbox 804 1823 939 1868; x_wconf 84' lang='lat' dir='ltr'><em>integris</em></span> <span class='ocrx_word' id='word_1_257' title='bbox 960 1825 1089 1860; x_wconf 88' lang='lat' dir='ltr'><em>Ordini-</em></span> 
     </span>
     <span class='ocr_line' id='line_1_36' title="bbox 210 1872 1088 1917; baseline 0.001 -9"><span class='ocrx_word' id='word_1_258' title='bbox 210 1877 290 1911; x_wconf 86' lang='lat' dir='ltr'>bus.</span> <span class='ocrx_word' id='word_1_259' title='bbox 316 1874 539 1912; x_wconf 75' lang='lat' dir='ltr'><em>Monasteria‚</em></span> <span class='ocrx_word' id='word_1_260' title='bbox 565 1873 599 1905; x_wconf 87' lang='lat' dir='ltr'><em>in</em></span> <span class='ocrx_word' id='word_1_261' title='bbox 626 1872 1088 1917; x_wconf 81' lang='lat' dir='ltr'><em>quibusdiscipiinaestudium</em></span> 
     </span>
     <span class='ocr_line' id='line_1_37' title="bbox 211 1921 1090 1969; baseline 0 -10"><span class='ocrx_word' id='word_1_262' title='bbox 211 1926 321 1969; x_wconf 87' lang='lat' dir='ltr'><em>reponi</em></span> <span class='ocrx_word' id='word_1_263' title='bbox 352 1936 417 1958; x_wconf 89' lang='lat' dir='ltr'><em>non</em></span> <span class='ocrx_word' id='word_1_264' title='bbox 441 1924 559 1966; x_wconf 73' lang='lat' dir='ltr'><em>possit,</em></span> <span class='ocrx_word' id='word_1_265' title='bbox 586 1921 736 1955; x_wconf 84' lang='lat' dir='ltr'><em>laborant</em></span> <span class='ocrx_word' id='word_1_266' title='bbox 764 1922 936 1957; x_wconf 81' lang='lat' dir='ltr'><em>incurabili</em></span> <span class='ocrx_word' id='word_1_267' title='bbox 956 1936 1090 1966; x_wconf 76' lang='lat' dir='ltr'><em>canem,</em></span> 
     </span>
     <span class='ocr_line' id='line_1_38' title="bbox 211 1972 1088 2020; baseline 0.001 -11"><span class='ocrx_word' id='word_1_268' title='bbox 211 1978 244 2013; x_wconf 73' lang='lat' dir='ltr'><em>t&amp;</em></span> <span class='ocrx_word' id='word_1_269' title='bbox 274 1975 435 2020; x_wconf 79' lang='lat' dir='ltr'><em>postulant</em></span> <span class='ocrx_word' id='word_1_270' title='bbox 460 1972 621 2016; x_wconf 81' lang='lat' dir='ltr'><em>exstingui</em></span> <span class='ocrx_word' id='word_1_271' title='bbox 640 1997 647 2004; x_wconf 89' lang='lat'><strong>.</strong></span> <span class='ocrx_word' id='word_1_272' title='bbox 671 1973 797 2006; x_wconf 85' lang='lat' dir='ltr'><em>Cancer</em></span> <span class='ocrx_word' id='word_1_273' title='bbox 817 1973 876 2008; x_wconf 83' lang='lat' dir='ltr'><em>iste</em></span> <span class='ocrx_word' id='word_1_274' title='bbox 888 1973 1088 2010; x_wconf 81' lang='lat' dir='ltr'><em>abambitio-</em></span> 
     </span>
     <span class='ocr_line' id='line_1_39' title="bbox 212 2022 1088 2069; baseline -0.002 -9"><span class='ocrx_word' id='word_1_275' title='bbox 212 2038 255 2060; x_wconf 88' lang='lat' dir='ltr'><em>ne</em></span> <span class='ocrx_word' id='word_1_276' title='bbox 281 2025 394 2069; x_wconf 83' lang='lat' dir='ltr'><em>incipit</em></span> <span class='ocrx_word' id='word_1_277' title='bbox 417 2036 423 2057; x_wconf 81' lang='lat' dir='ltr'>z</span> <span class='ocrx_word' id='word_1_278' title='bbox 451 2025 563 2058; x_wconf 82' lang='lat' dir='ltr'><em>Omne</em></span> <span class='ocrx_word' id='word_1_279' title='bbox 597 2023 724 2059; x_wconf 87' lang='lat' dir='ltr'><em>virtutis</em></span> <span class='ocrx_word' id='word_1_280' title='bbox 749 2033 862 2057; x_wconf 77' lang='lat' dir='ltr'><em>aurum</em></span> <span class='ocrx_word' id='word_1_281' title='bbox 890 2022 1088 2067; x_wconf 79' lang='lat' dir='ltr'><em>pedetentim</em></span> 
     </span>
     <span class='ocr_line' id='line_1_40' title="bbox 210 2073 1090 2118; baseline -0.002 -7"><span class='ocrx_word' id='word_1_282' title='bbox 210 2075 356 2111; x_wconf 80' lang='lat' dir='ltr'><em>mutatio</em></span> <span class='ocrx_word' id='word_1_283' title='bbox 372 2074 507 2110; x_wconf 84' lang='lat' dir='ltr'><em>scoriam</em></span> <span class='ocrx_word' id='word_1_284' title='bbox 521 2098 531 2112; x_wconf 91' lang='lat'>‚</span> <span class='ocrx_word' id='word_1_285' title='bbox 541 2083 642 2108; x_wconf 86' lang='lat' dir='ltr'><em>omne</em></span> <span class='ocrx_word' id='word_1_286' title='bbox 655 2073 767 2108; x_wconf 86' lang='lat' dir='ltr'><em>vinum</em></span> <span class='ocrx_word' id='word_1_287' title='bbox 787 2074 820 2106; x_wconf 86' lang='lat' dir='ltr'><em>in</em></span> <span class='ocrx_word' id='word_1_288' title='bbox 834 2084 951 2118; x_wconf 85' lang='lat' dir='ltr'><em>aquam</em></span> <span class='ocrx_word' id='word_1_289' title='bbox 962 2100 971 2108; x_wconf 93' lang='lat'>.</span> <span class='ocrx_word' id='word_1_290' title='bbox 987 2077 1090 2109; x_wconf 85' lang='lat' dir='ltr'><em>Oran—</em></span> 
     </span>
     <span class='ocr_line' id='line_1_41' title="bbox 210 2122 1088 2163; baseline -0.001 -4"><span class='ocrx_word' id='word_1_291' title='bbox 210 2127 252 2159; x_wconf 86' lang='lat' dir='ltr'><em>da</em></span> <span class='ocrx_word' id='word_1_292' title='bbox 278 2126 322 2158; x_wconf 85' lang='lat' dir='ltr'><em>est</em></span> <span class='ocrx_word' id='word_1_293' title='bbox 346 2125 471 2161; x_wconf 84' lang='lat' dir='ltr'><em>Divina</em></span> <span class='ocrx_word' id='word_1_294' title='bbox 495 2122 686 2163; x_wconf 71' lang='lat' dir='ltr'><em>Mismrio,</em></span> <span class='ocrx_word' id='word_1_295' title='bbox 711 2133 746 2158; x_wconf 85' lang='lat' dir='ltr'><em>ut</em></span> <span class='ocrx_word' id='word_1_296' title='bbox 770 2133 885 2160; x_wconf 83' lang='lat' dir='ltr'><em>omnes</em></span> <span class='ocrx_word' id='word_1_297' title='bbox 906 2124 942 2158; x_wconf 88' lang='lat' dir='ltr'><em>in</em></span> <span class='ocrx_word' id='word_1_298' title='bbox 970 2126 1088 2160; x_wconf 82' lang='lat' dir='ltr'><em>Mona·</em></span> 
     </span>
     <span class='ocr_line' id='line_1_42' title="bbox 210 2172 1087 2221; baseline -0.002 -13"><span class='ocrx_word' id='word_1_299' title='bbox 210 2176 316 2211; x_wconf 80' lang='lat' dir='ltr'><em>steriis</em></span> <span class='ocrx_word' id='word_1_300' title='bbox 338 2173 529 2211; x_wconf 75' lang='lat' dir='ltr'><em>ambitiosos</em></span> <span class='ocrx_word' id='word_1_301' title='bbox 559 2172 713 2216; x_wconf 84' lang='lat' dir='ltr'><em>dignetur</em></span> <span class='ocrx_word' id='word_1_302' title='bbox 735 2173 929 2216; x_wconf 83' lang='lat' dir='ltr'><em>supprimere</em></span> <span class='ocrx_word' id='word_1_303' title='bbox 953 2199 961 2206; x_wconf 94' lang='lat'><strong><em>.</em></strong></span> <span class='ocrx_word' id='word_1_304' title='bbox 986 2175 1087 2221; x_wconf 80' lang='lat' dir='ltr'><em>Qod</em></span> 
     </span>
     <span class='ocr_line' id='line_1_43' title="bbox 208 2222 1087 2268; baseline 0 -9"><span class='ocrx_word' id='word_1_305' title='bbox 208 2226 287 2262; x_wconf 75' lang='lat' dir='ltr'><em>dum</em></span> <span class='ocrx_word' id='word_1_306' title='bbox 310 2225 465 2258; x_wconf 56' lang='lat' dir='ltr'><em>&amp;Divina</em></span> <span class='ocrx_word' id='word_1_307' title='bbox 488 2222 591 2267; x_wconf 80' lang='lat' dir='ltr'><em>gratia</em></span> <span class='ocrx_word' id='word_1_308' title='bbox 609 2223 777 2265; x_wconf 86' lang='lat' dir='ltr'><em>impetrare</em></span> <span class='ocrx_word' id='word_1_309' title='bbox 798 2234 866 2257; x_wconf 89' lang='lat' dir='ltr'><em>non</em></span> <span class='ocrx_word' id='word_1_310' title='bbox 895 2225 1060 2268; x_wconf 77' lang='lat' dir='ltr'><em>possumus</em></span> <span class='ocrx_word' id='word_1_311' title='bbox 1077 2249 1087 2267; x_wconf 84' lang='lat'>,</span> 
     </span>
     <span class='ocr_line' id='line_1_44' title="bbox 210 2273 1088 2315; baseline 0.001 -7"><span class='ocrx_word' id='word_1_312' title='bbox 210 2275 391 2312; x_wconf 74' lang='lat' dir='ltr'><em>istiusmodi</em></span> <span class='ocrx_word' id='word_1_313' title='bbox 403 2273 603 2307; x_wconf 80' lang='lat' dir='ltr'><em>Monasteria</em></span> <span class='ocrx_word' id='word_1_314' title='bbox 619 2284 684 2306; x_wconf 91' lang='lat' dir='ltr'><em>non</em></span> <span class='ocrx_word' id='word_1_315' title='bbox 699 2274 828 2315; x_wconf 79' lang='lat' dir='ltr'><em>possunt</em></span> <span class='ocrx_word' id='word_1_316' title='bbox 840 2285 906 2307; x_wconf 90' lang='lat' dir='ltr'><em>non</em></span> <span class='ocrx_word' id='word_1_317' title='bbox 921 2275 966 2308; x_wconf 81' lang='lat' dir='ltr'><em>ire</em></span> <span class='ocrx_word' id='word_1_318' title='bbox 978 2276 1011 2307; x_wconf 89' lang='lat' dir='ltr'><em>in</em></span> <span class='ocrx_word' id='word_1_319' title='bbox 1025 2275 1088 2309; x_wconf 87' lang='lat' dir='ltr'><em>rui·</em></span> 
     </span>
     <span class='ocr_line' id='line_1_45' title="bbox 210 2321 1083 2366; baseline -0.001 -7"><span class='ocrx_word' id='word_1_320' title='bbox 210 2337 285 2359; x_wconf 61' lang='lat' dir='ltr'><em>ram</em></span> <span class='ocrx_word' id='word_1_321' title='bbox 299 2349 306 2356; x_wconf 88' lang='lat'><strong>.</strong></span> <span class='ocrx_word' id='word_1_322' title='bbox 335 2324 381 2359; x_wconf 85' lang='lat' dir='ltr'><em>lta</em></span> <span class='ocrx_word' id='word_1_323' title='bbox 394 2324 515 2357; x_wconf 59' lang='lat' dir='ltr'><em>factum</em></span> <span class='ocrx_word' id='word_1_324' title='bbox 532 2322 578 2355; x_wconf 83' lang='lat' dir='ltr'><em>est</em></span> <span class='ocrx_word' id='word_1_325' title='bbox 590 2321 821 2359; x_wconf 71' lang='lat' dir='ltr'><em>pachomianis</em></span> <span class='ocrx_word' id='word_1_326' title='bbox 833 2347 842 2362; x_wconf 89' lang='lat'><em>,</em></span> <span class='ocrx_word' id='word_1_327' title='bbox 869 2323 1083 2366; x_wconf 85' lang='lat' dir='ltr'><em>Templariis,</em></span> 
     </span>
     <span class='ocr_line' id='line_1_46' title="bbox 212 2372 1085 2419; baseline 0.001 -12"><span class='ocrx_word' id='word_1_328' title='bbox 212 2373 440 2413; x_wconf 65' lang='lat' dir='ltr'><em>humilitatis,</em></span> <span class='ocrx_word' id='word_1_329' title='bbox 467 2373 500 2409; x_wconf 90' lang='lat'>&amp;</span> <span class='ocrx_word' id='word_1_330' title='bbox 525 2372 668 2414; x_wconf 86' lang='lat' dir='ltr'><em>pluribus</em></span> <span class='ocrx_word' id='word_1_331' title='bbox 689 2372 761 2419; x_wconf 69' lang='lat' dir='ltr'><em>aliis</em></span> <span class='ocrx_word' id='word_1_332' title='bbox 783 2397 790 2405; x_wconf 91' lang='lat'><strong>.</strong></span> <span class='ocrx_word' id='word_1_333' title='bbox 819 2373 891 2407; x_wconf 87' lang='lat' dir='ltr'><em>Nec</em></span> <span class='ocrx_word' id='word_1_334' title='bbox 911 2373 986 2408; x_wconf 72' lang='lat' dir='ltr'><em>ideo</em></span> <span class='ocrx_word' id='word_1_335' title='bbox 1013 2374 1085 2408; x_wconf 89' lang='lat' dir='ltr'><em>Mo-</em></span> 
     </span>
     <span class='ocr_line' id='line_1_47' title="bbox 212 2422 1085 2465; baseline 0.002 -8"><span class='ocrx_word' id='word_1_336' title='bbox 212 2426 352 2460; x_wconf 82' lang='lat' dir='ltr'><em>nasticus</em></span> <span class='ocrx_word' id='word_1_337' title='bbox 371 2424 466 2456; x_wconf 90' lang='lat' dir='ltr'><em>Ordo</em></span> <span class='ocrx_word' id='word_1_338' title='bbox 485 2423 655 2456; x_wconf 82' lang='lat' dir='ltr'><em>decrescit.</em></span> <span class='ocrx_word' id='word_1_339' title='bbox 683 2422 762 2455; x_wconf 88' lang='lat' dir='ltr'><em>Non</em></span> <span class='ocrx_word' id='word_1_340' title='bbox 786 2422 856 2465; x_wconf 84' lang='lat' dir='ltr'><em>plus</em></span> <span class='ocrx_word' id='word_1_341' title='bbox 876 2434 973 2464; x_wconf 85' lang='lat' dir='ltr'><em>quam</em></span> <span class='ocrx_word' id='word_1_342' title='bbox 989 2424 1085 2464; x_wconf 85' lang='lat' dir='ltr'><em>vitis,</em></span> 
     </span>
     <span class='ocr_line' id='line_1_48' title="bbox 211 2472 1085 2516; baseline -0.001 -8"><span class='ocrx_word' id='word_1_343' title='bbox 211 2476 290 2508; x_wconf 88' lang='lat' dir='ltr'><em>dum</em></span> <span class='ocrx_word' id='word_1_344' title='bbox 312 2473 392 2506; x_wconf 85' lang='lat' dir='ltr'><em>aridi</em></span> <span class='ocrx_word' id='word_1_345' title='bbox 415 2472 494 2505; x_wconf 89' lang='lat' dir='ltr'><em>rami</em></span> <span class='ocrx_word' id='word_1_346' title='bbox 515 2473 746 2516; x_wconf 81' lang='lat' dir='ltr'><em>praeciduntur.</em></span> <span class='ocrx_word' id='word_1_347' title='bbox 775 2472 1006 2508; x_wconf 83' lang='lat' dir='ltr'><em>Mendicantes</em></span> <span class='ocrx_word' id='word_1_348' title='bbox 1019 2477 1085 2509; x_wconf 78' lang='lat' dir='ltr'><em>Or-</em></span> 
     </span>
     <span class='ocr_line' id='line_1_49' title="bbox 211 2522 1084 2565; baseline -0.001 -7"><span class='ocrx_word' id='word_1_349' title='bbox 211 2525 304 2559; x_wconf 88' lang='lat' dir='ltr'><em>dines</em></span> <span class='ocrx_word' id='word_1_350' title='bbox 326 2524 487 2565; x_wconf 81' lang='lat' dir='ltr'><em>speramus</em></span> <span class='ocrx_word' id='word_1_351' title='bbox 496 2522 563 2554; x_wconf 89' lang='lat' dir='ltr'><em>esse</em></span> <span class='ocrx_word' id='word_1_352' title='bbox 574 2532 743 2565; x_wconf 86' lang='lat' dir='ltr'><em>perpetuos</em></span> <span class='ocrx_word' id='word_1_353' title='bbox 755 2546 764 2561; x_wconf 93' lang='lat'><em>‚</em></span> <span class='ocrx_word' id='word_1_354' title='bbox 792 2523 823 2555; x_wconf 71' lang='grc' dir='ltr'><em>ὅ(</em></span> <span class='ocrx_word' id='word_1_355' title='bbox 834 2524 850 2555; x_wconf 71' lang='grc' dir='ltr'>ὲ</span> <span class='ocrx_word' id='word_1_356' title='bbox 864 2523 991 2556; x_wconf 83' lang='lat' dir='ltr'><em>Divitia</em></span> <span class='ocrx_word' id='word_1_357' title='bbox 1005 2525 1084 2557; x_wconf 88' lang='lat' dir='ltr'><em>Gra·</em></span> 
     </span>
     <span class='ocr_line' id='line_1_50' title="bbox 211 2571 1083 2615; baseline -0.001 -7"><span class='ocrx_word' id='word_1_358' title='bbox 211 2575 257 2609; x_wconf 83' lang='lat' dir='ltr'><em>tia</em></span> <span class='ocrx_word' id='word_1_359' title='bbox 282 2583 458 2615; x_wconf 83' lang='lat' dir='ltr'><em>numquam</em></span> <span class='ocrx_word' id='word_1_360' title='bbox 469 2571 677 2604; x_wconf 84' lang='lat' dir='ltr'><em>deserendos.</em></span> <span class='ocrx_word' id='word_1_361' title='bbox 707 2571 887 2605; x_wconf 75' lang='lat' dir='ltr'><em>Adversum</em></span> <span class='ocrx_word' id='word_1_362' title='bbox 901 2571 1031 2606; x_wconf 71' lang='lat' dir='ltr'><em>haereses</em></span> <span class='ocrx_word' id='word_1_363' title='bbox 1051 2575 1083 2607; x_wconf 82' lang='grc' dir='ltr'><em>δε</em></span> 
     </span>
     <span class='ocr_line' id='line_1_51' title="bbox 210 2618 1083 2668; baseline -0.002 -11"><span class='ocrx_word' id='word_1_364' title='bbox 210 2635 324 2668; x_wconf 85' lang='lat' dir='ltr'><em>pravos</em></span> <span class='ocrx_word' id='word_1_365' title='bbox 336 2632 438 2656; x_wconf 88' lang='lat' dir='ltr'><em>mores</em></span> <span class='ocrx_word' id='word_1_366' title='bbox 451 2621 591 2667; x_wconf 82' lang='lat' dir='ltr'><em>gloriosa</em></span> <span class='ocrx_word' id='word_1_367' title='bbox 604 2622 702 2663; x_wconf 86' lang='lat' dir='ltr'><em>usque</em></span> <span class='ocrx_word' id='word_1_368' title='bbox 714 2618 777 2655; x_wconf 88' lang='lat' dir='ltr'><em>huc</em></span> <span class='ocrx_word' id='word_1_369' title='bbox 799 2623 963 2664; x_wconf 86' lang='lat' dir='ltr'><em>gesserunt</em></span> <span class='ocrx_word' id='word_1_370' title='bbox 987 2633 1083 2656; x_wconf 86' lang='lat' dir='ltr'><em>certa-</em></span> 
     </span>
     <span class='ocr_line' id='line_1_52' title="bbox 210 2670 1084 2714; baseline -0.001 -5"><span class='ocrx_word' id='word_1_371' title='bbox 210 2675 320 2709; x_wconf 87' lang='lat' dir='ltr'><em>mina:</em></span> <span class='ocrx_word' id='word_1_372' title='bbox 347 2674 517 2714; x_wconf 75' lang='lat' dir='ltr'><em>speramus</em></span> <span class='ocrx_word' id='word_1_373' title='bbox 543 2671 612 2703; x_wconf 88' lang='lat' dir='ltr'><em>fore</em></span> <span class='ocrx_word' id='word_1_374' title='bbox 634 2681 669 2703; x_wconf 93' lang='lat' dir='ltr'><em>ut</em></span> <span class='ocrx_word' id='word_1_375' title='bbox 682 2670 794 2706; x_wconf 87' lang='lat' dir='ltr'><em>eadem</em></span> <span class='ocrx_word' id='word_1_376' title='bbox 807 2682 919 2714; x_wconf 74' lang='lat' dir='ltr'><em>gerant</em></span> <span class='ocrx_word' id='word_1_377' title='bbox 933 2673 1084 2708; x_wconf 83' lang='lat' dir='ltr'><em>&amp;confi-</em></span> 
     </span>
     <span class='ocr_line' id='line_1_53' title="bbox 208 2719 867 2760; baseline -0.012 -1"><span class='ocrx_word' id='word_1_378' title='bbox 208 2725 299 2760; x_wconf 85' lang='lat' dir='ltr'><em>ciant</em></span> <span class='ocrx_word' id='word_1_379' title='bbox 311 2723 410 2756; x_wconf 86' lang='lat' dir='ltr'><em>etiam</em></span> <span class='ocrx_word' id='word_1_380' title='bbox 424 2720 573 2754; x_wconf 72' lang='lat' dir='ltr'><em>adversus</em></span> <span class='ocrx_word' id='word_1_381' title='bbox 585 2719 848 2755; x_wconf 68' lang='lat' dir='ltr'><em>Anti-Christum</em></span> <span class='ocrx_word' id='word_1_382' title='bbox 860 2745 867 2753; x_wconf 91' lang='lat'><strong><em>.</em></strong></span> 
     </span>
    </p>

    <p class='ocr_par' dir='ltr' id='par_1_4' title="bbox 198 2770 1083 3360">
     <span class='ocr_line' id='line_1_54' title="bbox 258 2770 1082 2814; baseline -0.001 -8"><span class='ocrx_word' id='word_1_383' title='bbox 258 2772 508 2809; x_wconf 83' lang='lat' dir='ltr'><em>Demonstrator</em></span> <span class='ocrx_word' id='word_1_384' title='bbox 522 2771 625 2814; x_wconf 86' lang='lat' dir='ltr'><em>pergit</em></span> <span class='ocrx_word' id='word_1_385' title='bbox 639 2781 646 2800; x_wconf 90' lang='lat'>:</span> <span class='ocrx_word' id='word_1_386' title='bbox 673 2770 792 2812; x_wconf 76' lang='lat' dir='ltr'><em>,Quibus</em></span> <span class='ocrx_word' id='word_1_387' title='bbox 801 2771 979 2812; x_wconf 82' lang='lat' dir='ltr'><em>temporibus</em></span> <span class='ocrx_word' id='word_1_388' title='bbox 986 2773 1082 2813; x_wconf 78' lang='lat' dir='ltr'><em>pluri-</em></span> 
     </span>
     <span class='ocr_line' id='line_1_55' title="bbox 205 2819 1083 2861; baseline -0.007 -3"><span class='ocrx_word' id='word_1_389' title='bbox 205 2837 259 2860; x_wconf 83' lang='lat' dir='ltr'><em>ma</em></span> <span class='ocrx_word' id='word_1_390' title='bbox 282 2821 489 2857; x_wconf 75' lang='lat' dir='ltr'><em>Monacborum</em></span> <span class='ocrx_word' id='word_1_391' title='bbox 507 2821 602 2854; x_wconf 79' lang='lat' dir='ltr'><em>millia</em></span> <span class='ocrx_word' id='word_1_392' title='bbox 624 2827 680 2861; x_wconf 82' lang='lat' dir='ltr'><em>per</em></span> <span class='ocrx_word' id='word_1_393' title='bbox 701 2819 809 2853; x_wconf 86' lang='lat' dir='ltr'><em>Orbem</em></span> <span class='ocrx_word' id='word_1_394' title='bbox 829 2820 970 2853; x_wconf 67' lang='lat' dir='ltr'><em>habitant</em></span> <span class='ocrx_word' id='word_1_395' title='bbox 995 2833 1083 2855; x_wconf 83' lang='lat' dir='ltr'><em>extra</em></span> 
     </span>
     <span class='ocr_line' id='line_1_56' title="bbox 204 2869 1080 2914; baseline -0.006 -4"><span class='ocrx_word' id='word_1_396' title='bbox 204 2873 330 2914; x_wconf 82' lang='lat' dir='ltr'><em>claustra</em></span> <span class='ocrx_word' id='word_1_397' title='bbox 349 2880 381 2907; x_wconf 90' lang='lat' dir='ltr'><em>in</em></span> <span class='ocrx_word' id='word_1_398' title='bbox 393 2872 526 2913; x_wconf 84' lang='lat' dir='ltr'><em>Capellis</em></span> <span class='ocrx_word' id='word_1_399' title='bbox 542 2894 553 2910; x_wconf 94' lang='lat'>,</span> <span class='ocrx_word' id='word_1_400' title='bbox 576 2875 607 2904; x_wconf 75' lang='lat' dir='ltr'><em>in</em></span> <span class='ocrx_word' id='word_1_401' title='bbox 623 2869 779 2905; x_wconf 85' lang='lat' dir='ltr'><em>Parocbiis</em></span> <span class='ocrx_word' id='word_1_402' title='bbox 792 2895 802 2909; x_wconf 90' lang='lat'>,</span> <span class='ocrx_word' id='word_1_403' title='bbox 827 2870 950 2913; x_wconf 75' lang='lat' dir='ltr'><em>aliisque</em></span> <span class='ocrx_word' id='word_1_404' title='bbox 975 2874 1042 2905; x_wconf 84' lang='lat' dir='ltr'><em>locis</em></span> <span class='ocrx_word' id='word_1_405' title='bbox 1070 2897 1080 2913; x_wconf 92' lang='lat'>,</span> 
     </span>
     <span class='ocr_line' id='line_1_57' title="bbox 198 2919 1079 2968; baseline -0.008 -9"><span class='ocrx_word' id='word_1_406' title='bbox 198 2924 263 2968; x_wconf 80' lang='lat' dir='ltr'><em>fine</em></span> <span class='ocrx_word' id='word_1_407' title='bbox 274 2935 309 2958; x_wconf 85' lang='lat' dir='ltr'><em>ea</em></span> <span class='ocrx_word' id='word_1_408' title='bbox 318 2949 328 2964; x_wconf 92' lang='lat'>‚</span> <span class='ocrx_word' id='word_1_409' title='bbox 355 2932 444 2965; x_wconf 89' lang='lat' dir='ltr'><em>quam</em></span> <span class='ocrx_word' id='word_1_410' title='bbox 458 2919 568 2957; x_wconf 70' lang='lat' dir='ltr'><em>Autbor</em></span> <span class='ocrx_word' id='word_1_411' title='bbox 579 2921 710 2954; x_wconf 81' lang='lat' dir='ltr'><em>intendit</em></span> <span class='ocrx_word' id='word_1_412' title='bbox 721 2944 731 2958; x_wconf 89' lang='lat'>‚</span> <span class='ocrx_word' id='word_1_413' title='bbox 756 2923 916 2953; x_wconf 76' lang='lat' dir='ltr'><em>communis</em></span> <span class='ocrx_word' id='word_1_414' title='bbox 929 2926 1005 2954; x_wconf 84' lang='lat' dir='ltr'><em>vitae</em></span> <span class='ocrx_word' id='word_1_415' title='bbox 1018 2934 1079 2954; x_wconf 86' lang='lat' dir='ltr'><em>nor-</em></span> 
     </span>
     <span class='ocr_line' id='line_1_58' title="bbox 205 2971 1079 3015; baseline -0.003 -8"><span class='ocrx_word' id='word_1_416' title='bbox 205 2987 257 3010; x_wconf 83' lang='lat' dir='ltr'><em>ma</em></span> <span class='ocrx_word' id='word_1_417' title='bbox 279 2982 333 3006; x_wconf 83' lang='lat' dir='ltr'><em>aut</em></span> <span class='ocrx_word' id='word_1_418' title='bbox 354 2971 508 3015; x_wconf 81' lang='lat' dir='ltr'><em>disciplina</em></span> <span class='ocrx_word' id='word_1_419' title='bbox 531 2994 543 3012; x_wconf 82' lang='lat'><strong>,</strong></span> <span class='ocrx_word' id='word_1_420' title='bbox 568 2979 670 3005; x_wconf 84' lang='lat' dir='ltr'><em>contra</em></span> <span class='ocrx_word' id='word_1_421' title='bbox 693 2980 806 3013; x_wconf 86' lang='lat' dir='ltr'><em>quoque</em></span> <span class='ocrx_word' id='word_1_422' title='bbox 826 2982 915 3012; x_wconf 86' lang='lat' dir='ltr'><em>quam</em></span> <span class='ocrx_word' id='word_1_423' title='bbox 934 2980 991 3012; x_wconf 89' lang='lat' dir='ltr'><em>pro</em></span> <span class='ocrx_word' id='word_1_424' title='bbox 1012 2972 1079 3013; x_wconf 77' lang='lat' dir='ltr'><em>ipsis</em></span> 
     </span>
     <span class='ocr_line' id='line_1_59' title="bbox 204 3018 1080 3062; baseline -0.002 -5"><span class='ocrx_word' id='word_1_425' title='bbox 204 3024 324 3060; x_wconf 67' lang='lat' dir='ltr'><em>tantum</em></span> <span class='ocrx_word' id='word_1_426' title='bbox 341 3021 495 3055; x_wconf 85' lang='lat' dir='ltr'><em>Monacbis</em></span> <span class='ocrx_word' id='word_1_427' title='bbox 505 3045 516 3061; x_wconf 91' lang='lat'>,</span> <span class='ocrx_word' id='word_1_428' title='bbox 543 3030 598 3055; x_wconf 87' lang='lat' dir='ltr'><em>non</em></span> <span class='ocrx_word' id='word_1_429' title='bbox 606 3027 663 3062; x_wconf 84' lang='lat' dir='ltr'><em>pro</em></span> <span class='ocrx_word' id='word_1_430' title='bbox 675 3021 796 3054; x_wconf 82' lang='lat' dir='ltr'><em>Clericis</em></span> <span class='ocrx_word' id='word_1_431' title='bbox 806 3018 946 3062; x_wconf 82' lang='lat' dir='ltr'><em>sanciunt</em></span> <span class='ocrx_word' id='word_1_432' title='bbox 956 3024 1004 3054; x_wconf 88' lang='lat'><em>55.</em></span> <span class='ocrx_word' id='word_1_433' title='bbox 1017 3026 1080 3055; x_wconf 82' lang='lat' dir='ltr'><em>Ca-</em></span> 
     </span>
     <span class='ocr_line' id='line_1_60' title="bbox 204 3069 1080 3114; baseline -0.006 -5"><span class='ocrx_word' id='word_1_434' title='bbox 204 3085 312 3109; x_wconf 73' lang='lat' dir='ltr'><em>nones,</em></span> <span class='ocrx_word' id='word_1_435' title='bbox 341 3073 382 3106; x_wconf 87' lang='lat' dir='ltr'><em>Et</em></span> <span class='ocrx_word' id='word_1_436' title='bbox 404 3072 507 3105; x_wconf 87' lang='lat' dir='ltr'><em>firmat</em></span> <span class='ocrx_word' id='word_1_437' title='bbox 528 3069 595 3105; x_wconf 87' lang='lat' dir='ltr'><em>haec</em></span> <span class='ocrx_word' id='word_1_438' title='bbox 605 3080 644 3104; x_wconf 88' lang='lat' dir='ltr'><em>ex</em></span> <span class='ocrx_word' id='word_1_439' title='bbox 658 3069 848 3114; x_wconf 84' lang='lat' dir='ltr'><em>quibusdam</em></span> <span class='ocrx_word' id='word_1_440' title='bbox 861 3071 1010 3113; x_wconf 87' lang='lat' dir='ltr'><em>capitulis</em></span> <span class='ocrx_word' id='word_1_441' title='bbox 1025 3072 1080 3105; x_wconf 89' lang='lat' dir='ltr'><em>sub</em></span> 
     </span>
     <span class='ocr_line' id='line_1_61' title="bbox 205 3119 1078 3164; baseline -0.003 -7"><span class='ocrx_word' id='word_1_442' title='bbox 205 3124 304 3161; x_wconf 84' lang='lat' dir='ltr'><em>titulo</em></span> <span class='ocrx_word' id='word_1_443' title='bbox 326 3122 367 3156; x_wconf 88' lang='lat' dir='ltr'><em>de</em></span> <span class='ocrx_word' id='word_1_444' title='bbox 379 3121 519 3164; x_wconf 77' lang='lat' dir='ltr'><em>Capellis</em></span> <span class='ocrx_word' id='word_1_445' title='bbox 534 3119 798 3156; x_wconf 80' lang='lat' dir='ltr'><em>Monachorum.</em></span> <span class='ocrx_word' id='word_1_446' title='bbox 828 3120 979 3154; x_wconf 84' lang='lat' dir='ltr'><em>Affirmat</em></span> <span class='ocrx_word' id='word_1_447' title='bbox 1005 3120 1078 3154; x_wconf 88' lang='lat' dir='ltr'><em>Mo-</em></span> 
     </span>
     <span class='ocr_line' id='line_1_62' title="bbox 205 3170 1079 3215; baseline -0.003 -7"><span class='ocrx_word' id='word_1_448' title='bbox 205 3172 327 3208; x_wconf 83' lang='lat' dir='ltr'><em>naehos</em></span> <span class='ocrx_word' id='word_1_449' title='bbox 341 3196 350 3211; x_wconf 92' lang='lat'>‚</span> <span class='ocrx_word' id='word_1_450' title='bbox 377 3172 431 3214; x_wconf 87' lang='lat' dir='ltr'><em>qui</em></span> <span class='ocrx_word' id='word_1_451' title='bbox 445 3170 618 3205; x_wconf 85' lang='lat' dir='ltr'><em>Parochias</em></span> <span class='ocrx_word' id='word_1_452' title='bbox 630 3179 744 3215; x_wconf 86' lang='lat' dir='ltr'><em>regunt</em></span> <span class='ocrx_word' id='word_1_453' title='bbox 758 3193 768 3210; x_wconf 87' lang='lat'>‚</span> <span class='ocrx_word' id='word_1_454' title='bbox 780 3170 811 3205; x_wconf 74' lang='grc' dir='ltr'><em>ὅ(</em></span> <span class='ocrx_word' id='word_1_455' title='bbox 826 3170 883 3203; x_wconf 82' lang='lat' dir='ltr'><em>soii</em></span> <span class='ocrx_word' id='word_1_456' title='bbox 898 3170 931 3203; x_wconf 89' lang='lat' dir='ltr'><em>in</em></span> <span class='ocrx_word' id='word_1_457' title='bbox 946 3171 1017 3214; x_wconf 87' lang='lat' dir='ltr'><em>ipfis</em></span> <span class='ocrx_word' id='word_1_458' title='bbox 1026 3170 1079 3205; x_wconf 83' lang='lat' dir='ltr'><em>ha-</em></span> 
     </span>
     <span class='ocr_line' id='line_1_63' title="bbox 204 3220 1081 3264; baseline -0.003 -6"><span class='ocrx_word' id='word_1_459' title='bbox 204 3224 331 3261; x_wconf 84' lang='lat' dir='ltr'><em>bitant,</em></span> <span class='ocrx_word' id='word_1_460' title='bbox 358 3223 467 3254; x_wconf 85' lang='lat' dir='ltr'><em>vivere</em></span> <span class='ocrx_word' id='word_1_461' title='bbox 485 3232 521 3254; x_wconf 86' lang='lat' dir='ltr'><em>ac</em></span> <span class='ocrx_word' id='word_1_462' title='bbox 534 3221 710 3264; x_wconf 80' lang='lat' dir='ltr'><em>impingere</em></span> <span class='ocrx_word' id='word_1_463' title='bbox 723 3220 756 3253; x_wconf 88' lang='lat' dir='ltr'><em>in</em></span> <span class='ocrx_word' id='word_1_464' title='bbox 769 3220 938 3255; x_wconf 86' lang='lat' dir='ltr'><em>Canones.</em></span> <span class='ocrx_word' id='word_1_465' title='bbox 967 3221 1009 3254; x_wconf 91' lang='lat' dir='ltr'><em>Et</em></span> <span class='ocrx_word' id='word_1_466' title='bbox 1022 3220 1081 3255; x_wconf 85' lang='lat' dir='ltr'><em>hu-</em></span> 
     </span>
     <span class='ocr_line' id='line_1_64' title="bbox 203 3269 1078 3318; baseline 0.001 -14"><span class='ocrx_word' id='word_1_467' title='bbox 203 3273 254 3318; x_wconf 80' lang='lat' dir='ltr'><em>jus</em></span> <span class='ocrx_word' id='word_1_468' title='bbox 286 3270 550 3315; x_wconf 81' lang='lat' dir='ltr'><em>praevaricationis</em></span> <span class='ocrx_word' id='word_1_469' title='bbox 581 3271 688 3317; x_wconf 87' lang='lat' dir='ltr'><em>arguit</em></span> <span class='ocrx_word' id='word_1_470' title='bbox 721 3270 858 3316; x_wconf 82' lang='lat' dir='ltr'><em>plurima</em></span> <span class='ocrx_word' id='word_1_471' title='bbox 881 3281 937 3315; x_wconf 88' lang='lat' dir='ltr'><em>per</em></span> <span class='ocrx_word' id='word_1_472' title='bbox 956 3269 1078 3306; x_wconf 84' lang='lat' dir='ltr'><em>Orbem</em></span> 
     </span>
     <span class='ocr_line' id='line_1_65' title="bbox 204 3323 327 3360; baseline -0.033 -4"><span class='ocrx_word' id='word_1_473' title='bbox 204 3323 308 3360; x_wconf 82' lang='lat' dir='ltr'><em>millia</em></span> <span class='ocrx_word' id='word_1_474' title='bbox 321 3345 327 3352; x_wconf 90' lang='lat'><strong>.</strong></span> 
     </span>
    </p>

    <p class='ocr_par' dir='ltr' id='par_1_5' title="bbox 202 3368 1079 3473">
     <span class='ocr_line' id='line_1_66' title="bbox 255 3368 1076 3414; baseline -0.002 -9"><span class='ocrx_word' id='word_1_475' title='bbox 255 3368 450 3414; x_wconf 85' lang='lat' dir='ltr'><em>Respondeo</em></span> <span class='ocrx_word' id='word_1_476' title='bbox 470 3372 531 3404; x_wconf 73' lang='lat' dir='ltr'><em>este</em></span> <span class='ocrx_word' id='word_1_477' title='bbox 542 3369 690 3404; x_wconf 86' lang='lat' dir='ltr'><em>acerbam</em></span> <span class='ocrx_word' id='word_1_478' title='bbox 702 3372 885 3405; x_wconf 84' lang='lat' dir='ltr'><em>censuram.</em></span> <span class='ocrx_word' id='word_1_479' title='bbox 914 3371 957 3406; x_wconf 88' lang='lat' dir='ltr'><em>Et</em></span> <span class='ocrx_word' id='word_1_480' title='bbox 979 3371 1076 3413; x_wconf 85' lang='lat' dir='ltr'><em>ipsam</em></span> 
     </span>
     <span class='ocr_line' id='line_1_67' title="bbox 202 3419 1079 3473; baseline -0.003 -14"><span class='ocrx_word' id='word_1_481' title='bbox 202 3424 344 3473; x_wconf 79' lang='lat' dir='ltr'><em>graviter</em></span> <span class='ocrx_word' id='word_1_482' title='bbox 367 3420 514 3457; x_wconf 81' lang='lat' dir='ltr'><em>deviare.</em></span> <span class='ocrx_word' id='word_1_483' title='bbox 543 3419 676 3456; x_wconf 86' lang='lat' dir='ltr'><em>Etenim</em></span> <span class='ocrx_word' id='word_1_484' title='bbox 699 3420 822 3456; x_wconf 78' lang='lat' dir='ltr'><em>laborat</em></span> <span class='ocrx_word' id='word_1_485' title='bbox 834 3431 940 3456; x_wconf 87' lang='lat' dir='ltr'><em>errore</em></span> <span class='ocrx_word' id='word_1_486' title='bbox 953 3420 1079 3456; x_wconf 84' lang='lat' dir='ltr'><em>Guliel-</em></span> 
     </span>
    </p>
   </div>
   <div class='ocr_carea' id='block_1_3' title="bbox 1132 110 1338 142">
    <p class='ocr_par' dir='ltr' id='par_1_6' title="bbox 1132 110 1338 142">
     <span class='ocr_line' id='line_1_68' title="bbox 1132 110 1338 142; baseline 0.01 -2"><span class='ocrx_word' id='word_1_487' title='bbox 1132 110 1154 140; x_wconf 82' lang='lat'><em>1.</em></span> <span class='ocrx_word' id='word_1_488' title='bbox 1227 112 1242 140; x_wconf 86' lang='grc' dir='ltr'>Ι</span> <span class='ocrx_word' id='word_1_489' title='bbox 1314 113 1338 142; x_wconf 78' lang='grc' dir='ltr'>ἵ</span> 
     </span>
    </p>
   </div>
   <div class='ocr_carea' id='block_1_4' title="bbox 1098 2249 1105 2853">
    <p class='ocr_par' dir='ltr' id='par_1_7' title="bbox 1098 2249 1105 2853">
     <span class='ocr_line' id='line_1_69' title="bbox 1098 2249 1105 2853; baseline 0 0"><span class='ocrx_word' id='word_1_490' title='bbox 1098 2249 1105 2853; x_wconf 95' lang='lat' dir='ltr'><em> </em></span> 
     </span>
    </p>
   </div>
   <div class='ocr_carea' id='block_1_5' title="bbox 1126 111 2198 3064">
    <p class='ocr_par' dir='ltr' id='par_1_8' title="bbox 1139 111 2188 1067">
     <span class='ocr_line' id='line_1_70' title="bbox 1408 111 1987 159; baseline 0.009 -17"><span class='ocrx_word' id='word_1_491' title='bbox 1408 111 1434 140; x_wconf 85' lang='grc' dir='ltr'><strong>Λ</strong></span> <span class='ocrx_word' id='word_1_492' title='bbox 1449 129 1462 144; x_wconf 65' lang='grc' dir='ltr'><strong>ρ</strong></span> <span class='ocrx_word' id='word_1_493' title='bbox 1898 116 1917 158; x_wconf 78' lang='lat'>3</span> <span class='ocrx_word' id='word_1_494' title='bbox 1932 116 1955 147; x_wconf 91' lang='lat'>2</span> <span class='ocrx_word' id='word_1_495' title='bbox 1967 115 1987 159; x_wconf 83' lang='lat'><em>3</em></span> 
     </span>
     <span class='ocr_line' id='line_1_71' title="bbox 1142 178 2013 226; baseline 0.007 -13"><span class='ocrx_word' id='word_1_496' title='bbox 1142 178 1186 213; x_wconf 90' lang='lat' dir='ltr'><em>mi</em></span> <span class='ocrx_word' id='word_1_497' title='bbox 1206 178 1447 215; x_wconf 80' lang='lat' dir='ltr'><em>Lemovicensts</em></span> <span class='ocrx_word' id='word_1_498' title='bbox 1471 180 1645 225; x_wconf 82' lang='lat' dir='ltr'><em>Episcopi,</em></span> <span class='ocrx_word' id='word_1_499' title='bbox 1672 181 1713 216; x_wconf 89' lang='lat' dir='ltr'><em>de</em></span> <span class='ocrx_word' id='word_1_500' title='bbox 1740 180 1810 226; x_wconf 70' lang='lat' dir='ltr'><em>quo¹</em></span> <span class='ocrx_word' id='word_1_501' title='bbox 1826 183 1866 217; x_wconf 86' lang='lat' dir='ltr'><em>ad</em></span> <span class='ocrx_word' id='word_1_502' title='bbox 1880 185 2013 220; x_wconf 80' lang='lat' dir='ltr'><em>Gualte·</em></span> 
     </span>
     <span class='ocr_line' id='line_1_72' title="bbox 1139 229 2013 275; baseline 0.006 -12"><span class='ocrx_word' id='word_1_503' title='bbox 1139 240 1210 263; x_wconf 89' lang='lat' dir='ltr'><em>rum</em></span> <span class='ocrx_word' id='word_1_504' title='bbox 1222 252 1234 268; x_wconf 94' lang='lat'>,</span> <span class='ocrx_word' id='word_1_505' title='bbox 1261 229 1475 272; x_wconf 81' lang='lat' dir='ltr'><em>Regularium</em></span> <span class='ocrx_word' id='word_1_506' title='bbox 1495 231 1528 265; x_wconf 88' lang='lat' dir='ltr'><em>in</em></span> <span class='ocrx_word' id='word_1_507' title='bbox 1541 232 1691 275; x_wconf 83' lang='lat' dir='ltr'><em>Stirpenfi</em></span> <span class='ocrx_word' id='word_1_508' title='bbox 1717 231 1857 266; x_wconf 76' lang='lat' dir='ltr'><em>Ecclesia</em></span> <span class='ocrx_word' id='word_1_509' title='bbox 1872 234 2013 268; x_wconf 80' lang='lat' dir='ltr'><em>Clerico-</em></span> 
     </span>
     <span class='ocr_line' id='line_1_73' title="bbox 1140 276 2014 325; baseline 0.005 -12"><span class='ocrx_word' id='word_1_510' title='bbox 1140 290 1209 313; x_wconf 85' lang='lat' dir='ltr'><em>rum</em></span> <span class='ocrx_word' id='word_1_511' title='bbox 1234 276 1460 322; x_wconf 79' lang='lat' dir='ltr'><em>Praepofitum,</em></span> <span class='ocrx_word' id='word_1_512' title='bbox 1487 280 1606 324; x_wconf 79' lang='lat' dir='ltr'><em>scripfit</em></span> <span class='ocrx_word' id='word_1_513' title='bbox 1627 283 1656 316; x_wconf 91' lang='lat' dir='ltr'><em>S.</em></span> <span class='ocrx_word' id='word_1_514' title='bbox 1671 282 1728 315; x_wconf 87' lang='lat' dir='ltr'><em>Ivo</em></span> <span class='ocrx_word' id='word_1_515' title='bbox 1751 282 1924 325; x_wconf 86' lang='lat' dir='ltr'><em>Episcopus</em></span> <span class='ocrx_word' id='word_1_516' title='bbox 1938 286 2014 317; x_wconf 82' lang='lat' dir='ltr'><em>Car-</em></span> 
     </span>
     <span class='ocr_line' id='line_1_74' title="bbox 1143 328 2188 380; baseline 0.007 -19"><span class='ocrx_word' id='word_1_517' title='bbox 1143 328 1302 362; x_wconf 81' lang='lat' dir='ltr'><em>nutenfis:</em></span> <span class='ocrx_word' id='word_1_518' title='bbox 1331 332 1476 365; x_wconf 71' lang='lat' dir='ltr'><em>Graviter</em></span> <span class='ocrx_word' id='word_1_519' title='bbox 1486 331 1556 372; x_wconf 85' lang='lat' dir='ltr'><em>fert</em></span> <span class='ocrx_word' id='word_1_520' title='bbox 1579 331 1675 370; x_wconf 80' lang='lat' dir='ltr'><em>vestra</em></span> <span class='ocrx_word' id='word_1_521' title='bbox 1697 336 1911 374; x_wconf 79' lang='lat' dir='ltr'><em>Frntcrm&#39;tas,</em></span> <span class='ocrx_word' id='word_1_522' title='bbox 1919 335 2016 375; x_wconf 81' lang='lat' dir='ltr'><em>quod</em></span> <span class='ocrx_word' id='word_1_523' title='bbox 2037 336 2094 379; x_wconf 82' lang='lat' dir='ltr'><em>Ep.</em></span> <span class='ocrx_word' id='word_1_524' title='bbox 2130 336 2188 380; x_wconf 84' lang='lat'><em>96.</em></span> 
     </span>
     <span class='ocr_line' id='line_1_75' title="bbox 1144 377 2014 426; baseline 0.005 -14"><span class='ocrx_word' id='word_1_525' title='bbox 1144 377 1342 419; x_wconf 84' lang='lat' dir='ltr'><em>Lemovicens</em></span> <span class='ocrx_word' id='word_1_526' title='bbox 1330 391 1354 411; x_wconf 86' lang='lat' dir='ltr'><em>s</em></span> <span class='ocrx_word' id='word_1_527' title='bbox 1369 378 1550 422; x_wconf 78' lang='lat' dir='ltr'><em>Episcopus,</em></span> <span class='ocrx_word' id='word_1_528' title='bbox 1578 387 1609 412; x_wconf 86' lang='lat' dir='ltr'><em>in</em></span> <span class='ocrx_word' id='word_1_529' title='bbox 1621 384 1729 420; x_wconf 77' lang='lat' dir='ltr'><em>synodo</em></span> <span class='ocrx_word' id='word_1_530' title='bbox 1748 395 1861 426; x_wconf 83' lang='lat' dir='ltr'><em>agens,</em></span> <span class='ocrx_word' id='word_1_531' title='bbox 1888 385 2014 417; x_wconf 76' lang='lat' dir='ltr'><em>interdi—</em></span> 
     </span>
     <span class='ocr_line' id='line_1_76' title="bbox 1143 427 2015 476; baseline 0.007 -16"><span class='ocrx_word' id='word_1_532' title='bbox 1143 435 1191 463; x_wconf 79' lang='lat' dir='ltr'><em>xit</em></span> <span class='ocrx_word' id='word_1_533' title='bbox 1201 427 1330 460; x_wconf 83' lang='lat' dir='ltr'><em>omnibus</em></span> <span class='ocrx_word' id='word_1_534' title='bbox 1346 432 1372 461; x_wconf 87' lang='lat' dir='ltr'><em>R</em></span> <span class='ocrx_word' id='word_1_535' title='bbox 1375 430 1536 472; x_wconf 81' lang='lat' dir='ltr'><em>egularibus</em></span> <span class='ocrx_word' id='word_1_536' title='bbox 1550 432 1670 463; x_wconf 80' lang='lat' dir='ltr'><em>Clericis</em></span> <span class='ocrx_word' id='word_1_537' title='bbox 1680 433 1846 476; x_wconf 78' lang='lat' dir='ltr'><em>&amp;regimen</em></span> <span class='ocrx_word' id='word_1_538' title='bbox 1861 432 2015 467; x_wconf 68' lang='lat' dir='ltr'><em>parocbia-</em></span> 
     </span>
     <span class='ocr_line' id='line_1_77' title="bbox 1142 477 2017 527; baseline 0.008 -19"><span class='ocrx_word' id='word_1_539' title='bbox 1142 477 1353 517; x_wconf 72' lang='lat' dir='ltr'><em>rum&amp;C0nf</em></span> <span class='ocrx_word' id='word_1_540' title='bbox 1348 479 1382 518; x_wconf 85' lang='lat' dir='ltr'><em>ff</em></span> <span class='ocrx_word' id='word_1_541' title='bbox 1372 490 1464 514; x_wconf 82' lang='lat' dir='ltr'><em>onem</em></span> <span class='ocrx_word' id='word_1_542' title='bbox 1479 483 1707 514; x_wconf 80' lang='lat' dir='ltr'><em>Poenttentium.</em></span> <span class='ocrx_word' id='word_1_543' title='bbox 1737 485 1799 524; x_wconf 74' lang='lat' dir='ltr'><em>,Qut</em></span> <span class='ocrx_word' id='word_1_544' title='bbox 1820 484 1929 517; x_wconf 64' lang='lat' dir='ltr'><em>rectius</em></span> <span class='ocrx_word' id='word_1_545' title='bbox 1951 488 2017 527; x_wconf 78' lang='lat' dir='ltr'><em>qui·</em></span> 
     </span>
     <span class='ocr_line' id='line_1_78' title="bbox 1145 527 2014 574; baseline 0.005 -14"><span class='ocrx_word' id='word_1_546' title='bbox 1145 530 1212 561; x_wconf 88' lang='lat' dir='ltr'><em>dem</em></span> <span class='ocrx_word' id='word_1_547' title='bbox 1218 527 1352 571; x_wconf 84' lang='lat' dir='ltr'><em>feciffet,</em></span> <span class='ocrx_word' id='word_1_548' title='bbox 1362 527 1392 569; x_wconf 82' lang='lat' dir='ltr'><em>fi</em></span> <span class='ocrx_word' id='word_1_549' title='bbox 1398 540 1495 561; x_wconf 86' lang='lat' dir='ltr'><em>omnes</em></span> <span class='ocrx_word' id='word_1_550' title='bbox 1504 532 1671 564; x_wconf 81' lang='lat' dir='ltr'><em>sacerdotes</em></span> <span class='ocrx_word' id='word_1_551' title='bbox 1682 536 1724 563; x_wconf 75' lang='lat' dir='ltr'><em>ml</em></span> <span class='ocrx_word' id='word_1_552' title='bbox 1734 535 1902 574; x_wconf 76' lang='lat' dir='ltr'><em>Regularem</em></span> <span class='ocrx_word' id='word_1_553' title='bbox 1915 539 2014 567; x_wconf 79' lang='lat' dir='ltr'><em>vitam</em></span> 
     </span>
     <span class='ocr_line' id='line_1_79' title="bbox 1145 578 2015 621; baseline 0.007 -12"><span class='ocrx_word' id='word_1_554' title='bbox 1145 578 1295 620; x_wconf 67' lang='lat' dir='ltr'><em>invitasset</em></span> <span class='ocrx_word' id='word_1_555' title='bbox 1307 603 1316 617; x_wconf 94' lang='lat'>,</span> <span class='ocrx_word' id='word_1_556' title='bbox 1345 590 1434 620; x_wconf 88' lang='lat' dir='ltr'><em>quam</em></span> <span class='ocrx_word' id='word_1_557' title='bbox 1454 581 1629 621; x_wconf 80' lang='lat' dir='ltr'><em>regulariter</em></span> <span class='ocrx_word' id='word_1_558' title='bbox 1655 588 1794 615; x_wconf 79' lang='lat' dir='ltr'><em>viventes</em></span> <span class='ocrx_word' id='word_1_559' title='bbox 1816 586 1835 615; x_wconf 75' lang='grc' dir='ltr'><em>ἁ</em></span> <span class='ocrx_word' id='word_1_560' title='bbox 1850 587 2015 617; x_wconf 80' lang='lat' dir='ltr'><em>Dominica-</em></span> 
     </span>
     <span class='ocr_line' id='line_1_80' title="bbox 1145 627 2014 673; baseline 0.005 -14"><span class='ocrx_word' id='word_1_561' title='bbox 1145 639 1209 660; x_wconf 82' lang='lat' dir='ltr'><em>rum</em></span> <span class='ocrx_word' id='word_1_562' title='bbox 1220 634 1320 660; x_wconf 81' lang='lat' dir='ltr'><em>ovium</em></span> <span class='ocrx_word' id='word_1_563' title='bbox 1331 627 1453 663; x_wconf 70' lang='lat' dir='ltr'><em>custodia</em></span> <span class='ocrx_word' id='word_1_564' title='bbox 1462 630 1582 670; x_wconf 75' lang='lat' dir='ltr'><em>penitus</em></span> <span class='ocrx_word' id='word_1_565' title='bbox 1593 633 1754 672; x_wconf 81' lang='lat' dir='ltr'><em>removisset</em></span> <span class='ocrx_word' id='word_1_566' title='bbox 1767 655 1776 670; x_wconf 88' lang='lat'>‚</span> <span class='ocrx_word' id='word_1_567' title='bbox 1803 633 1907 673; x_wconf 83' lang='lat' dir='ltr'><em>quibus</em></span> <span class='ocrx_word' id='word_1_568' title='bbox 1930 634 2014 666; x_wconf 66' lang='lat' dir='ltr'><em>tanto</em></span> 
     </span>
     <span class='ocr_line' id='line_1_81' title="bbox 1141 677 2016 727; baseline 0.005 -17"><span class='ocrx_word' id='word_1_569' title='bbox 1141 679 1212 719; x_wconf 83' lang='lat' dir='ltr'><em>plus</em></span> <span class='ocrx_word' id='word_1_570' title='bbox 1224 677 1357 720; x_wconf 81' lang='lat' dir='ltr'><em>displicet</em></span> <span class='ocrx_word' id='word_1_571' title='bbox 1368 681 1467 711; x_wconf 84' lang='lat' dir='ltr'><em>aliena</em></span> <span class='ocrx_word' id='word_1_572' title='bbox 1479 680 1596 712; x_wconf 85' lang='lat' dir='ltr'><em>malitia</em></span> <span class='ocrx_word' id='word_1_573' title='bbox 1606 704 1614 718; x_wconf 87' lang='lat'><em>‚</em></span> <span class='ocrx_word' id='word_1_574' title='bbox 1627 710 1630 712; x_wconf 92' lang='grc'><em>,</em></span> <span class='ocrx_word' id='word_1_575' title='bbox 1641 683 1752 721; x_wconf 70' lang='lat' dir='ltr'><em>quanto</em></span> <span class='ocrx_word' id='word_1_576' title='bbox 1765 682 1877 727; x_wconf 61' lang='lat' dir='ltr'><em>longius</em></span> <span class='ocrx_word' id='word_1_577' title='bbox 1890 681 2016 723; x_wconf 84' lang='lat' dir='ltr'><em>disceffe-</em></span> 
     </span>
     <span class='ocr_line' id='line_1_82' title="bbox 1145 727 2017 773; baseline 0.007 -15"><span class='ocrx_word' id='word_1_578' title='bbox 1145 737 1216 759; x_wconf 83' lang='lat' dir='ltr'><em>runt</em></span> <span class='ocrx_word' id='word_1_579' title='bbox 1237 730 1257 759; x_wconf 75' lang='grc' dir='ltr'><em>ἃ</em></span> <span class='ocrx_word' id='word_1_580' title='bbox 1274 727 1348 770; x_wconf 88' lang='lat' dir='ltr'><em>sua.</em></span> <span class='ocrx_word' id='word_1_581' title='bbox 1378 730 1529 763; x_wconf 83' lang='lat' dir='ltr'><em>Affirmat</em></span> <span class='ocrx_word' id='word_1_582' title='bbox 1551 729 1635 762; x_wconf 84' lang='lat' dir='ltr'><em>istud</em></span> <span class='ocrx_word' id='word_1_583' title='bbox 1659 729 2017 773; x_wconf 74' lang='lat' dir='ltr'><em>Guiiielmisynodale</em></span> 
     </span>
     <span class='ocr_line' id='line_1_83' title="bbox 1146 778 2019 825; baseline 0.003 -15"><span class='ocrx_word' id='word_1_584' title='bbox 1146 778 1319 810; x_wconf 85' lang='lat' dir='ltr'><em>Decretum</em></span> <span class='ocrx_word' id='word_1_585' title='bbox 1342 779 1435 812; x_wconf 74' lang='lat' dir='ltr'><em>fuisse</em></span> <span class='ocrx_word' id='word_1_586' title='bbox 1452 781 1609 822; x_wconf 80' lang='lat' dir='ltr'><em>indignam</em></span> <span class='ocrx_word' id='word_1_587' title='bbox 1634 782 1776 813; x_wconf 71' lang='lat' dir='ltr'><em>canonici</em></span> <span class='ocrx_word' id='word_1_588' title='bbox 1795 783 1918 816; x_wconf 81' lang='lat' dir='ltr'><em>Ordinis</em></span> <span class='ocrx_word' id='word_1_589' title='bbox 1939 783 2019 825; x_wconf 81' lang='lat' dir='ltr'><em>inju-</em></span> 
     </span>
     <span class='ocr_line' id='line_1_84' title="bbox 1145 826 2019 872; baseline 0.006 -13"><span class='ocrx_word' id='word_1_590' title='bbox 1145 833 1221 860; x_wconf 78' lang='lat' dir='ltr'><em>riam</em></span> <span class='ocrx_word' id='word_1_591' title='bbox 1234 852 1239 857; x_wconf 88' lang='lat'>.</span> <span class='ocrx_word' id='word_1_592' title='bbox 1250 826 1385 862; x_wconf 89' lang='lat' dir='ltr'><em>Mecum</em></span> <span class='ocrx_word' id='word_1_593' title='bbox 1398 840 1533 872; x_wconf 81' lang='lat' dir='ltr'><em>exoptat</em></span> <span class='ocrx_word' id='word_1_594' title='bbox 1545 854 1554 869; x_wconf 95' lang='lat'>,</span> <span class='ocrx_word' id='word_1_595' title='bbox 1581 840 1617 862; x_wconf 86' lang='lat' dir='ltr'><em>ut</em></span> <span class='ocrx_word' id='word_1_596' title='bbox 1628 831 1737 863; x_wconf 86' lang='lat' dir='ltr'><em>omnis</em></span> <span class='ocrx_word' id='word_1_597' title='bbox 1749 830 1863 864; x_wconf 79' lang='lat' dir='ltr'><em>clerus</em></span> <span class='ocrx_word' id='word_1_598' title='bbox 1874 831 1912 864; x_wconf 85' lang='lat' dir='ltr'><em>ad</em></span> <span class='ocrx_word' id='word_1_599' title='bbox 1925 842 2019 864; x_wconf 87' lang='lat' dir='ltr'><em>corn-</em></span> 
     </span>
     <span class='ocr_line' id='line_1_85' title="bbox 1147 877 2021 920; baseline 0.003 -11"><span class='ocrx_word' id='word_1_600' title='bbox 1147 888 1280 910; x_wconf 86' lang='lat' dir='ltr'><em>munem</em></span> <span class='ocrx_word' id='word_1_601' title='bbox 1305 877 1338 909; x_wconf 88' lang='lat' dir='ltr'><em>in</em></span> <span class='ocrx_word' id='word_1_602' title='bbox 1358 879 1498 914; x_wconf 83' lang='lat' dir='ltr'><em>claustro</em></span> <span class='ocrx_word' id='word_1_603' title='bbox 1522 880 1814 920; x_wconf 82' lang='lat' dir='ltr'><em>vitaminvitetur,</em></span> <span class='ocrx_word' id='word_1_604' title='bbox 1840 882 1960 914; x_wconf 85' lang='lat' dir='ltr'><em>&amp;tunc</em></span> <span class='ocrx_word' id='word_1_605' title='bbox 1980 891 2021 913; x_wconf 84' lang='lat' dir='ltr'><em>ex</em></span> 
     </span>
     <span class='ocr_line' id='line_1_86' title="bbox 1148 926 2020 969; baseline 0.005 -12"><span class='ocrx_word' id='word_1_606' title='bbox 1148 927 1214 969; x_wconf 84' lang='lat' dir='ltr'><em>ipso</em></span> <span class='ocrx_word' id='word_1_607' title='bbox 1227 926 1430 968; x_wconf 74' lang='lat' dir='ltr'><em>Presbyteri·</em></span> <span class='ocrx_word' id='word_1_608' title='bbox 1421 939 1455 969; x_wconf 79' lang='lat' dir='ltr'><em>in</em></span> <span class='ocrx_word' id='word_1_609' title='bbox 1469 927 1644 962; x_wconf 76' lang='lat' dir='ltr'><em>parochias</em></span> <span class='ocrx_word' id='word_1_610' title='bbox 1654 929 1867 964; x_wconf 87' lang='lat' dir='ltr'><em>destinentur.</em></span> <span class='ocrx_word' id='word_1_611' title='bbox 1896 929 2020 964; x_wconf 83' lang='lat' dir='ltr'><em>Domi-</em></span> 
     </span>
     <span class='ocr_line' id='line_1_87' title="bbox 1149 977 2024 1027; baseline 0.007 -19"><span class='ocrx_word' id='word_1_612' title='bbox 1149 978 1225 1009; x_wconf 82' lang='lat' dir='ltr'><em>nicae</em></span> <span class='ocrx_word' id='word_1_613' title='bbox 1256 988 1332 1010; x_wconf 86' lang='lat' dir='ltr'><em>oves</em></span> <span class='ocrx_word' id='word_1_614' title='bbox 1367 978 1409 1013; x_wconf 84' lang='lat' dir='ltr'><em>fic</em></span> <span class='ocrx_word' id='word_1_615' title='bbox 1436 977 1603 1016; x_wconf 75' lang='lat' dir='ltr'><em>habebunt</em></span> <span class='ocrx_word' id='word_1_616' title='bbox 1627 978 1727 1024; x_wconf 72' lang='lat' dir='ltr'><em>longe</em></span> <span class='ocrx_word' id='word_1_617' title='bbox 1746 981 1890 1027; x_wconf 83' lang='lat' dir='ltr'><em>optimos</em></span> <span class='ocrx_word' id='word_1_618' title='bbox 1912 981 2024 1015; x_wconf 85' lang='lat' dir='ltr'><em>Duces</em></span> 
     </span>
     <span class='ocr_line' id='line_1_88' title="bbox 1146 1026 1445 1067; baseline 0.011 -8"><span class='ocrx_word' id='word_1_619' title='bbox 1146 1037 1241 1067; x_wconf 85' lang='lat' dir='ltr'><em>atque</em></span> <span class='ocrx_word' id='word_1_620' title='bbox 1268 1026 1445 1062; x_wconf 81' lang='lat' dir='ltr'><em>Custodes.</em></span> 
     </span>
    </p>

    <p class='ocr_par' dir='ltr' id='par_1_9' title="bbox 1146 1077 2198 2117">
     <span class='ocr_line' id='line_1_89' title="bbox 1197 1077 2026 1115; baseline 0.002 -5"><span class='ocrx_word' id='word_1_621' title='bbox 1197 1077 1374 1110; x_wconf 83' lang='lat' dir='ltr'><em>Rationem</em></span> <span class='ocrx_word' id='word_1_622' title='bbox 1397 1078 1495 1111; x_wconf 86' lang='lat' dir='ltr'><em>datm</em></span> <span class='ocrx_word' id='word_1_623' title='bbox 1510 1078 1624 1113; x_wconf 87' lang='lat' dir='ltr'><em>litteris</em></span> <span class='ocrx_word' id='word_1_624' title='bbox 1633 1079 1673 1113; x_wconf 85' lang='lat' dir='ltr'><em>ad</em></span> <span class='ocrx_word' id='word_1_625' title='bbox 1685 1079 1921 1115; x_wconf 86' lang='lat' dir='ltr'><em>Lundensem</em></span> <span class='ocrx_word' id='word_1_626' title='bbox 1914 1091 1946 1113; x_wconf 85' lang='lat' dir='ltr'><em>m</em></span> <span class='ocrx_word' id='word_1_627' title='bbox 1960 1081 2026 1113; x_wconf 89' lang='lat' dir='ltr'><em>Da·</em></span> 
     </span>
     <span class='ocr_line' id='line_1_90' title="bbox 1150 1126 2024 1173; baseline 0.003 -15"><span class='ocrx_word' id='word_1_628' title='bbox 1150 1126 1202 1159; x_wconf 73' lang='lat' dir='ltr'><em>nia</em></span> <span class='ocrx_word' id='word_1_629' title='bbox 1227 1126 1519 1171; x_wconf 85' lang='lat' dir='ltr'><em>Archiepiscopum</em></span> <span class='ocrx_word' id='word_1_630' title='bbox 1544 1128 1629 1162; x_wconf 86' lang='lat' dir='ltr'><em>Ven.</em></span> <span class='ocrx_word' id='word_1_631' title='bbox 1654 1128 1834 1172; x_wconf 82' lang='lat' dir='ltr'><em>Stephanus</em></span> <span class='ocrx_word' id='word_1_632' title='bbox 1848 1129 2024 1173; x_wconf 76' lang='lat' dir='ltr'><em>Episcopus</em></span> 
     </span>
     <span class='ocr_line' id='line_1_91' title="bbox 1149 1176 2025 1220; baseline 0.006 -12"><span class='ocrx_word' id='word_1_633' title='bbox 1149 1176 1384 1217; x_wconf 62' lang='lat' dir='ltr'><em>Toruweufis,</em></span> <span class='ocrx_word' id='word_1_634' title='bbox 1412 1179 1554 1214; x_wconf 81' lang='lat' dir='ltr'><em>scribens</em></span> <span class='ocrx_word' id='word_1_635' title='bbox 1572 1180 1613 1213; x_wconf 87' lang='lat' dir='ltr'><em>de</em></span> <span class='ocrx_word' id='word_1_636' title='bbox 1627 1177 1724 1212; x_wconf 87' lang='lat' dir='ltr'><em>Petro</em></span> <span class='ocrx_word' id='word_1_637' title='bbox 1745 1204 1755 1219; x_wconf 95' lang='lat'>,</span> <span class='ocrx_word' id='word_1_638' title='bbox 1783 1179 1902 1214; x_wconf 78' lang='lat' dir='ltr'><em>Nobili</em></span> <span class='ocrx_word' id='word_1_639' title='bbox 1914 1179 2025 1220; x_wconf 77' lang='lat' dir='ltr'><em>Dauo,</em></span> 
     </span>
     <span class='ocr_line' id='line_1_92' title="bbox 1150 1218 2198 1272; baseline 0.008 -14"><span class='ocrx_word' id='word_1_640' title='bbox 1150 1226 1320 1268; x_wconf 71' lang='lat' dir='ltr'><em>professo</em></span> <span class='ocrx_word' id='word_1_641' title='bbox 1312 1239 1346 1260; x_wconf 77' lang='lat' dir='ltr'><em>in</em></span> <span class='ocrx_word' id='word_1_642' title='bbox 1362 1227 1471 1261; x_wconf 88' lang='lat' dir='ltr'><em>Gallia</em></span> <span class='ocrx_word' id='word_1_643' title='bbox 1484 1230 1582 1262; x_wconf 84' lang='lat' dir='ltr'><em>vitam</em></span> <span class='ocrx_word' id='word_1_644' title='bbox 1594 1228 1821 1264; x_wconf 86' lang='lat' dir='ltr'><em>Canonicam:</em></span> <span class='ocrx_word' id='word_1_645' title='bbox 1852 1233 1959 1263; x_wconf 82' lang='lat' dir='ltr'><em>Petrus</em></span> <span class='ocrx_word' id='word_1_646' title='bbox 1978 1228 2026 1272; x_wconf 82' lang='lat' dir='ltr'><em>sa·</em></span> <span class='ocrx_word' id='word_1_647' title='bbox 2049 1218 2198 1266; x_wconf 65' lang='lat' dir='ltr'><em>Bit-1292</em></span> 
     </span>
     <span class='ocr_line' id='line_1_93' title="bbox 1149 1276 2028 1322; baseline 0.003 -15"><span class='ocrx_word' id='word_1_648' title='bbox 1149 1287 1208 1308; x_wconf 82' lang='lat' dir='ltr'><em>crae</em></span> <span class='ocrx_word' id='word_1_649' title='bbox 1219 1278 1344 1321; x_wconf 80' lang='lat' dir='ltr'><em>Paginae</em></span> <span class='ocrx_word' id='word_1_650' title='bbox 1359 1276 1479 1315; x_wconf 86' lang='lat' dir='ltr'><em>studens</em></span> <span class='ocrx_word' id='word_1_651' title='bbox 1487 1276 1601 1322; x_wconf 84' lang='lat' dir='ltr'><em>scholas</em></span> <span class='ocrx_word' id='word_1_652' title='bbox 1625 1286 1767 1311; x_wconf 81' lang='lat' dir='ltr'><em>veritatis</em></span> <span class='ocrx_word' id='word_1_653' title='bbox 1792 1285 1823 1311; x_wconf 83' lang='lat' dir='ltr'><em>in</em></span> <span class='ocrx_word' id='word_1_654' title='bbox 1849 1281 1996 1314; x_wconf 67' lang='lat' dir='ltr'><em>auditorio</em></span> <span class='ocrx_word' id='word_1_655' title='bbox 2018 1301 2028 1317; x_wconf 91' lang='lat'>,</span> 
     </span>
     <span class='ocr_line' id='line_1_94' title="bbox 1146 1324 2060 1374; baseline 0.004 -17"><span class='ocrx_word' id='word_1_656' title='bbox 1146 1324 1258 1367; x_wconf 84' lang='lat' dir='ltr'><em>scholas</em></span> <span class='ocrx_word' id='word_1_657' title='bbox 1279 1331 1401 1358; x_wconf 79' lang='lat' dir='ltr'><em>virtutis</em></span> <span class='ocrx_word' id='word_1_658' title='bbox 1415 1328 1597 1369; x_wconf 84' lang='lat' dir='ltr'><em>frequentat</em></span> <span class='ocrx_word' id='word_1_659' title='bbox 1619 1333 1651 1360; x_wconf 84' lang='lat' dir='ltr'><em>in</em></span> <span class='ocrx_word' id='word_1_660' title='bbox 1667 1329 1799 1370; x_wconf 75' lang='lat' dir='ltr'><em>claustro</em></span> <span class='ocrx_word' id='word_1_661' title='bbox 1815 1353 1824 1367; x_wconf 91' lang='lat'><em>‚</em></span> <span class='ocrx_word' id='word_1_662' title='bbox 1848 1339 1913 1361; x_wconf 87' lang='lat' dir='ltr'><em>cum</em></span> <span class='ocrx_word' id='word_1_663' title='bbox 1936 1339 2028 1370; x_wconf 83' lang='lat' dir='ltr'><em>neque</em></span> <span class='ocrx_word' id='word_1_664' title='bbox 2059 1371 2060 1374; x_wconf 11' lang='grc' dir='ltr'><strong>Ἴ</strong></span> 
     </span>
     <span class='ocr_line' id='line_1_95' title="bbox 1150 1373 2061 1419; baseline 0.003 -12"><span class='ocrx_word' id='word_1_665' title='bbox 1150 1375 1197 1407; x_wconf 83' lang='lat' dir='ltr'><em>hic</em></span> <span class='ocrx_word' id='word_1_666' title='bbox 1213 1373 1275 1416; x_wconf 81' lang='lat' dir='ltr'><em>fine</em></span> <span class='ocrx_word' id='word_1_667' title='bbox 1295 1383 1425 1409; x_wconf 83' lang='lat' dir='ltr'><em>veritate</em></span> <span class='ocrx_word' id='word_1_668' title='bbox 1448 1384 1593 1413; x_wconf 85' lang='lat' dir='ltr'><em>virtutem</em></span> <span class='ocrx_word' id='word_1_669' title='bbox 1612 1402 1622 1417; x_wconf 89' lang='lat'>‚</span> <span class='ocrx_word' id='word_1_670' title='bbox 1661 1389 1752 1419; x_wconf 81' lang='lat' dir='ltr'><em>neque</em></span> <span class='ocrx_word' id='word_1_671' title='bbox 1774 1378 1817 1409; x_wconf 84' lang='lat' dir='ltr'><em>ibi</em></span> <span class='ocrx_word' id='word_1_672' title='bbox 1832 1377 1894 1418; x_wconf 87' lang='lat' dir='ltr'><em>fine</em></span> <span class='ocrx_word' id='word_1_673' title='bbox 1915 1384 2028 1410; x_wconf 83' lang='lat' dir='ltr'><em>virtute</em></span> <span class='ocrx_word' id='word_1_674' title='bbox 2059 1375 2061 1377; x_wconf 67' lang='grc'><strong>’</strong></span> 
     </span>
     <span class='ocr_line' id='line_1_96' title="bbox 1155 1425 2030 1471; baseline 0 -13"><span class='ocrx_word' id='word_1_675' title='bbox 1155 1425 1302 1459; x_wconf 86' lang='lat' dir='ltr'><em>combibat</em></span> <span class='ocrx_word' id='word_1_676' title='bbox 1325 1432 1482 1461; x_wconf 80' lang='lat' dir='ltr'><em>veritatem</em></span> <span class='ocrx_word' id='word_1_677' title='bbox 1495 1452 1502 1459; x_wconf 95' lang='lat'><strong><em>.</em></strong></span> <span class='ocrx_word' id='word_1_678' title='bbox 1531 1431 1595 1460; x_wconf 86' lang='lat' dir='ltr'><em>Duo</em></span> <span class='ocrx_word' id='word_1_679' title='bbox 1610 1425 1719 1471; x_wconf 83' lang='lat' dir='ltr'><em>sugens</em></span> <span class='ocrx_word' id='word_1_680' title='bbox 1744 1427 1834 1464; x_wconf 85' lang='lat' dir='ltr'><em>ubera</em></span> <span class='ocrx_word' id='word_1_681' title='bbox 1856 1430 2030 1470; x_wconf 73' lang='lat' dir='ltr'><em>citopoterit</em></span> 
     </span>
     <span class='ocr_line' id='line_1_97' title="bbox 1153 1476 2032 1520; baseline 0.003 -14"><span class='ocrx_word' id='word_1_682' title='bbox 1153 1479 1334 1519; x_wconf 83' lang='lat' dir='ltr'><em>impinguari</em></span> <span class='ocrx_word' id='word_1_683' title='bbox 1348 1499 1359 1515; x_wconf 93' lang='lat'>‚</span> <span class='ocrx_word' id='word_1_684' title='bbox 1384 1486 1416 1509; x_wconf 89' lang='lat' dir='ltr'><em>ut</em></span> <span class='ocrx_word' id='word_1_685' title='bbox 1428 1487 1582 1518; x_wconf 82' lang='lat' dir='ltr'><em>tamquam</em></span> <span class='ocrx_word' id='word_1_686' title='bbox 1589 1476 1746 1520; x_wconf 85' lang='lat' dir='ltr'><em>saginatus</em></span> <span class='ocrx_word' id='word_1_687' title='bbox 1759 1477 1873 1511; x_wconf 79' lang='lat' dir='ltr'><em>vitulus</em></span> <span class='ocrx_word' id='word_1_688' title='bbox 1885 1502 1896 1518; x_wconf 89' lang='lat'><strong>,</strong></span> <span class='ocrx_word' id='word_1_689' title='bbox 1913 1480 1964 1511; x_wconf 86' lang='lat' dir='ltr'><em>vel</em></span> <span class='ocrx_word' id='word_1_690' title='bbox 1967 1477 2032 1519; x_wconf 83' lang='lat' dir='ltr'><em>for-</em></span> 
     </span>
     <span class='ocr_line' id='line_1_98' title="bbox 1152 1527 2033 1570; baseline 0.006 -15"><span class='ocrx_word' id='word_1_691' title='bbox 1152 1531 1190 1555; x_wconf 90' lang='lat' dir='ltr'><em>tis</em></span> <span class='ocrx_word' id='word_1_692' title='bbox 1212 1535 1314 1563; x_wconf 79' lang='lat' dir='ltr'><em>aries,</em></span> <span class='ocrx_word' id='word_1_693' title='bbox 1339 1534 1392 1556; x_wconf 81' lang='lat' dir='ltr'><em>aut</em></span> <span class='ocrx_word' id='word_1_694' title='bbox 1410 1527 1492 1567; x_wconf 71' lang='lat' dir='ltr'><em>filius</em></span> <span class='ocrx_word' id='word_1_695' title='bbox 1515 1533 1637 1558; x_wconf 84' lang='lat' dir='ltr'><em>arietum</em></span> <span class='ocrx_word' id='word_1_696' title='bbox 1659 1528 1695 1558; x_wconf 82' lang='lat' dir='ltr'><em>de</em></span> <span class='ocrx_word' id='word_1_697' title='bbox 1703 1538 1791 1570; x_wconf 81' lang='lat' dir='ltr'><em>grege</em></span> <span class='ocrx_word' id='word_1_698' title='bbox 1800 1531 1919 1560; x_wconf 81' lang='lat' dir='ltr'><em>Domini</em></span> <span class='ocrx_word' id='word_1_699' title='bbox 1931 1531 1976 1560; x_wconf 85' lang='lat' dir='ltr'><em>ad</em></span> <span class='ocrx_word' id='word_1_700' title='bbox 1987 1530 2033 1560; x_wconf 73' lang='lat' dir='ltr'><em>Ai-</em></span> 
     </span>
     <span class='ocr_line' id='line_1_99' title="bbox 1152 1572 2034 1618; baseline 0.003 -13"><span class='ocrx_word' id='word_1_701' title='bbox 1152 1584 1218 1605; x_wconf 88' lang='lat' dir='ltr'><em>tare</em></span> <span class='ocrx_word' id='word_1_702' title='bbox 1237 1572 1323 1614; x_wconf 79' lang='lat' dir='ltr'><em>ipsius</em></span> <span class='ocrx_word' id='word_1_703' title='bbox 1346 1575 1380 1607; x_wconf 64' lang='grc' dir='ltr'><em>ἐν</em></span> <span class='ocrx_word' id='word_1_704' title='bbox 1402 1574 1465 1617; x_wconf 85' lang='lat' dir='ltr'><em>ipse</em></span> <span class='ocrx_word' id='word_1_705' title='bbox 1477 1577 1626 1607; x_wconf 76' lang='lat' dir='ltr'><em>immolari</em></span> <span class='ocrx_word' id='word_1_706' title='bbox 1636 1576 1734 1615; x_wconf 78' lang='lat' dir='ltr'><em>possit,</em></span> <span class='ocrx_word' id='word_1_707' title='bbox 1759 1578 1791 1608; x_wconf 64' lang='lat'><em>(5</em></span> <span class='ocrx_word' id='word_1_708' title='bbox 1804 1580 1923 1618; x_wconf 82' lang='lat' dir='ltr'><em>quando</em></span> <span class='ocrx_word' id='word_1_709' title='bbox 1947 1577 2034 1610; x_wconf 82' lang='lat' dir='ltr'><em>Vobis</em></span> 
     </span>
     <span class='ocr_line' id='line_1_100' title="bbox 1147 1625 2036 1664; baseline 0.007 -10"><span class='ocrx_word' id='word_1_710' title='bbox 1147 1625 1316 1664; x_wconf 69' lang='lat' dir='ltr'><em>placuerit,</em></span> <span class='ocrx_word' id='word_1_711' title='bbox 1337 1631 1394 1664; x_wconf 86' lang='lat' dir='ltr'><em>pro</em></span> <span class='ocrx_word' id='word_1_712' title='bbox 1415 1626 1483 1657; x_wconf 83' lang='lat' dir='ltr'><em>aliis</em></span> <span class='ocrx_word' id='word_1_713' title='bbox 1502 1625 1650 1657; x_wconf 83' lang='lat' dir='ltr'><em>immolare</em></span> <span class='ocrx_word' id='word_1_714' title='bbox 1669 1649 1676 1657; x_wconf 91' lang='lat'><strong>.</strong></span> <span class='ocrx_word' id='word_1_715' title='bbox 1704 1625 1753 1658; x_wconf 86' lang='lat' dir='ltr'><em>Hi</em></span> <span class='ocrx_word' id='word_1_716' title='bbox 1779 1626 2036 1660; x_wconf 82' lang='lat' dir='ltr'><em>Dominicorum</em></span> 
     </span>
     <span class='ocr_line' id='line_1_101' title="bbox 1155 1673 2036 1717; baseline 0.005 -12"><span class='ocrx_word' id='word_1_717' title='bbox 1155 1673 1305 1706; x_wconf 85' lang='lat' dir='ltr'><em>Arierum</em></span> <span class='ocrx_word' id='word_1_718' title='bbox 1326 1673 1387 1707; x_wconf 85' lang='lat' dir='ltr'><em>filii</em></span> <span class='ocrx_word' id='word_1_719' title='bbox 1410 1674 1444 1707; x_wconf 87' lang='lat' dir='ltr'><em>in</em></span> <span class='ocrx_word' id='word_1_720' title='bbox 1471 1674 1666 1707; x_wconf 82' lang='lat' dir='ltr'><em>monasterio</em></span> <span class='ocrx_word' id='word_1_721' title='bbox 1691 1686 1746 1716; x_wconf 87' lang='lat' dir='ltr'><em>per</em></span> <span class='ocrx_word' id='word_1_722' title='bbox 1757 1675 1862 1717; x_wconf 86' lang='lat' dir='ltr'><em>plures</em></span> <span class='ocrx_word' id='word_1_723' title='bbox 1874 1687 1977 1709; x_wconf 78' lang='lat' dir='ltr'><em>annos</em></span> <span class='ocrx_word' id='word_1_724' title='bbox 1990 1677 2036 1709; x_wconf 89' lang='lat' dir='ltr'><em>vi-</em></span> 
     </span>
     <span class='ocr_line' id='line_1_102' title="bbox 1152 1723 2036 1766; baseline 0.006 -12"><span class='ocrx_word' id='word_1_725' title='bbox 1152 1723 1203 1755; x_wconf 87' lang='lat' dir='ltr'><em>tiis</em></span> <span class='ocrx_word' id='word_1_726' title='bbox 1217 1723 1470 1761; x_wconf 73' lang='lat' dir='ltr'><em>mortificantur,</em></span> <span class='ocrx_word' id='word_1_727' title='bbox 1499 1725 1532 1757; x_wconf 77' lang='grc' dir='ltr'><em>δε</em></span> <span class='ocrx_word' id='word_1_728' title='bbox 1546 1724 1732 1766; x_wconf 81' lang='lat' dir='ltr'><em>saginantur</em></span> <span class='ocrx_word' id='word_1_729' title='bbox 1744 1725 1935 1759; x_wconf 84' lang='lat' dir='ltr'><em>virtutibus:</em></span> <span class='ocrx_word' id='word_1_730' title='bbox 1952 1737 2036 1759; x_wconf 82' lang='lat' dir='ltr'><em>mor-</em></span> 
     </span>
     <span class='ocr_line' id='line_1_103' title="bbox 1152 1772 2036 1817; baseline 0.006 -12"><span class='ocrx_word' id='word_1_731' title='bbox 1152 1772 1267 1805; x_wconf 82' lang='lat' dir='ltr'><em>tificati</em></span> <span class='ocrx_word' id='word_1_732' title='bbox 1296 1783 1332 1804; x_wconf 85' lang='lat' dir='ltr'><em>ac</em></span> <span class='ocrx_word' id='word_1_733' title='bbox 1353 1773 1491 1817; x_wconf 84' lang='lat' dir='ltr'><em>saginati</em></span> <span class='ocrx_word' id='word_1_734' title='bbox 1504 1773 1700 1808; x_wconf 82' lang='lat' dir='ltr'><em>emittuntur</em></span> <span class='ocrx_word' id='word_1_735' title='bbox 1722 1774 1753 1806; x_wconf 90' lang='lat' dir='ltr'><em>in</em></span> <span class='ocrx_word' id='word_1_736' title='bbox 1766 1773 1962 1815; x_wconf 85' lang='lat' dir='ltr'><em>Parochias,</em></span> <span class='ocrx_word' id='word_1_737' title='bbox 1987 1777 2036 1810; x_wconf 82' lang='lat' dir='ltr'><em>fu·</em></span> 
     </span>
     <span class='ocr_line' id='line_1_104' title="bbox 1152 1819 2036 1869; baseline 0.006 -15"><span class='ocrx_word' id='word_1_738' title='bbox 1152 1820 1215 1856; x_wconf 85' lang='lat' dir='ltr'><em>ruri</em></span> <span class='ocrx_word' id='word_1_739' title='bbox 1231 1819 1359 1856; x_wconf 80' lang='lat' dir='ltr'><em>Arietes</em></span> <span class='ocrx_word' id='word_1_740' title='bbox 1379 1833 1513 1866; x_wconf 84' lang='lat' dir='ltr'><em>gregum</em></span> <span class='ocrx_word' id='word_1_741' title='bbox 1527 1824 1636 1856; x_wconf 87' lang='lat' dir='ltr'><em>Duces</em></span> <span class='ocrx_word' id='word_1_742' title='bbox 1647 1848 1654 1855; x_wconf 92' lang='lat'>.</span> <span class='ocrx_word' id='word_1_743' title='bbox 1683 1823 1725 1857; x_wconf 92' lang='lat' dir='ltr'><em>Et</em></span> <span class='ocrx_word' id='word_1_744' title='bbox 1738 1825 1820 1858; x_wconf 84' lang='lat' dir='ltr'><em>fiunt</em></span> <span class='ocrx_word' id='word_1_745' title='bbox 1835 1823 1934 1869; x_wconf 71' lang='lat' dir='ltr'><em>longe</em></span> <span class='ocrx_word' id='word_1_746' title='bbox 1950 1828 2036 1868; x_wconf 86' lang='lat' dir='ltr'><em>opti-</em></span> 
     </span>
     <span class='ocr_line' id='line_1_105' title="bbox 1153 1870 2036 1918; baseline 0.006 -14"><span class='ocrx_word' id='word_1_747' title='bbox 1153 1870 1214 1904; x_wconf 89' lang='lat' dir='ltr'><em>mi.</em></span> <span class='ocrx_word' id='word_1_748' title='bbox 1243 1870 1291 1904; x_wconf 86' lang='lat' dir='ltr'><em>Ita</em></span> <span class='ocrx_word' id='word_1_749' title='bbox 1309 1872 1435 1906; x_wconf 89' lang='lat' dir='ltr'><em>faciunt</em></span> <span class='ocrx_word' id='word_1_750' title='bbox 1447 1874 1628 1906; x_wconf 88' lang='lat' dir='ltr'><em>etiamnum</em></span> <span class='ocrx_word' id='word_1_751' title='bbox 1641 1883 1756 1907; x_wconf 82' lang='lat' dir='ltr'><em>ornnes</em></span> <span class='ocrx_word' id='word_1_752' title='bbox 1770 1873 1947 1918; x_wconf 85' lang='lat' dir='ltr'><em>Regulares</em></span> <span class='ocrx_word' id='word_1_753' title='bbox 1960 1875 2036 1909; x_wconf 84' lang='lat' dir='ltr'><em>Cle-</em></span> 
     </span>
     <span class='ocr_line' id='line_1_106' title="bbox 1152 1921 2036 1963; baseline 0.006 -8"><span class='ocrx_word' id='word_1_754' title='bbox 1152 1921 1208 1955; x_wconf 83' lang='lat' dir='ltr'><em>rici</em></span> <span class='ocrx_word' id='word_1_755' title='bbox 1222 1944 1232 1960; x_wconf 91' lang='lat'><strong>,</strong></span> <span class='ocrx_word' id='word_1_756' title='bbox 1261 1921 1432 1963; x_wconf 84' lang='lat' dir='ltr'><em>praesertim</em></span> <span class='ocrx_word' id='word_1_757' title='bbox 1445 1921 1763 1957; x_wconf 71' lang='lat' dir='ltr'><em>praemonstratenses</em></span> <span class='ocrx_word' id='word_1_758' title='bbox 1775 1948 1782 1956; x_wconf 90' lang='lat'><em>.</em></span> <span class='ocrx_word' id='word_1_759' title='bbox 1802 1927 1946 1959; x_wconf 86' lang='lat' dir='ltr'><em>Omnem</em></span> <span class='ocrx_word' id='word_1_760' title='bbox 1960 1925 2036 1960; x_wconf 81' lang='lat' dir='ltr'><em>Cle-</em></span> 
     </span>
     <span class='ocr_line' id='line_1_107' title="bbox 1152 1972 2033 2018; baseline 0.007 -15"><span class='ocrx_word' id='word_1_761' title='bbox 1152 1982 1223 2005; x_wconf 90' lang='lat' dir='ltr'><em>rum</em></span> <span class='ocrx_word' id='word_1_762' title='bbox 1245 1981 1326 2014; x_wconf 89' lang='lat' dir='ltr'><em>opto</em></span> <span class='ocrx_word' id='word_1_763' title='bbox 1338 1972 1480 2015; x_wconf 81' lang='lat' dir='ltr'><em>effeipfis</em></span> <span class='ocrx_word' id='word_1_764' title='bbox 1493 1973 1644 2006; x_wconf 73' lang='lat' dir='ltr'><em>similem.</em></span> <span class='ocrx_word' id='word_1_765' title='bbox 1675 1975 1766 2016; x_wconf 89' lang='lat' dir='ltr'><em>Opto</em></span> <span class='ocrx_word' id='word_1_766' title='bbox 1777 1986 1851 2008; x_wconf 89' lang='lat' dir='ltr'><em>cum</em></span> <span class='ocrx_word' id='word_1_767' title='bbox 1867 1976 1894 2008; x_wconf 92' lang='lat' dir='ltr'><em>S.</em></span> <span class='ocrx_word' id='word_1_768' title='bbox 1909 1975 2010 2009; x_wconf 77' lang='lat' dir='ltr'><em>ivone</em></span> <span class='ocrx_word' id='word_1_769' title='bbox 2021 2001 2033 2018; x_wconf 91' lang='lat'>,</span> 
     </span>
     <span class='ocr_line' id='line_1_108' title="bbox 1150 2020 2034 2069; baseline 0.006 -14"><span class='ocrx_word' id='word_1_770' title='bbox 1150 2021 1183 2055; x_wconf 87' lang='lat'>&amp;</span> <span class='ocrx_word' id='word_1_771' title='bbox 1204 2020 1318 2055; x_wconf 83' lang='lat' dir='ltr'><em>multis</em></span> <span class='ocrx_word' id='word_1_772' title='bbox 1339 2022 1411 2055; x_wconf 81' lang='lat' dir='ltr'><em>aliis</em></span> <span class='ocrx_word' id='word_1_773' title='bbox 1434 2022 1581 2058; x_wconf 79' lang='lat' dir='ltr'><em>Ecclefiae</em></span> <span class='ocrx_word' id='word_1_774' title='bbox 1603 2023 1792 2062; x_wconf 79' lang='lat' dir='ltr'><em>columnis,</em></span> <span class='ocrx_word' id='word_1_775' title='bbox 1818 2036 1955 2069; x_wconf 85' lang='lat' dir='ltr'><em>quarum</em></span> <span class='ocrx_word' id='word_1_776' title='bbox 1977 2027 2034 2060; x_wconf 88' lang='lat' dir='ltr'><em>ali-</em></span> 
     </span>
     <span class='ocr_line' id='line_1_109' title="bbox 1151 2071 1600 2117; baseline 0.002 -13"><span class='ocrx_word' id='word_1_777' title='bbox 1151 2082 1231 2117; x_wconf 87' lang='lat' dir='ltr'><em>quas</em></span> <span class='ocrx_word' id='word_1_778' title='bbox 1253 2071 1398 2108; x_wconf 82' lang='lat' dir='ltr'><em>laudavit</em></span> <span class='ocrx_word' id='word_1_779' title='bbox 1425 2071 1600 2105; x_wconf 75' lang='lat' dir='ltr'><em>Exhibitto.</em></span> 
     </span>
    </p>

    <p class='ocr_par' dir='ltr' id='par_1_10' title="bbox 1140 2120 2034 3061">
     <span class='ocr_line' id='line_1_110' title="bbox 1199 2120 2033 2165; baseline 0.01 -11"><span class='ocrx_word' id='word_1_780' title='bbox 1199 2120 1343 2155; x_wconf 74' lang='lat' dir='ltr'><em>Proinde</em></span> <span class='ocrx_word' id='word_1_781' title='bbox 1358 2123 1573 2165; x_wconf 77' lang='lat' dir='ltr'><em>Demonstrator</em></span> <span class='ocrx_word' id='word_1_782' title='bbox 1594 2123 1732 2158; x_wconf 88' lang='lat' dir='ltr'><em>debebat</em></span> <span class='ocrx_word' id='word_1_783' title='bbox 1746 2124 1829 2158; x_wconf 87' lang='lat' dir='ltr'><em>inter</em></span> <span class='ocrx_word' id='word_1_784' title='bbox 1841 2125 2033 2162; x_wconf 79' lang='lat' dir='ltr'><em>Monachos</em></span> 
     </span>
     <span class='ocr_line' id='line_1_111' title="bbox 1151 2171 2034 2219; baseline 0.007 -15"><span class='ocrx_word' id='word_1_785' title='bbox 1151 2171 1184 2204; x_wconf 75' lang='grc' dir='ltr'><em>ὅ(</em></span> <span class='ocrx_word' id='word_1_786' title='bbox 1207 2171 1386 2214; x_wconf 85' lang='lat' dir='ltr'><em>Regulares</em></span> <span class='ocrx_word' id='word_1_787' title='bbox 1399 2173 1546 2207; x_wconf 88' lang='lat' dir='ltr'><em>Clericos</em></span> <span class='ocrx_word' id='word_1_788' title='bbox 1558 2172 1736 2208; x_wconf 85' lang='lat' dir='ltr'><em>discernere</em></span> <span class='ocrx_word' id='word_1_789' title='bbox 1750 2199 1757 2206; x_wconf 91' lang='lat'><strong>.</strong></span> <span class='ocrx_word' id='word_1_790' title='bbox 1785 2175 1839 2208; x_wconf 81' lang='lat' dir='ltr'><em>mi</em></span> <span class='ocrx_word' id='word_1_791' title='bbox 1862 2175 1902 2208; x_wconf 87' lang='lat' dir='ltr'><em>ad</em></span> <span class='ocrx_word' id='word_1_792' title='bbox 1924 2188 2034 2219; x_wconf 88' lang='lat' dir='ltr'><em>perpe·</em></span> 
     </span>
     <span class='ocr_line' id='line_1_112' title="bbox 1151 2221 2032 2265; baseline 0.006 -10"><span class='ocrx_word' id='word_1_793' title='bbox 1151 2231 1244 2255; x_wconf 88' lang='lat' dir='ltr'><em>tuum</em></span> <span class='ocrx_word' id='word_1_794' title='bbox 1258 2221 1443 2256; x_wconf 84' lang='lat' dir='ltr'><em>Claustrum</em></span> <span class='ocrx_word' id='word_1_795' title='bbox 1456 2247 1465 2265; x_wconf 87' lang='lat'>,</span> <span class='ocrx_word' id='word_1_796' title='bbox 1492 2222 1525 2258; x_wconf 90' lang='lat' dir='ltr'><em>hi</em></span> <span class='ocrx_word' id='word_1_797' title='bbox 1537 2223 1717 2258; x_wconf 73' lang='lat' dir='ltr'><em>educantur</em></span> <span class='ocrx_word' id='word_1_798' title='bbox 1729 2225 1770 2258; x_wconf 93' lang='lat' dir='ltr'><em>ad</em></span> <span class='ocrx_word' id='word_1_799' title='bbox 1784 2225 1932 2258; x_wconf 82' lang='lat' dir='ltr'><em>Ecclefiae</em></span> <span class='ocrx_word' id='word_1_800' title='bbox 1950 2225 2032 2260; x_wconf 86' lang='lat' dir='ltr'><em>Prae-</em></span> 
     </span>
     <span class='ocr_line' id='line_1_113' title="bbox 1150 2272 2030 2312; baseline 0.005 -7"><span class='ocrx_word' id='word_1_801' title='bbox 1150 2273 1302 2305; x_wconf 62' lang='lat' dir='ltr'><em>secturam</em></span> <span class='ocrx_word' id='word_1_802' title='bbox 1317 2296 1328 2312; x_wconf 89' lang='lat'><strong>,</strong></span> <span class='ocrx_word' id='word_1_803' title='bbox 1354 2273 1387 2306; x_wconf 92' lang='lat'>&amp;</span> <span class='ocrx_word' id='word_1_804' title='bbox 1405 2284 1513 2307; x_wconf 86' lang='lat' dir='ltr'><em>curam</em></span> <span class='ocrx_word' id='word_1_805' title='bbox 1528 2274 1711 2308; x_wconf 81' lang='lat' dir='ltr'><em>animarum</em></span> <span class='ocrx_word' id='word_1_806' title='bbox 1725 2298 1732 2305; x_wconf 91' lang='lat'>.</span> <span class='ocrx_word' id='word_1_807' title='bbox 1763 2272 1907 2308; x_wconf 86' lang='lat' dir='ltr'><em>Utinam</em></span> <span class='ocrx_word' id='word_1_808' title='bbox 1921 2275 2030 2310; x_wconf 87' lang='lat' dir='ltr'><em>Eccle-</em></span> 
     </span>
     <span class='ocr_line' id='line_1_114' title="bbox 1150 2322 2027 2365; baseline 0.006 -11"><span class='ocrx_word' id='word_1_809' title='bbox 1150 2323 1200 2354; x_wconf 84' lang='lat' dir='ltr'><em>siae</em></span> <span class='ocrx_word' id='word_1_810' title='bbox 1222 2322 1281 2354; x_wconf 64' lang='lat' dir='ltr'><em>sint</em></span> <span class='ocrx_word' id='word_1_811' title='bbox 1294 2322 1434 2365; x_wconf 83' lang='lat' dir='ltr'><em>ipsorum</em></span> <span class='ocrx_word' id='word_1_812' title='bbox 1444 2323 1583 2365; x_wconf 81' lang='lat' dir='ltr'><em>plurima</em></span> <span class='ocrx_word' id='word_1_813' title='bbox 1597 2324 1715 2357; x_wconf 82' lang='lat' dir='ltr'><em>millia!</em></span> <span class='ocrx_word' id='word_1_814' title='bbox 1749 2323 1904 2357; x_wconf 84' lang='lat' dir='ltr'><em>Attamen</em></span> <span class='ocrx_word' id='word_1_815' title='bbox 1914 2336 2027 2360; x_wconf 86' lang='lat' dir='ltr'><em>eorum</em></span> 
     </span>
     <span class='ocr_line' id='line_1_115' title="bbox 1151 2371 2028 2415; baseline 0.003 -10"><span class='ocrx_word' id='word_1_816' title='bbox 1151 2371 1276 2405; x_wconf 67' lang='lat' dir='ltr'><em>Praelati</em></span> <span class='ocrx_word' id='word_1_817' title='bbox 1293 2373 1327 2404; x_wconf 93' lang='lat' dir='ltr'><em>in</em></span> <span class='ocrx_word' id='word_1_818' title='bbox 1347 2372 1528 2415; x_wconf 79' lang='lat' dir='ltr'><em>dirigendis</em></span> <span class='ocrx_word' id='word_1_819' title='bbox 1541 2372 1580 2406; x_wconf 78' lang='lat' dir='ltr'><em>ad</em></span> <span class='ocrx_word' id='word_1_820' title='bbox 1594 2372 1767 2407; x_wconf 85' lang='lat' dir='ltr'><em>Parochias</em></span> <span class='ocrx_word' id='word_1_821' title='bbox 1780 2374 1840 2406; x_wconf 85' lang='lat' dir='ltr'><em>suis</em></span> <span class='ocrx_word' id='word_1_822' title='bbox 1858 2375 1934 2408; x_wconf 71' lang='lat' dir='ltr'><em>filiis</em></span> <span class='ocrx_word' id='word_1_823' title='bbox 1946 2397 1956 2412; x_wconf 86' lang='lat'>‚</span> <span class='ocrx_word' id='word_1_824' title='bbox 1980 2375 2028 2408; x_wconf 84' lang='lat' dir='ltr'><em>di-</em></span> 
     </span>
     <span class='ocr_line' id='line_1_116' title="bbox 1148 2422 2028 2467; baseline 0.003 -12"><span class='ocrx_word' id='word_1_825' title='bbox 1148 2432 1291 2465; x_wconf 84' lang='lat' dir='ltr'><em>gnentur</em></span> <span class='ocrx_word' id='word_1_826' title='bbox 1303 2422 1391 2465; x_wconf 88' lang='lat' dir='ltr'><em>sequi</em></span> <span class='ocrx_word' id='word_1_827' title='bbox 1405 2422 1567 2465; x_wconf 68' lang='lat' dir='ltr'><em>Regulam</em></span> <span class='ocrx_word' id='word_1_828' title='bbox 1582 2446 1592 2460; x_wconf 94' lang='lat'>,</span> <span class='ocrx_word' id='word_1_829' title='bbox 1620 2424 1651 2456; x_wconf 90' lang='lat' dir='ltr'><em>in</em></span> <span class='ocrx_word' id='word_1_830' title='bbox 1667 2422 1794 2456; x_wconf 80' lang='lat' dir='ltr'><em>laudata</em></span> <span class='ocrx_word' id='word_1_831' title='bbox 1808 2423 1941 2465; x_wconf 76' lang='lat' dir='ltr'><em>epistola</em></span> <span class='ocrx_word' id='word_1_832' title='bbox 1954 2435 2028 2467; x_wconf 69' lang='lat' dir='ltr'><em>prax-</em></span> 
     </span>
     <span class='ocr_line' id='line_1_117' title="bbox 1150 2471 2027 2517; baseline 0.002 -12"><span class='ocrx_word' id='word_1_833' title='bbox 1150 2473 1298 2513; x_wconf 86' lang='lat' dir='ltr'><em>scriptam</em></span> <span class='ocrx_word' id='word_1_834' title='bbox 1314 2472 1330 2503; x_wconf 73' lang='grc' dir='ltr'>ὲ</span> <span class='ocrx_word' id='word_1_835' title='bbox 1353 2471 1382 2504; x_wconf 91' lang='lat' dir='ltr'><em>S.</em></span> <span class='ocrx_word' id='word_1_836' title='bbox 1396 2471 1517 2505; x_wconf 83' lang='lat' dir='ltr'><em>lvone:</em></span> <span class='ocrx_word' id='word_1_837' title='bbox 1545 2473 1649 2504; x_wconf 82' lang='lat' dir='ltr'><em>Clerici</em></span> <span class='ocrx_word' id='word_1_838' title='bbox 1671 2473 1827 2514; x_wconf 83' lang='lat' dir='ltr'><em>Regulares</em></span> <span class='ocrx_word' id='word_1_839' title='bbox 1855 2472 1895 2505; x_wconf 83' lang='lat' dir='ltr'><em>ab</em></span> <span class='ocrx_word' id='word_1_840' title='bbox 1905 2473 1956 2505; x_wconf 85' lang='lat' dir='ltr'><em>hoc</em></span> <span class='ocrx_word' id='word_1_841' title='bbox 1969 2486 2027 2517; x_wconf 83' lang='lat' dir='ltr'><em>pa-</em></span> 
     </span>
     <span class='ocr_line' id='line_1_118' title="bbox 1149 2519 2026 2563; baseline 0.002 -9"><span class='ocrx_word' id='word_1_842' title='bbox 1149 2519 1300 2554; x_wconf 79' lang='lat' dir='ltr'><em>rochialis</em></span> <span class='ocrx_word' id='word_1_843' title='bbox 1321 2520 1512 2554; x_wconf 68' lang='lat' dir='ltr'><em>PraeFessurae</em></span> <span class='ocrx_word' id='word_1_844' title='bbox 1534 2522 1620 2562; x_wconf 86' lang='lat' dir='ltr'><em>officio</em></span> <span class='ocrx_word' id='word_1_845' title='bbox 1642 2533 1692 2554; x_wconf 83' lang='lat' dir='ltr'><em>nec</em></span> <span class='ocrx_word' id='word_1_846' title='bbox 1710 2527 1831 2563; x_wconf 79' lang='lat' dir='ltr'><em>penitus</em></span> <span class='ocrx_word' id='word_1_847' title='bbox 1847 2521 1920 2563; x_wconf 86' lang='lat' dir='ltr'><em>sunt</em></span> <span class='ocrx_word' id='word_1_848' title='bbox 1938 2535 2026 2556; x_wconf 85' lang='lat' dir='ltr'><em>remo-</em></span> 
     </span>
     <span class='ocr_line' id='line_1_119' title="bbox 1148 2568 2024 2613; baseline 0.003 -8"><span class='ocrx_word' id='word_1_849' title='bbox 1148 2572 1263 2611; x_wconf 79' lang='lat' dir='ltr'><em>vendi,</em></span> <span class='ocrx_word' id='word_1_850' title='bbox 1293 2582 1342 2603; x_wconf 81' lang='lat' dir='ltr'><em>nec</em></span> <span class='ocrx_word' id='word_1_851' title='bbox 1353 2568 1510 2612; x_wconf 71' lang='lat' dir='ltr'><em>indiscrete</em></span> <span class='ocrx_word' id='word_1_852' title='bbox 1531 2572 1731 2605; x_wconf 83' lang='lat' dir='ltr'><em>admovendi.</em></span> <span class='ocrx_word' id='word_1_853' title='bbox 1758 2576 1845 2604; x_wconf 86' lang='lat' dir='ltr'><em>Nam</em></span> <span class='ocrx_word' id='word_1_854' title='bbox 1863 2571 1892 2612; x_wconf 80' lang='lat' dir='ltr'><em>fi</em></span> <span class='ocrx_word' id='word_1_855' title='bbox 1903 2580 2024 2613; x_wconf 83' lang='lat' dir='ltr'><em>penitus</em></span> 
     </span>
     <span class='ocr_line' id='line_1_120' title="bbox 1146 2622 2023 2665; baseline 0.002 -11"><span class='ocrx_word' id='word_1_856' title='bbox 1146 2630 1352 2659; x_wconf 78' lang='lat' dir='ltr'><em>removentur,</em></span> <span class='ocrx_word' id='word_1_857' title='bbox 1379 2625 1524 2653; x_wconf 79' lang='lat' dir='ltr'><em>canonico</em></span> <span class='ocrx_word' id='word_1_858' title='bbox 1549 2623 1659 2654; x_wconf 76' lang='lat' dir='ltr'><em>ordini</em></span> <span class='ocrx_word' id='word_1_859' title='bbox 1675 2624 1802 2664; x_wconf 82' lang='lat' dir='ltr'><em>indigna</em></span> <span class='ocrx_word' id='word_1_860' title='bbox 1822 2622 1861 2664; x_wconf 85' lang='lat' dir='ltr'><em>fit</em></span> <span class='ocrx_word' id='word_1_861' title='bbox 1872 2625 1986 2663; x_wconf 80' lang='lat' dir='ltr'><em>injuria</em></span> <span class='ocrx_word' id='word_1_862' title='bbox 2012 2649 2023 2665; x_wconf 91' lang='lat'><strong>,</strong></span> 
     </span>
     <span class='ocr_line' id='line_1_121' title="bbox 1145 2668 2022 2713; baseline 0.002 -10"><span class='ocrx_word' id='word_1_863' title='bbox 1145 2677 1191 2704; x_wconf 84' lang='lat' dir='ltr'><em>cui</em></span> <span class='ocrx_word' id='word_1_864' title='bbox 1215 2668 1436 2712; x_wconf 69' lang='lat' dir='ltr'><em>tantosecuriur</em></span> <span class='ocrx_word' id='word_1_865' title='bbox 1449 2669 1486 2708; x_wconf 81' lang='lat' dir='ltr'><em>est</em></span> <span class='ocrx_word' id='word_1_866' title='bbox 1495 2672 1645 2703; x_wconf 84' lang='lat' dir='ltr'><em>credenda</em></span> <span class='ocrx_word' id='word_1_867' title='bbox 1658 2672 1791 2704; x_wconf 67' lang='lat' dir='ltr'><em>correllio</em></span> <span class='ocrx_word' id='word_1_868' title='bbox 1806 2677 1879 2705; x_wconf 56' lang='lat' dir='ltr'><em>vitre</em></span> <span class='ocrx_word' id='word_1_869' title='bbox 1892 2675 2001 2706; x_wconf 83' lang='lat' dir='ltr'><em>alienae</em></span> <span class='ocrx_word' id='word_1_870' title='bbox 2010 2698 2022 2713; x_wconf 91' lang='lat'>,</span> 
     </span>
     <span class='ocr_line' id='line_1_122' title="bbox 1146 2720 2027 2763; baseline 0.003 -11"><span class='ocrx_word' id='word_1_871' title='bbox 1146 2723 1259 2763; x_wconf 65' lang='lat' dir='ltr'><em>quanto</em></span> <span class='ocrx_word' id='word_1_872' title='bbox 1272 2721 1414 2759; x_wconf 84' lang='lat' dir='ltr'><em>majorem</em></span> <span class='ocrx_word' id='word_1_873' title='bbox 1430 2720 1622 2763; x_wconf 80' lang='lat' dir='ltr'><em>diligentiam</em></span> <span class='ocrx_word' id='word_1_874' title='bbox 1636 2721 1769 2753; x_wconf 82' lang='lat' dir='ltr'><em>adhibuit</em></span> <span class='ocrx_word' id='word_1_875' title='bbox 1780 2727 1855 2754; x_wconf 78' lang='lat' dir='ltr'><em>vitae</em></span> <span class='ocrx_word' id='word_1_876' title='bbox 1862 2720 1926 2762; x_wconf 83' lang='lat' dir='ltr'><em>suae</em></span> <span class='ocrx_word' id='word_1_877' title='bbox 1936 2728 2027 2755; x_wconf 71' lang='lat' dir='ltr'><em>corri-</em></span> 
     </span>
     <span class='ocr_line' id='line_1_123' title="bbox 1140 2768 2020 2816; baseline 0 -13"><span class='ocrx_word' id='word_1_878' title='bbox 1140 2772 1266 2816; x_wconf 81' lang='lat' dir='ltr'><em>gendae.</em></span> <span class='ocrx_word' id='word_1_879' title='bbox 1295 2771 1326 2803; x_wconf 74' lang='lat' dir='ltr'><em>Si</em></span> <span class='ocrx_word' id='word_1_880' title='bbox 1348 2773 1417 2805; x_wconf 65' lang='lat' dir='ltr'><em>verb</em></span> <span class='ocrx_word' id='word_1_881' title='bbox 1439 2768 1595 2812; x_wconf 60' lang='lat' dir='ltr'><em>indiscrete</em></span> <span class='ocrx_word' id='word_1_882' title='bbox 1607 2771 1803 2814; x_wconf 78' lang='lat' dir='ltr'><em>Regulari‘bus</em></span> <span class='ocrx_word' id='word_1_883' title='bbox 1827 2771 1948 2804; x_wconf 84' lang='lat' dir='ltr'><em>Clericis</em></span> <span class='ocrx_word' id='word_1_884' title='bbox 1969 2772 2020 2805; x_wconf 84' lang='lat' dir='ltr'><em>hoc</em></span> 
     </span>
     <span class='ocr_line' id='line_1_124' title="bbox 1144 2818 2020 2863; baseline 0.002 -11"><span class='ocrx_word' id='word_1_885' title='bbox 1144 2831 1214 2852; x_wconf 88' lang='lat' dir='ltr'><em>onus</em></span> <span class='ocrx_word' id='word_1_886' title='bbox 1238 2825 1419 2860; x_wconf 79' lang='lat' dir='ltr'><em>imponitur,</em></span> <span class='ocrx_word' id='word_1_887' title='bbox 1447 2826 1479 2853; x_wconf 84' lang='lat' dir='ltr'><em>in</em></span> <span class='ocrx_word' id='word_1_888' title='bbox 1494 2818 1669 2862; x_wconf 80' lang='lat' dir='ltr'><em>quibusdam</em></span> <span class='ocrx_word' id='word_1_889' title='bbox 1681 2819 1873 2859; x_wconf 73' lang='lat' dir='ltr'><em>Ecclesiastico</em></span> <span class='ocrx_word' id='word_1_890' title='bbox 1895 2821 2020 2863; x_wconf 69' lang='lat' dir='ltr'><em>discipli-</em></span> 
     </span>
     <span class='ocr_line' id='line_1_125' title="bbox 1144 2868 2019 2916; baseline 0.003 -14"><span class='ocrx_word' id='word_1_891' title='bbox 1144 2868 1370 2916; x_wconf 48' lang='lat' dir='ltr'><em>nafrangttum</em></span> <span class='ocrx_word' id='word_1_892' title='bbox 1396 2872 1430 2904; x_wconf 70' lang='grc'><em>(9·</em></span> <span class='ocrx_word' id='word_1_893' title='bbox 1441 2870 1498 2911; x_wconf 79' lang='lat' dir='ltr'><em>ips</em></span> <span class='ocrx_word' id='word_1_894' title='bbox 1502 2869 1616 2911; x_wconf 84' lang='lat' dir='ltr'><em>fratres</em></span> <span class='ocrx_word' id='word_1_895' title='bbox 1630 2894 1640 2909; x_wconf 87' lang='lat'>,</span> <span class='ocrx_word' id='word_1_896' title='bbox 1667 2875 1756 2911; x_wconf 82' lang='lat' dir='ltr'><em>quiin</em></span> <span class='ocrx_word' id='word_1_897' title='bbox 1769 2871 1931 2911; x_wconf 70' lang='lat' dir='ltr'><em>claustris,</em></span> <span class='ocrx_word' id='word_1_898' title='bbox 1942 2882 2019 2904; x_wconf 81' lang='lat' dir='ltr'><em>tam</em></span> 
     </span>
     <span class='ocr_line' id='line_1_126' title="bbox 1126 2919 2019 2982; baseline 0.002 -31.039"><span class='ocrx_word' id='word_1_899' title='bbox 1126 2931 1232 2982; x_wconf 80' lang='lat' dir='ltr'><em>quam</em></span> <span class='ocrx_word' id='word_1_900' title='bbox 1253 2927 1285 2951; x_wconf 89' lang='lat' dir='ltr'><em>in</em></span> <span class='ocrx_word' id='word_1_901' title='bbox 1303 2920 1404 2956; x_wconf 66' lang='lat' dir='ltr'><em>caffris</em></span> <span class='ocrx_word' id='word_1_902' title='bbox 1429 2943 1439 2958; x_wconf 92' lang='lat'>‚</span> <span class='ocrx_word' id='word_1_903' title='bbox 1465 2929 1565 2952; x_wconf 86' lang='lat' dir='ltr'><em>contra</em></span> <span class='ocrx_word' id='word_1_904' title='bbox 1586 2928 1751 2952; x_wconf 73' lang='lat' dir='ltr'><em>tentatorer</em></span> <span class='ocrx_word' id='word_1_905' title='bbox 1765 2919 2019 2963; x_wconf 82' lang='lat' dir='ltr'><em>fortiterstabant</em></span> 
     </span>
     <span class='ocr_line' id='line_1_127' title="bbox 1126 2961 2018 3013; baseline -0.001 -8.981"><span class='ocrx_word' id='word_1_906' title='bbox 1126 2961 1177 3004; x_wconf 71' lang='lat' dir='ltr'><em>i&amp;</em></span> <span class='ocrx_word' id='word_1_907' title='bbox 1199 2968 1380 3011; x_wconf 86' lang='lat' dir='ltr'><em>vincebant,</em></span> <span class='ocrx_word' id='word_1_908' title='bbox 1406 2981 1470 3003; x_wconf 87' lang='lat' dir='ltr'><em>cum</em></span> <span class='ocrx_word' id='word_1_909' title='bbox 1488 2967 1543 3010; x_wconf 84' lang='lat' dir='ltr'><em>soli</em></span> <span class='ocrx_word' id='word_1_910' title='bbox 1564 2971 1608 3000; x_wconf 83' lang='lat' dir='ltr'><em>ad</em></span> <span class='ocrx_word' id='word_1_911' title='bbox 1626 2979 1759 3013; x_wconf 79' lang='lat' dir='ltr'><em>pugnam</em></span> <span class='ocrx_word' id='word_1_912' title='bbox 1778 2972 1959 3012; x_wconf 81' lang='lat' dir='ltr'><em>prodeunt,</em></span> <span class='ocrx_word' id='word_1_913' title='bbox 1986 2976 2018 3004; x_wconf 83' lang='lat' dir='ltr'><em>in</em></span> 
     </span>
     <span class='ocr_line' id='line_1_128' title="bbox 1126 3017 2021 3064; baseline 0.001 -11.017"><span class='ocrx_word' id='word_1_914' title='bbox 1126 3020 1352 3064; x_wconf 80' lang='lat' dir='ltr'><em>tentationibus</em></span> <span class='ocrx_word' id='word_1_915' title='bbox 1374 3020 1468 3061; x_wconf 72' lang='lat' dir='ltr'><em>facile</em></span> <span class='ocrx_word' id='word_1_916' title='bbox 1475 3017 1673 3061; x_wconf 82' lang='lat' dir='ltr'><em>superantur</em></span> <span class='ocrx_word' id='word_1_917' title='bbox 1705 3020 1862 3054; x_wconf 83' lang='lat' dir='ltr'><em>Emittere</em></span> <span class='ocrx_word' id='word_1_918' title='bbox 1887 3032 1952 3054; x_wconf 90' lang='lat' dir='ltr'><em>non</em></span> <span class='ocrx_word' id='word_1_919' title='bbox 1967 3021 2021 3054; x_wconf 89' lang='lat' dir='ltr'><em>de-</em></span> 
     </span>
    </p>
   </div>
   <div class='ocr_carea' id='block_1_6' title="bbox 1125 3069 2022 3166">
    <p class='ocr_par' dir='ltr' id='par_1_11' title="bbox 1125 3069 2022 3166">
     <span class='ocr_line' id='line_1_129' title="bbox 1126 3069 2022 3116; baseline -0.002 -10"><span class='ocrx_word' id='word_1_920' title='bbox 1126 3071 1241 3112; x_wconf 76' lang='lat' dir='ltr'><em>benc,</em></span> <span class='ocrx_word' id='word_1_921' title='bbox 1270 3069 1328 3103; x_wconf 86' lang='lat' dir='ltr'><em>nifi</em></span> <span class='ocrx_word' id='word_1_922' title='bbox 1344 3069 1430 3103; x_wconf 88' lang='lat' dir='ltr'><em>vitiis</em></span> <span class='ocrx_word' id='word_1_923' title='bbox 1442 3069 1655 3103; x_wconf 70' lang='lat' dir='ltr'><em>mortificatos</em></span> <span class='ocrx_word' id='word_1_924' title='bbox 1668 3093 1678 3110; x_wconf 90' lang='lat'>‚</span> <span class='ocrx_word' id='word_1_925' title='bbox 1706 3070 1882 3105; x_wconf 79' lang='lat' dir='ltr'><em>virtutibus</em></span> <span class='ocrx_word' id='word_1_926' title='bbox 1896 3071 2022 3116; x_wconf 77' lang='lat' dir='ltr'><em>sagina-</em></span> 
     </span>
     <span class='ocr_line' id='line_1_130' title="bbox 1125 3129 1509 3166; baseline -0.008 -10"><span class='ocrx_word' id='word_1_927' title='bbox 1125 3161 1127 3163; x_wconf 42' lang='lat'><em>,</em></span> <span class='ocrx_word' id='word_1_928' title='bbox 1141 3131 1193 3159; x_wconf 81' lang='lat' dir='ltr'><em>tos</em></span> <span class='ocrx_word' id='word_1_929' title='bbox 1203 3144 1213 3164; x_wconf 82' lang='lat'>,</span> <span class='ocrx_word' id='word_1_930' title='bbox 1240 3131 1338 3166; x_wconf 81' lang='lat' dir='ltr'><em>atque</em></span> <span class='ocrx_word' id='word_1_931' title='bbox 1350 3129 1490 3155; x_wconf 80' lang='lat' dir='ltr'><em>armatos</em></span> <span class='ocrx_word' id='word_1_932' title='bbox 1501 3144 1509 3153; x_wconf 86' lang='lat'><strong>.</strong></span> 
     </span>
    </p>
   </div>
   <div class='ocr_carea' id='block_1_7' title="bbox 1877 3440 1983 3502">
    <p class='ocr_par' dir='ltr' id='par_1_12' title="bbox 1877 3440 1983 3502">
     <span class='ocr_line' id='line_1_131' title="bbox 1877 3440 1983 3502; baseline -0.019 0"><span class='ocrx_word' id='word_1_933' title='bbox 1877 3440 1915 3502; x_wconf 75' lang='grc' dir='ltr'><em>ε’</em></span> <span class='ocrx_word' id='word_1_934' title='bbox 1932 3463 1983 3500; x_wconf 82' lang='lat' dir='ltr'><em>A·</em></span> 
     </span>
    </p>
   </div>
  </div>
 </body>
</html>
