2366 3736
47 1125 131 1211 ἐφ’
149 1177 206 1214 ,391
222 1130 317 1167 addit
347 1130 382 1164 in
417 1130 715 1165 Ecclesiasticorum
736 1131 935 1175 Scriptorum
959 1132 1109 1176 catalogo

627 162 720 192 AD
789 147 1268 193 HENchum
1338 142 1648 190 Nouis.

55 231 198 279 A·1254-
219 234 410 277 Symmissa:
439 237 588 268 Martinus
601 234 771 273 Lucrinus,
800 233 954 279 Theologus
975 231 1096 275 consum-

218 294 318 317 matus
330 309 341 324 ‚
366 284 535 325 profundus
548 310 558 325 ‚
570 298 605 319 ac
617 282 855 324 incomparabilis
867 307 877 321 ‚
884 282 1004 325 sacram
1015 282 1101 315 Theo-

217 337 327 377 logiam
346 336 391 366 ad
407 334 556 376 fontalem
569 337 767 378 dignitatem,
789 340 1028 374 primaevamque
1039 342 1102 373 pur-

216 392 339 417 ricatem
349 409 359 424 ‚
387 396 437 418 nec
447 397 505 418 non
517 384 728 427 Evangeltcam
738 406 749 422 ‚
764 382 906 425 sinceram
921 405 931 421 ,
951 381 1100 423 simplam·

217 432 368 476 quesuam
377 439 572 468 innocentiam
584 435 853 476 &integritatem‚
879 434 958 464 omni
977 433 1101 474 prorsus

220 483 408 527 Philosophia
427 484 560 527 saeculari
571 478 712 525 explosa,
739 485 874 516 reducere
883 491 1022 515 conatur.
1059 483 1102 515 A·

219 534 316 578 gebat
338 534 500 567 Lutherus
520 532 555 565 in
580 532 726 567 novellos
748 543 827 566 tunc
850 531 1068 566 Scholasticos
1094 555 1104 570 ,

219 595 302 627 quos
333 583 402 626 post
433 594 556 616 annum
583 583 788 616 millesimum
810 582 1102 626 quingentesimum

219 634 351 677 coepiffe
370 633 405 665 in
429 633 560 665 Divinae
580 633 765 666 dilestionis
788 633 1024 675 obligationem
1042 634 1103 666 este

220 683 399 725 iniquiores
416 693 453 716 ac
479 683 617 717 laxiores
637 683 820 716 audivimus
834 683 852 716 a
866 682 990 726 Joanne
1001 682 1103 715 Mori-

219 744 283 766 no.
310 733 348 766 Iu
370 732 499 775 plenam
522 733 681 767 insaniam
694 730 838 766 seductus
850 727 1027 775 paucorum
1043 733 1106 765 sca-

218 781 309 816 biem
331 781 488 816 adfricare
498 784 596 824 coepit
607 783 754 822 caustis,
780 793 879 825 atque
906 783 950 815 ita
971 792 1103 826 omnem

219 829 420 872 Ecclesiam,
445 834 531 876 quast
543 833 744 868 Poenitentes
758 855 769 871 ‚
794 831 860 865 fine
873 831 965 865 bono
988 832 1105 865 mentis

220 892 338 923 motu,
355 893 410 926 per
423 882 737 918 solumsSacramenti
749 892 915 924 operatum
931 882 1106 925 opusjusti-

221 933 312 966 ficari
326 932 464 966 traderet
477 956 489 972 ,
504 932 561 966 ‘est
570 930 701 975 peffime
718 930 935 965 calumniatus
947 954 954 962 .
967 933 1009 965 Et
1021 932 1107 966 hanc

221 982 423 1015 calumniam
435 981 602 1015 novellum
612 980 807 1015 Melchioris
817 982 902 1015 Cani
913 982 1032 1026 dogma
1044 985 1107 1015 ma-

222 1029 339 1065 nifeste
362 1031 552 1065 confirmat.
582 1031 637 1064 De
648 1031 887 1065 Fortunatiano
911 1031 1107 1074 Aquileiensi

221 1079 508 1124 Archi-Episcopo
521 1104 533 1120 ,
558 1080 651 1123 cujus
669 1081 815 1124 quaedam
824 1093 920 1125 opera
930 1087 1087 1116 memorat
1099 1106 1109 1125 ‚

223 1182 349 1216 sanstus
361 1180 609 1223 Hieronymus:
635 1186 872 1214 Fortunatianur
885 1187 916 1214 in
927 1182 978 1215 boc
990 1182 1110 1215 habetur

223 1230 401 1270 detestabilis
415 1255 426 1271 ,
453 1232 534 1272 quad
547 1230 715 1271 Liberium,
742 1234 885 1265 Romanae
895 1232 977 1265 urbis
991 1230 1075 1274 Epis
1071 1243 1109 1265 co

222 1290 296 1324 pum
307 1305 318 1321 ‚
336 1288 392 1322 pro
408 1279 465 1320 fide
475 1280 519 1313 ad
525 1282 648 1315 exilium
666 1289 837 1325 pergentem
850 1305 861 1321 ‚
879 1288 998 1324 primus
1008 1281 1110 1325 sollicia

225 1337 310 1367 tavit
329 1342 363 1363 ac
378 1329 496 1375 fregit,
524 1332 558 1364 (ν
581 1331 625 1364 ad
637 1329 880 1376 subscriptionem
891 1330 1031 1374 baereseos
1042 1343 1115 1364 com·

205 1380 322 1424 'pulit.
349 1381 429 1414 Hoc
453 1377 557 1423 ipsum
578 1391 642 1424 ego
663 1380 708 1414 ob
729 1381 864 1415 intrusas
885 1383 919 1415 in
935 1382 1109 1415 Ecclesiam

225 1429 286 1465 has
308 1441 427 1464 vocum
447 1430 609 1462 novitates
629 1430 736 1462 dicere
761 1429 849 1464 haud
866 1441 972 1464 verear
983 1430 1023 1464 de
1039 1430 1110 1464 viro

226 1480 412 1515 dostiffimo
432 1478 617 1512 Melchiore
640 1478 756 1512 Cano.
782 1477 1003 1514 Lutheranam
1024 1480 1113 1514 enim

226 1530 270 1565 de
303 1530 446 1577 Ecclesia
468 1527 668 1567 ‚calumniam
695 1529 858 1568 verificare
877 1541 948 1570 non
973 1529 1018 1564 est
1039 1530 1111 1570 leve

225 1579 349 1619 crimen
363 1605 371 1614 .

279 1629 522 1665 Authenticum
544 1631 667 1676 dogma
686 1631 780 1666 edere
799 1632 895 1666 debet
916 1634 1047 1667 suorum
1063 1642 1113 1665 na-

227 1680 348 1716 talium
369 1681 535 1725 origines,
562 1681 746 1716 Doctorum
761 1683 891 1716 suorum
904 1682 1055 1717 ordinem
1068 1683 1116 1716 uf-

228 1739 292 1774 que
309 1730 350 1764 ad
374 1731 458 1774 ipsos
471 1729 668 1772 Apostolos,
694 1742 794 1775 atque
817 1734 862 1767 ita
872 1744 913 1766 ex
923 1733 1117 1767 decurrenti-

226 1780 289 1815 bus
308 1779 350 1815 ab
374 1779 473 1815 initio
496 1781 746 1814 successionibus
768 1782 989 1815 demonstrare
1011 1783 1117 1826 legiti-

230 1842 319 1866 mam
342 1831 432 1864 suam
455 1840 531 1863 eum
553 1830 735 1874 Evangelio
767 1831 1088 1875 consanguinitatem
1108 1855 1116 1863 .

228 1877 473 1915 Anthentieum
499 1878 620 1923 dogma
634 1890 694 1913 nos
704 1879 722 1912 a
737 1880 851 1914 nostris
865 1881 1033 1924 Episcopis
1045 1906 1056 1922 ‚
1084 1880 1118 1914 hi

227 1928 251 1965 ἢ
271 1930 335 1962 suis
346 1928 547 1972 Major-ibus,
575 1929 624 1962 illi
644 1940 836 1972 acceperunt
859 1928 899 1964 ab
912 1930 1080 1974 Apostolis
1107 1954 1119 1973 ,

230 1978 585 2022 ApostoliaChristo,
612 1978 760 2012 Christus
782 1979 800 2012 a
813 1979 905 2013 Deo.
934 1982 1046 2024 ane
1065 1993 1119 2024 po·

230 2029 343 2063 sterius
364 2029 443 2069 quid
464 2028 508 2061 est
533 2027 642 2069 aliud,
666 2029 722 2062 nili
732 2028 819 2063 filius
829 2029 895 2063 sine
908 2029 1027 2070 Patre,
1055 2032 1118 2064 tiro

230 2078 298 2112 fine
310 2078 464 2121 Principe
474 2077 670 2120 ‚discipulus
683 2079 748 2113 fine
761 2078 922 2123 Magistro
935 2082 947 2113 ἒ
959 2081 1011 2114 De
1024 2081 1118 2114 omni

230 2140 321 2162 novo
341 2129 495 2172 dogmate
516 2127 583 2161 dici
610 2127 704 2170 poffit
729 2138 765 2161 ac
787 2127 903 2162 debeat
926 2154 937 2169 ‚
965 2129 1053 2173 quod
1076 2130 1117 2164 de

232 2177 472 2213 Gnosticorum
496 2177 613 2211 fabulis
637 2188 690 2220 per
715 2177 852 2211 ironiam
865 2179 1025 2221 scripsitin
1039 2179 1118 2213 Prax-

227 2228 442 2271 scriptionum
467 2227 551 2261 libro
563 2226 806 2260 Tertullianus.
838 2229 953 2270 aliquoi
965 2232 1117 2261 Marcioni-

228 2286 280 2311 tas
292 2286 345 2310 aut
359 2278 586 2310 Valentinianos
599 2276 755 2309 liberanda
778 2282 890 2310 veritas
899 2276 1098 2320 exspec‘iabat
1110 2303 1117 2311 .

227 2328 347 2361 Interea
364 2328 525 2369 perpera'm
537 2326 811 2369 evangelizabatur,
819 2329 974 2368 perperam
984 2329 1117 2361 credeba-

228 2387 299 2411 tur.
327 2377 370 2411 Et
394 2374 472 2410 hinc
494 2375 681 2409 Beatiffimo
706 2376 793 2410 Patri
805 2377 915 2410 nostro
927 2377 1116 2412 Alexandro

229 2426 307 2460 Vll.
335 2427 392 2469 qui
417 2428 435 2461 a
458 2426 583 2469 pessima
595 2425 819 2460 Christianum
835 2426 1002 2460 hominem
1017 2439 1056 2462 ne
1076 2430 1115 2462 se·

231 2477 298 2511 mel
313 2476 445 2519 quidem
467 2477 501 2509 in
529 2475 594 2508 vita
614 2475 653 2509 ad
676 2477 785 2509 Deum
809 2478 954 2519 expresse
976 2479 1113 2523 diligen·

231 2524 311 2559 dum
332 2524 488 2570 adstringi
512 2524 674 2568 gariente‚
702 2526 909 2568 quorundam
920 2526 1114 2572 Theologo·

232 2587 303 2609 rum
326 2574 454 2614 fabula,
481 2583 647 2616 tamquam
661 2574 825 2608 faediffima
837 2586 939 2620 ruga,
966 2577 1114 2612 liberavit

233 2625 407 2659 Ecclesiam
429 2648 439 2664 ,
468 2623 545 2657 libet
563 2624 668 2656 rursus
690 2623 873 2658 adclamare
895 2637 936 2658 ex
962 2628 1075 2660 animo
1101 2630 1113 2661 :¹

234 2682 335 2709 Annos
360 2675 397 2707 de
408 2673 510 2714 nostris
526 2698 532 2705 .
563 2673 672 2706 Etiam
684 2673 818 2708 alibero
831 2674 950 2708 servilis
962 2675 1111 2710 Attritio-

231 2727 283 2759 nis
304 2735 358 2768 per
378 2723 536 2767 simplices
556 2724 679 2757 animas
701 2722 845 2758 discursu
866 2724 1064 2760 confidimus
1077 2726 1112 2760 li-

232 2774 407 2810 berandam
419 2799 426 2807 .
453 2773 582 2807 Malum
604 2773 693 2807 enim
707 2774 835 2816 proficit
847 2777 882 2807 in
896 2775 1001 2818 pejus.
1029 2778 1109 2811 Sunt

230 2827 289 2870 qui
307 2825 406 2860 etiam
427 2832 572 2866 putatam
585 2821 756 2857 dumtaxat
766 2824 971 2859 attritionem
995 2837 1109 2869 putent

230 2887 305 2910 cum
330 2877 538 2912 Sacramento
549 2873 589 2907 ad
602 2873 864 2915 justificationem
876 2876 1020 2909 sufficere
1032 2901 1043 2917 ,
1070 2876 1109 2910 de

230 2925 347 2966 quibus
367 2924 515 2958 laudatus
539 2923 680 2966 Ioannes
692 2922 868 2957 Morinus:
895 2926 984 2957 Video
994 2925 1108 2959 hodier-

231 2987 283 3008 nos
294 2975 430 3008 nociores
445 2972 710 3016 hancsententiam
720 2974 819 3015 paffim
830 2973 975 3015 refutare.
986 2980 1024 3007 Ut
1034 2987 1109 3008 nunc

232 3034 330 3057 tamen
337 3023 409 3066 sunt
421 3023 551 3056 homines
565 3047 575 3063 ,
593 3023 755 3065 periculum
766 3023 804 3062 est
814 3046 824 3062 ‚
850 3035 886 3057 ne
893 3027 1017 3058 tandem
1028 3028 1112 3066 apud

232 3074 339 3106 multos
350 3074 476 3107 obtineat
487 3099 496 3114 ‚
514 3072 542 3114 fi
551 3073 670 3106 celebris
682 3075 788 3115 aliquis
801 3073 906 3106 nonar
917 3076 997 3110 illius
1011 3074 1108 3115 defen·

225 3123 332 3165 fioncm
348 3122 437 3165 semel
458 3123 655 3164 amplec‘latur
668 3148 675 3155 .
704 3127 845 3156 Homines
867 3130 947 3158 enim
968 3126 1109 3165 utpluri-

233 3185 311 3206 mum
322 3178 353 3205 in
364 3175 457 3214 cauffa
466 3175 660 3206 relaxationis
674 3171 858 3214 disciplinae,
881 3175 915 3207 6·
932 3173 1109 3217 severitatis

231 3234 345 3263 mortum
365 3224 532 3255 minuendae
543 3247 553 3263 ,
579 3229 624 3255 ita
644 3228 808 3264 comparati
826 3222 901 3266 sunt*
913 3248 924 3264 ,
948 3232 980 3255 ut
989 3235 1048 3267 qua
1058 3227 1110 3257 da·

230 3282 266 3307 ea
280 3281 370 3315 porta
384 3295 394 3311 ‚
417 3271 516 3312 statim
530 3281 638 3305 ruant.
665 3273 764 3306 Pauci
778 3274 855 3306 anni
870 3276 963 3314 sunt,
992 3286 1032 3308 ex
1042 3276 1108 3318 qui-

229 3322 293 3356 bus
326 3322 483 3364 quispiam
520 3322 554 3354 in
592 3323 726 3365 lprensis
759 3322 904 3357 Ecclesiae
931 3324 1110 3358 Seminario

230 3370 468 3416 Theologaster
486 3370 613 3404 nullum
637 3373 784 3413 penitus,
811 3384 852 3407 ne
874 3373 1007 3417 quidem
1020 3385 1109 3408 natu-

231 3422 329 3456 ralem
342 3447 352 3462 ,
379 3420 526 3455 dolorem
546 3419 677 3455 tradidit
689 3423 806 3465 requiri
818 3423 858 3457 ad
872 3424 1109 3457 poenitentialis

227 3471 424 3510 §aeramenti
443 3470 582 3504 valorem
594 3494 606 3511 ,
632 3470 698 3504 sola
710 3473 887 3513 peccatoris
898 3474 1111 3509 Confeffione

327 3520 434 3563 chrisi.
448 3524 530 3566 Lupi
542 3524 641 3565 Opera
656 3523 795 3556 Toni-XI.

1898 160 1994 207 257

1162 233 1195 265 &
1217 230 1399 264 Sacerdotis
1410 230 1630 272 Absolutione
1650 231 1793 277 garriens
1806 234 1977 276 compleri.
2004 235 2046 270 Et

1140 284 1141 288 ’
1163 280 1318 325 quosdam
1343 281 1376 313 in
1403 292 1542 314 errorem
1556 280 1744 322 seduxerat,
1771 284 1891 316 multos
1910 285 2046 317 indubi-

1163 332 1340 364 tationem.
1368 329 1508 364 AEterna
1522 334 1676 365 memoria
1689 333 1809 377 diguus
1821 333 1866 366 est
1889 335 1931 366 D.
1946 333 2044 375 Judo-

1163 392 1218 414 cus
1238 380 1400 414 Bouckart
1413 404 1424 419 ,
1450 380 1585 414 laudata:
1605 381 1748 415 Ecclefiae
1761 394 1837 415 tunc
1852 383 2044 426 Episcopus,

1163 431 1218 473 qui
1241 431 1402 473 impretias
1427 430 1501 463 istas
1513 431 1735 466 conclusiones
1748 432 1879 466 defendi
1906 433 2009 468 vetuit
2032 457 2045 474 ‚

1164 492 1259 523 atque
1286 480 1451 513 'damnavit
1465 504 1472 511 .

1214 530 1323 573 Pergit
1346 530 1487 572 joannes
1499 529 1668 563 Morinus:
1697 533 1840 565 Nondum
1861 535 1975 566 omnino
1986 545 2046 567 cer-

1165 590 1227 613 tum
1236 579 1275 617 est
1287 582 1320 613 Θ·
1339 580 1547 620 exploratum,
1574 584 1857 614 Attritionemillam
1868 594 1930 615 cum
1939 587 2045 617 Sacra·

1164 639 1260 663 mento
1273 631 1317 661 ad
1327 635 1412 670 impii
1415 629 1651 670 justificationem
1656 628 1782 672 sufficere
1793 656 1803 671 ,
1829 633 1892 664 cum
1904 633 2046 666 haetenus

1166 681 1241 713 nullo
1263 678 1397 721 Ecclcfiae
1419 683 1540 712 Decreto
1558 678 1608 712 hoc
1629 673 1813 714 declaratum
1819 681 1918 722 fuerit
1942 707 1949 714 .
1976 682 2047 716 Poe-

1168 724 1347 763 nitentialis‘
1363 727 1661 763 Administrationis
1671 729 1876 773 Historicum
1888 755 1899 771 ,
1924 731 2047 766 nullius

1167 779 1266 813 ferme
1287 779 1503 813 conclusionis
1523 780 1720 814 adsertorem
1747 781 1814 824 agit
1836 780 1884 814 vir
1905 781 2047 825 prudens

1166 841 1202 862 ac
1212 827 1356 863 eruditus
1368 853 1379 869 ‚
1407 830 1547 873 ideoque
1559 829 1680 863 nullam
1694 854 1706 869 ,
1734 829 1810 864 licet
1822 830 1856 863 in
1867 831 1979 865 animo
1989 832 2049 865 suo

1166 879 1439 913 damnatiffimam
1463 904 1474 919 ,
1512 879 1705 922 opinionem
1733 880 1836 914 verbis
1857 882 1972 923 apertis
1995 881 2049 921 da-

1168 939 1256 973 mnat
1268 940 1277 961 :
1306 928 1437 962 Adserit
1450 940 1560 964 tamen
1571 936 1731 970 ancipitem
1742 931 1792 973 effe
1795 930 1836 971 fic
1840 929 1996 973 justificati
2005 929 2050 972 sa-

1166 981 1254 1013 lutem
1265 1004 1272 1011 .
1300 979 1403 1025 Qod
1417 979 1519 1021 ipsum
1531 1004 1542 1019 ,
1568 980 1608 1013 de
1621 980 1729 1013 taliter
1740 980 1910 1023 praesertim
1923 982 1957 1013 in
1969 991 2052 1014 mor·

1169 1029 1208 1063 tis
1233 1029 1372 1062 articulo
1385 1028 1580 1071 justificatis,
1606 1030 1756 1064 adfirmat
1777 1031 1964 1064 Franciscus
1976 1030 2051 1064 Sua-

1169 1091 1239 1119 rez,
1269 1079 1410 1122 Joannes
1421 1079 1586 1119 Sanchez,
1609 1079 1731 1114 Paulus
1751 1080 1961 1121 Comitolus,
1982 1081 2054 1114 alii,-

1169 1127 1232 1171 que
1258 1130 1362 1173 plures
1385 1130 1482 1171 ipfius
1493 1130 1591 1163 etiam
1606 1130 1728 1174 servilis
1741 1129 1934 1171 Attritionis
1944 1130 2052 1164 defen·

1172 1181 1275 1215 sores.
1305 1178 1400 1212 Adeo
1421 1191 1475 1221 per
1495 1179 1596 1222 ipsam
1617 1178 1708 1222 ajunt
1729 1181 1855 1214 nullum
1878 1180 2052 1213 moribun-

1171 1230 1249 1262 dum
1273 1228 1438 1271 justificari
1459 1252 1470 1267 ,
1496 1240 1532 1262 ut
1558 1230 1657 1263 etiam
1681 1230 1783 1264 velint
1805 1242 1894 1264 novo
1916 1241 2051 1264 omnem

1173 1280 1271 1312 talem
1288 1279 1439 1312 maculari
1461 1280 1591 1312 mortali
1604 1290 1739 1323 peccato
1752 1302 1760 1311 .
1784 1281 1823 1314 In
1836 1281 1908 1322 ipsis
1920 1281 2053 1313 suorum

1174 1339 1386 1372 patronorum
1412 1328 1517 1362 oculis
1538 1339 1604 1362 tam
1626 1330 1803 1363 monstrosa
1816 1329 1860 1363 est
1872 1327 1938 1361 haec
1953 1328 2055 1362 Attri-

1174 1378 1240 1411 tio.
1267 1378 1420 1411 Necfine
1431 1378 1663 1411 fundamento.
1692 1378 1824 1412 Etenim
1841 1378 1882 1412 de
1893 1377 2054 1412 Catechu·

1175 1440 1273 1461 meno
1293 1427 1377 1470 apud
1393 1427 1568 1461 Ecclesiam
1581 1427 1805 1469 Catholicarn,
1834 1440 1874 1462 an
1887 1427 1972 1471 apud
1986 1429 2057 1461 Do-

1175 1478 1305 1512 natistas
1317 1478 1468 1521 baptizari
1481 1478 1664 1517 haefirame,
1689 1479 1722 1512 ὅ(
1738 1478 1940 1522 Baptismum
1952 1479 1986 1510 in
1999 1477 2057 1510 ista

1176 1528 1254 1562 reste
1274 1528 1389 1570 suscipi
1410 1527 1553 1562 habente
1573 1538 1715 1567 certum,
1748 1528 1936 1573 ambigente
1948 1538 2059 1561 autem

1176 1589 1218 1611 an
1240 1578 1276 1612 ὅτ
1296 1576 1381 1620 apud
1403 1576 1499 1611 hosce
1524 1575 1606 1611 reci&
1632 1577 1836 1620 suscipiatur,
1864 1578 1897 1611 in
1918 1577 2006 1611 libris
2018 1578 2058 1611 de

1177 1626 1344 1671 Baptismo
1368 1626 1479 1665 scribit
1499 1627 1625 1661 sanstus
1641 1627 1845 1671 Augustinus
1860 1641 1870 1660 :
1895 1630 1927 1660 st
1938 1627 2060 1661 dubium

2108 1633 2184 1668 Lib.
2202 1644 2232 1668 1.

1177 1677 1299 1712 haberet
1320 1688 1378 1711 non
1399 1679 1458 1711 illic
1487 1676 1564 1713 reste
1597 1683 1691 1720 accipi
1714 1702 1725 1718 ‚
1748 1679 1828 1722 quod
1848 1683 1880 1711 in
1902 1677 2058 1712 catholica
2075 1696 2103 1721 ε,
2128 1695 2159 1733 3.

1176 1730 1252 1763 rec‘le'
1274 1734 1364 1770 accipi
1384 1738 1494 1762 certum
1504 1728 1624 1763 baberet
1635 1754 1645 1768 ,
1668 1734 1807 1773 graviter
1823 1738 1959 1771 peccaret
1969 1734 2001 1762 in
2015 1741 2058 1762 re-

1178 1780 1231 1812 bus
1242 1778 1419 1820 adsalutem
1431 1784 1541 1812 animae
1548 1779 1766 1821 perimentibus
1779 1805 1790 1819 ,
1816 1782 1867 1813 vel
1875 1791 1904 1813 eo
1911 1778 1969 1822 solo
1982 1781 2064 1822 quod

1177 1835 1264 1862 certis
1287 1826 1586 1871 incertaprae'ponat.
1614 1830 1657 1862 Et
1675 1830 1756 1863 infra
1776 1831 1808 1862 in
1822 1830 1937 1864 eodem
1950 1831 2056 1865 libro:
2079 1811 2157 1856 cal*
2171 1821 2205 1860 5·

1180 1884 1313 1920 Accipere
1334 1885 1366 1911 in
1384 1888 1473 1920 parte
1487 1882 1598 1911 Donati
1602 1878 1633 1918 fi
1640 1885 1781 1912 incertum
1800 1880 1837 1919 est
1850 1904 1860 1919 ,
1889 1881 1939 1923 esse
1956 1888 2058 1921 pecca-

1178 1939 1241 1962 tum
1250 1952 1260 1968 ,
1287 1936 1354 1970 quis
1368 1930 1484 1962 dubitet
1495 1938 1605 1962 certum
1619 1930 1670 1972 csse
1676 1939 1829 1971 peccatum
1841 1942 1897 1962 non
1912 1931 1953 1963 ibi
1961 1932 2065 1972 potius

1178 1985 1322 2020 accipere,
1349 1979 1519 2012 ubicenum
1531 1980 1569 2019 est
1582 1990 1638 2011 non
1648 1981 1699 2021 effe
1717 1982 1896 2021 peccatum?
1918 1981 2061 2015 Neceffi·

1179 2028 1254 2062 tatis
1272 2029 1443 2073 praesertim
1467 2029 1676 2062 Sat-ramento
1690 2029 1844 2064 incertam
1856 2030 2033 2065 &dubiam
2049 2055 2063 2071 ‚

1179 2089 1263 2112 certa
1281 2078 1407 2118 relista,
1434 2077 1585 2112 adhibere
1605 2079 1790 2121 materiam,
1820 2081 1989 2120 formam„
2004 2089 2064 2115 aue

1181 2128 1393 2168 Ministrum,
1420 2128 1501 2162 dicit
1525 2130 1587 2162 esse
1610 2130 1746 2163 mortale
1768 2140 1936 2172 peccatum
1961 2142 1968 2162 ε
1995 2131 2064 2164 Cui

1180 2179 1305 2211 Doctor
1319 2177 1516 2221 Angelicus‚
1546 2177 1735 2213 Scholastici
1748 2191 1864 2214 omnes
1876 2204 1887 2219 ,
1909 2180 1942 2212 &
1958 2179 2064 2223 ipsum

1180 2237 1299 2260 naturae
1323 2222 1431 2260 lumen
1453 2227 1708 2270 adstipulantur.
1739 2230 1828 2273 Ergo
1840 2241 1908 2262 non
1928 2231 1961 2262 in
1990 2230 2063 2263 solo

1179 2278 1312 2316 mortis,
1341 2277 1395 2310 sed
1418 2278 1451 2310 in
1466 2281 1582 2323 quovis
1594 2278 1733 2311 articulo
1744 2280 1889 2322 quisquis
1909 2289 1985 2313 curn
1997 2279 2065 2313 sola.

1181 2328 1286 2360 servili
1309 2326 1495 2361 Attritione
1518 2328 1652 2372 cognita
1668 2327 1872 2370 Baptismatis
1894 2330 2065 2371 autpoeni·

1179 2377 1286 2411 tentiae
1309 2377 1553 2411 Sacramentum
1584 2378 1735 2420 suscipit,
1762 2378 1795 2412 ἀ
1814 2379 1957 2412 animam
1972 2380 2062 2412 suam

1177 2429 1210 2461 δε
1235 2428 1338 2470 ipsum
1361 2428 1605 2462 Sacramentum
1618 2427 1757 2469 exponit
1771 2428 1915 2469 periculo
1928 2452 1938 2467 ,
1964 2437 2063 2470 atque

1177 2477 1221 2510 ita
1239 2478 1272 2510 in
1299 2477 1366 2518 ipso
1390 2477 1471 2517 per-it
1489 2500 1496 2507 .
1527 2475 1623 2509 Adeo
1652 2477 1830 2510 monstrosa
1860 2477 2063 2512 Poenitentia

1175 2526 1220 2561 est
1244 2526 1302 2559 ista
1327 2525 1446 2558 servilis
1462 2525 1613 2558 Attritio.
1644 2525 1723 2567 Ejus
1743 2528 1963 2569 patrocinium
1989 2528 2062 2561 Hu-

1174 2588 1221 2621 go
1242 2574 1422 2609 Matthoud
1450 2575 1531 2608 redi&
1551 2575 1638 2609 dixit
1659 2574 1746 2617 esse,
1774 2578 1823 2611 uti
1837 2588 1961 2612 novum
1976 2600 1989 2618 ‚
2014 2577 2060 2613 ita

1174 2627 1208 2664 ὅς
1233 2625 1463 2671 periculosum·

1349 2723 1722 2759 CAPUT
1822 2725 1865 2761 V.

1221 2825 1319 2859 Edita
1338 2833 1431 2868 nuper
1453 2827 1623 2868 Dissertatio
1649 2828 1669 2858 a
1692 2831 1789 2860 variis
1800 2825 2000 2870 Accusationis

1425 2876 1571 2918 capitibus
1589 2885 1772 2920 expurgatur
1784 2901 1792 2909 .

1273 2973 1433 3020 Ntiquam
1456 2975 1629 3010 formandae
1647 2977 1680 3010 δε
1692 2977 1919 3021 prosequendae
1929 2980 2054 3014 accusa·

1298 3025 1398 3059 tionis
1410 3026 1552 3070 regulam
1570 3027 1710 3068 exponit
1730 3027 1826 3061 nobis
1847 3029 1983 3072 septima
1995 3030 2055 3072 Sy-

1172 3073 1276 3107 nodus
1289 3075 1575 3119 Carthaginensis:
1601 3076 1845 3120 Quotiescumque
1868 3079 1995 3112 clericis
2014 3079 2052 3112 ab
2070 3072 2147 3117 CaP·
2165 3084 2200 3120 3·

1168 3123 1390 3167 Accusator-ibus
1416 3126 1509 3157 multa
1529 3131 1655 3158 crimina
1679 3126 1860 3167 objiciuntur
1870 3151 1881 3167 ‚
1906 3130 1940 3162 (9⁹
1960 3141 2051 3163 unum

1170 3185 1209 3206 ex
1231 3174 1278 3206 bis
1290 3199 1301 3214 ,
1322 3177 1358 3208 de
1369 3187 1424 3218 quo
1430 3176 1516 3215 prius
1527 3182 1637 3218 egerint
1650 3200 1660 3216 ‚
1682 3177 1809 3218 probare
1819 3189 1876 3210 non
1887 3180 2052 3219 valuerint,

1171 3224 1215 3255 ad
1233 3234 1340 3258 caetera
1353 3225 1516 3268 probanda
1521 3227 1591 3265 jam
1604 3237 1660 3258 non
1672 3228 1876 3260 admittantur
1885 3254 1892 3260 .
1919 3228 1970 3260 Ex
1983 3229 2051 3270 ipsa

1170 3274 1202 3306 δε
1217 3285 1281 3318 ego
1304 3286 1398 3319 agere
1420 3274 1518 3307 velim
1533 3275 1700 3311 adversum
1713 3289 1803 3311 meos
1815 3277 2029 3311 Accusatores
2042 3291 2051 3310 :

1174 3323 1312 3366 Aliquot
1325 3335 1458 3368 purgare
1471 3324 1625 3360 articulos
1638 3351 1648 3366 ,
1670 3328 1812 3370 reliquos
1824 3328 1950 3360 Divino
1964 3327 2052 3369 Judi-

1172 3373 1225 3409 cio
1235 3397 1248 3417 ,
1274 3375 1304 3409 ἀ
1318 3375 1463 3420 benigno
1475 3374 1619 3411 Lestoris
1640 3377 1752 3412 animo
1766 3376 1995 3412 commendare
2010 3401 2019 3410 .

1903 3529 2007 3560 Prima

1590 3526 1623 3559 Y
1677 3537 1696 3574 3
