2366 3736
387 130 480 187 368

350 213 484 248 tiffimas
497 235 504 244 .
533 211 664 244 Etenim
687 206 810 243 Fidelis
831 209 970 251 populus
985 209 1065 243 olim
1084 207 1239 243 Euchari-

348 264 443 297 stiam
469 260 660 305 deportabat
672 259 808 293 domum
825 282 834 297 ,
847 259 1038 301 &quotidie
1050 260 1237 303 aspiciebat.

349 313 463 348 Etiam
478 309 625 357 portabat
638 319 693 351 per
706 309 792 341 viam
803 309 972 342 &itineris
985 310 1126 352 pericula
1141 321 1238 359 atque

622 129 1046 175 Dtssearnrlo
1084 127 1168 173 DE
1203 126 1427 173 Sacltts
1469 124 2015 177 Paocsssstomssus.

1300 207 1516 243 Schismatici.
1547 208 1601 244 Est
1621 209 1760 243 omnino
1785 210 1984 249 schismatica
2013 213 2176 250 Assertio:

1303 257 1356 292 Est
1369 259 1508 293 Affertio
1518 260 1656 298 tendens
1667 258 1706 293 ad
1726 262 1940 296 Eusebianam
1968 265 2155 299 Faffionern
2165 289 2176 305 ‚

1302 319 1371 352 quae
1382 309 1459 342 dum
1474 309 1556 343 vidit
1570 310 1599 343 se
1613 311 1693 344 stare
1705 323 1772 344 non
1788 313 1874 354 posse
1884 311 1951 346 fine
1965 324 2031 347 uno
2045 314 2178 358 Capite,

349 362 477 397 fastidia
492 386 502 401 ‚
515 371 568 403 per
579 359 648 401 ejus
659 359 819 402 aspectum
834 357 996 393 solabatur
1009 384 1019 399 ,
1034 360 1161 394 levabat
1173 382 1184 398 ,
1197 371 1235 393 ac
1299 358 1408 403 coaffla
1431 359 1491 393 fuit
1514 359 1747 402 Imperatorem
1763 361 1999 398 Constantium
2021 365 2182 401 celebrare

348 414 523 448 evadebat.
548 408 682 442 Etenim
703 408 809 451 palam
822 409 914 442 suum
927 410 1077 452 Satyrum
1091 435 1101 451 ‚
1124 409 1141 444 ὲ
1165 411 1236 444 sar-

346 463 438 497 dinia
450 460 599 495 reducem
614 482 625 498 ‚
636 458 720 492 acin
742 457 829 491 Mari
850 457 1094 494 Mediterraneo
1108 461 1232 503 pericli÷

347 522 492 548 tantem,
517 509 548 542 S.
576 507 763 542 Ambrosius
785 508 921 549 laudat,
946 509 1034 553 quod
1063 509 1231 544 Viaticam

346 559 586 594 Eucharistiam
598 559 616 593 ὲ
634 557 823 592 Comitibus
836 559 1019 602 postularit,
1039 561 1138 603 ipsam
1152 561 1231 594 Ora-

343 611 392 644 rio
418 610 600 644 involutam
614 609 653 642 ad
673 609 797 642 collum
820 620 935 644 contra
962 611 1067 643 Maris
1093 609 1230 653 impetus

343 661 486 705 alligarit
497 684 507 700 ,
527 659 559 693 δε
573 659 663 702 quod
676 657 942 693 Catechumenus
952 660 1028 693 effet
1041 684 1051 698 ,
1074 671 1142 693 non
1157 671 1229 702 prae·

1301 409 1335 442 &
1360 410 1499 444 venerari
1523 420 1558 442 ut
1573 409 1769 453 Episcopum
1783 411 2042 454 Episcoporum.
2070 414 2118 448 Ita
2132 426 2175 448 te-

1300 457 1400 493 statur
1421 459 1454 492 in
1479 458 1535 493 lib.
1558 459 1598 492 de
1618 460 1705 493 Filio
1725 461 1788 494 Dei
1807 461 1940 499 Lucifer
1964 462 2170 500 calaritanus

1301 508 1478 551 Episcopus
1497 534 1507 549 ,
1541 509 1573 545 ὅ(
1606 510 1637 543 in
1667 510 1806 546 secunda
1831 512 2001 556 Apologia
2025 512 2169 556 Magnus

1298 557 1513 599 Athanasius.

1346 608 1517 653 Qidquid
1551 609 1589 649 fit
1614 633 1624 649 ‚
1652 610 1787 651 antiqua
1816 612 1929 647 uostrae
1951 612 2175 655 Expofitionis

1295 659 1499 693 consuetudo
1520 660 1707 697 nullatenus
1728 659 1772 695 est
1786 661 1967 702 turbanda,
1995 661 2094 708 longe
2119 664 2178 696 mi-

340 709 510 754 sumpserit
523 710 678 752 aspicere.
702 708 830 751 Nempe
845 709 974 743 Fideles
987 709 1086 752 ipsam
1099 710 1226 753 aspicie·
1272 724 1276 748 ι
1294 708 1354 740 mis
1378 707 1540 742 abolenda
1562 719 1618 742 aut
1638 710 1928 746 circumscribenda
1943 737 1950 745 .
1981 712 2034 744 Est
2065 713 2116 754 pia
2142 713 2175 747 &c

340 760 438 800 bant,
468 770 564 804 atque
588 760 644 793 ita'
656 760 724 792 suas
737 758 940 795 calamitates
953 760 1224 793 consolabantur.

339 811 444 844 Domi
471 811 503 844 in
518 810 642 853 privato
657 806 763 841 Altari
777 807 987 851 exponebant
998 833 1009 850 ,
1033 809 1223 850 adorabant,

338 861 371 894 &
391 871 448 904 pro
473 861 538 894 suis
559 857 837 902 postulationibus
850 857 1049 893 exorabant.
1080 859 1159 893 Haec
1175 861 1222 893 Fi-

338 910 461 944 delium
486 910 600 943 solatia
624 907 687 950 jam
711 907 836 951 pridem
869 920 912 942 ex
935 908 1035 943 caufis
1066 911 1185 943 cessant
1210 924 1220 943 .-

336 959 494 1006 Qisquis
513 960 579 1003 jam
606 955 843 992 Eucharistiam
868 957 1023 1000 adorare,
1048 959 1112 993 &a
1128 959 1220 994 Chri—

335 1011 386 1043 sto
411 1010 562 1044 Domino
582 1007 707 1051 aliquid
732 1008 803 1042 istic
837 1007 1000 1050 postulare
1027 1009 1183 1044 desiderat
1210 1035 1220 1050 ‚

333 1059 430 1094 debet
450 1059 600 1094 accedere
616 1058 793 1092 Ecclesiam
804 1082 811 1089 .
838 1060 908 1093 Cur
922 1059 1023 1103 igitur
1037 1061 1220 1103 frequenter

332 1111 475 1154 exponi,
502 1120 599 1154 quam
612 1108 740 1143 Fideles
752 1109 834 1146 olim
847 1107 1001 1146 videbant
1023 1109 1171 1153 quotidie
1183 1109 1217 1147 in

336 1160 466 1203 propria
491 1161 594 1193 d'omo
609 1183 619 1199 ,
646 1170 702 1192 cur
716 1159 847 1200 inquam
860 1155 959 1192 hodie
973 1158 1022 1193 bis
1040 1169 1097 1193 aut
1119 1159 1216 1194 tertio

331 1220 387 1252 per
409 1206 650 1259 hebdomadam
674 1207 798 1248 videri,
823 1207 949 1242 adorari
971 1219 1041 1244 non
1061 1209 1158 1253 posfit
1180 1209 1214 1243 in

329 1259 495 1294 Ecclefia?
793 1261 795 1264 '
1067 1267 1070 1271 '

377 1309 471 1358 Qin
495 1308 621 1350 immo',
651 1309 806 1344 Romana
833 1308 976 1343 Ecclesia
999 1308 1213 1352 quotidieex-

326 1361 439 1403 ponit.
468 1359 562 1394 Licet
586 1358 655 1394 non
677 1358 717 1393 'in
740 1358 896 1393 omnibus
919 1359 1011 1392 fimul
1028 1359 1178 1395 Ecclefiis
1201 1384 1212 1400 ,

325 1421 435 1444 tamen
459 1410 495 1443 in'
516 1410 625 1457 aliqua
646 1419 704 1443 aut
715 1408 900 1452 aliquibus.
928 1407 1057 1444 O'rnnes
1073 1409 1163 1444 enim
1177 1409 1212 1443 il-

325 1461 370 1493 lic
382 1484 392 1500 ,
403 1461 437 1495 δε
450 1460 622 1494 Saeculares
632 1459 664 1493 ὅ(
679 1459 858 1504 Regulates
871 1459 1021 1495 Ecclefiae
1031 1470 1087 1502 per
1096 1470 1212 1494 omnes

324 1511 426 1545 totius
449 1510 528 1545 anni
550 1510 619 1556 dies
646 1510 846 1544 continuant
872 1510 1056 1544 orationem
1077 1506 1211 1554 'quadra-

323 1561 418 1604 ginta
435 1559 588 1594 horarum
600 1586 610 1600 ‚
637 1560 778 1604 ideoque
798 1557 950 1602 quotidie
968 1560 1002 1591 in
1016 1559 1209 1602 quibusdam

321 1610 475 1645 Ecclessis
496 1609 734 1644 Sanstissimum
754 1608 936 1651 exponitur
953 1630 960 1638 .
985 1608 1082 1656 Qin
1106 1609 1210 1643 immo

321 1659 357 1693 in
373 1658 514 1694 Ecclesia
526 1660 555 1693 S.
569 1658 683 1704 Maria:
695 1657 936 1704 Germanorum
960 1658 1138 1700 exponitur
1148 1659 1205 1692 fin-

322 1707 410 1753 gulis
431 1707 697 1750 quintisFeriis,
723 1706 764 1739 ad
782 1704 849 1739 diei
873 1705 1051 1746 vesperam
1075 1718 1208 1742 cantan-

325 1770 376 1792 tur
390 1757 457 1801 ejus
479 1754 631 1796 Laudes,
656 1755 693 1790 &⁴
713 1754 838 1798 populo.
858 1764 915 1797 per
938 1752 1049 1796 ipsum
1066 1754 1209 1794 Venera-

325 1808 392 1842 bile
414 1807 660 1842 Sacramentum
685 1805 876 1839 solemniter
898 1802 1128 1837 benedicitur.
1154 1804 1209 1837 Est

322 1859 398 1901 pia,
425 1869 483 1900 pet
502 1852 732 1901 Apostolicam
754 1854 873 1890 Sedem
894 1854 1022 1888 firmata
1044 1878 1055 1894 ‚
1083 1852 1211 1887 Funda-

322 1909 392 1942 tio:
421 1908 464 1942 Et
479 1906 657 1951 plurimum
669 1905 851 1940 fructuosa.
881 1902 992 1938 Etiam
1017 1913 1097 1938 tunc
1110 1904 1211 1948 &ppo-p

322 1958 391 2002 puli
413 1958 447 1992 ὃς
470 1957 600 2001 pietatis
613 1957 709 2001 plena
729 1955 851 1999 semper
873 1953 920 1988 est
941 1953 999 1987 ista
1024 1953 1172 1988 Ecclesia
1203 1978 1209 1985 .

321 2007 488 2042 Piiffimus
499 2019 572 2043 mos
581 2006 622 2042 ab
634 2004 789 2041 omnibus
804 2004 955 2040 laudatur
965 2028 973 2036 .
1003 2003 1047 2038 Et
1059 2004 1210 2046 frequen<

322 2058 415 2092 tioris
439 2055 876 2102 Expofi'tionisimprobatio
889 2054 934 2089 est
945 2054 1031 2097 quasi
1046 2052 1204 2088 hesterna.

322 2108 405 2151 Ejus
427 2109 520 2143 causa
542 2108 638 2153 poffit
659 2109 722 2142 effe
745 2116 858 2142 recens
879 2103 963 2139 illud
983 2102 1018 2137 in
1038 2114 1210 2148 exemptos

322 2158 506 2204 Regulares
518 2183 528 2199 ,
543 2157 648 2193 immo
663 2158 695 2191 in
707 2157 809 2200 ipsam
821 2154 1069 2199 exemptionem
1079 2154 1209 2192 odium.

320 2208 358 2243 N
361 2208 519 2252 uperrirne
530 2208 652 2252 prodiit
665 2207 809 2242 Thomae
819 2204 1062 2241 Cantuarienfis
1074 2203 1207 2239 Archie-

321 2258 448 2302 piscopi
475 2259 574 2293 Liber
595 2257 838 2293 Poenitentialis
859 2281 872 2297 ‚
897 2255 989 2299 cujus
1012 2253 1208 2288 Scholiastes

322 2308 450 2341 effutire
465 2308 499 2351 ὃς
519 2307 655 2341 scribere
679 2317 747 2342 non
771 2306 950 2344 erubescit,
977 2304 1068 2347 quod
1090 2315 1207 2338 omnes

324 2355 553 2400 Apostolicam
565 2357 822 2399 Exemptionem
835 2353 1070 2398 praetendentes
1082 2353 1206 2391 Clerici

1292 756 1463 791 laudabilis
1480 758 1686 793 consuetudo
1699 783 1709 798 ‚
1738 758 1938 804 ideoque‘ab
1957 761 2112 796 omnibus
2125 774 2175 798 ver

1291 808 1431 841 neranda
1443 833 1451 842 .
1480 807 1612 846 Etenim
1624 807 1665 843 de
1678 809 1860 845 istiusmodi
1882 811 2172 853 consuetudinibus

1289 858 1470 900 frequenter
1491 859 1578 893 dixit
1598 859 1734 894 Nicaena
1757 861 1929 903 Synodus:
1957 863 2096 902 Servetur
2118 874 2174 896 an-

1287 912 1374 949 tiqua
1395 907 1583 951 consuetudo.
1613 910 1656 942 Et
1672 909 1791 943 iterum
1809 924 1816 942 ε
1843 913 1912 944 Suls
1934 910 2170 954 Privrlegiasbre

1287 966 1394 995 ventur
1420 958 1572 1003 Ecclffiis.
1602 958 1736 1000 Utique
1758 960 1895 995 fundata
1909 961 1942 995 in
1958 961 2172 999 consuetudi·-

1287 1017 1326 1040 ne
1339 1030 1346 1037 .
1375 1008 1429 1041 De
1440 1006 1586 1044 Nicaenis
1601 1009 1798 1049 Canonibus
1812 1011 1957 1056 Magnus
1979 1012 2072 1055 Leo,
2098 1012 2173 1046 alii·

1284 1067 1346 1098 que
1369 1057 1515 1091 Romani
1535 1052 1716 1094 Pontificlrs
1737 1060 1771 1095 ὅ(
1791 1061 1917 1102 Synodi
1943 1061 2132 1104 scripserunt
2160 1073 2171 1093 ε

1284 1108 1359 1139 Sunt
1380 1108 1496 1148 spiritu
1518 1110 1577 1142 Dei
1600 1109 1735 1149 condrei,
1763 1111 1897 1144 &tonus
1911 1112 2165 1147 Mundireverm-

1282 1165 1327 1189 tra
1343 1155 1524 1200 confice-ati,
1549 1158 1691 1202 ideoque
1713 1170 1773 1193 nec
1799 1171 1853 1202 per
1868 1161 2029 1203 Maiorem
2057 1162 2165 1202 Syno-

1280 1205 1360 1240 dum
1379 1206 1580 1252 abrogabiles
1603 1218 1660 1241 aut
1676 1207 1880 1252 derogabiles
1893 1233 1900 1241 .
1930 1210 1972 1244 Et
1993 1220 2103 1244 tamen
2117 1211 2166 1246 eis

1278 1254 1479 1301 derogarunt
1499 1256 1709 1294 rationabiles
1729 1258 2001 1296 consuetudines.
2032 1259 2167 1295 Etenim

1277 1306 1398 1341 laudati
1424 1308 1578 1347 Canones
1611 1308 1784 1342 sanxerunt
1809 1308 1964 1353 Cypriam
1991 1309 2168 1344 Ecclesiam

1275 1356 1397 1391 subeffe
1420 1356 1647 1393 Antiochenae
1664 1356 1836 1394 Cathedrae
1848 1383 1859 1400 ,
1872 1398 1875 1402 Ι
1888 1360 1922 1397 δι
1934 1358 2024 1396 istius
2039 1358 2170 1394 Metro·

1274 1406 1413 1450 politam
1437 1409 1479 1443 ad
1498 1406 1594 1451 hujus
1606 1407 1833 1450 Patriarcham
1854 1409 2007 1444 accedere
2021 1432 2032 1449 ,
2058 1409 2091 1443 ἃ.
2109 1419 2164 1452 pev

1275 1457 1379 1499 ipsum
1402 1459 1589 1493 confirmari
1611 1458 1645 1493 δε
1669 1458 1868 1498 consecrari.
1900 1460 1943 1494 Et
1965 1469 2076 1494 tamen
2098 1457 2152 1493 bo·

1273 1507 1478 1550 abjudicavit
1502 1507 1665 1551 Ephefina
1694 1508 1849 1552 Synodus
1869 1534 1880 1550 ,
1906 1509 1949 1544 εό
1966 1508 2055 1553 quod
2081 1508 2164 1543 ΒΨ·-

1275 1558 1365 1600 grius
1384 1558 1527 1594 Solenfis
1539 1558 1722 1603 Episcopus
1734 1581 1746 1598 ‚
1772 1559 1896 1603 aliique
1920 1559 2112 1599 testarentur
2124 1558 2162 1599 in

1272 1607 1326 1640 sua
1351 1607 1468 1650 Cypro
1490 1608 1554 1651 jam
1570 1608 1695 1652 pridem
1708 1608 1902 1645 invalescere
1916 1609 2014 1644 aliam
2025 1608 2162 1645 consuet

1272 1657 1441 1691 tudinem.
1467 1658 1549 1693 Haec
1563 1657 1700 1701 Cypriis
1718 1658 1790 1701 post
1799 1670 1961 1704 repertum
1973 1659 2014 1694 ab
2027 1658 2100 1703 ipfiS
2124 1658 2161 1696 S·

1273 1706 1426 1740 Barnabae
1448 1707 1577 1748 Corpus
1597 1708 1688 1741 dedit
1712 1707 1842 1747 plenam
1857 1707 2135 1753 Autocephaliam
2148 1731 2158 1749 .

1276 1755 1370 1799 Qid
1382 1757 1486 1797 magis
1496 1766 1564 1787 non
1577 1754 1789 1792 solummodo
1801 1756 1946 1791 Nieaenis
1957 1783 1969 1797 ‚
1995 1758 2050 1794 sed
2062 1758 2159 1790 insu-.-

1275 1812 1328 1843 per
1347 1802 1552 1844 Apostolicis
1578 1801 1778 1842 Canouibus
1802 1803 1989 1839 adversatur
2008 1829 2020 1846 ,
2057 1816 2160 1848 quam

1276 1851 1379 1893 plures
1400 1851 1435 1885 in
1457 1850 1571 1886 eadem
1585 1851 1720 1894 persona
1736 1851 1978 1896 Episcopatus2
2002 1853 2101 1888 Istam
2111 1864 2159 1891 ta·

1274 1911 1348 1935 men
1372 1900 1592 1944 pluralitatem
1617 1909 1748 1944 propter
1761 1900 2010 1938 consuetudinis
2022 1912 2168 1940 reveren·-⁴

1274 1951 1353 1986 tiam
1375 1950 1491 1986 eadem
1513 1948 1673 1994 Ephefina
1696 1950 1852 1993 Synodus
1874 1952 2023 1995 probavit
2043 1953 2170 1993 &conf

1273 2000 1413 2036 firmavit
1449 2002 1485 2035 in
1509 2001 1650 2044 Europae
1683 1999 1770 2043 apud
1793 1999 1940 2042 Thraces
1962 2002 2136 2045 Provincia
2158 2029 2168 2045 ,

1273 2050 1383 2085 Etiam
1407 2049 1568 2086 Africana
1595 2050 1742 2086 Ecclelia
1765 2051 1872 2094 plures
1883 2051 2168 2088 habuitCanoni-

1271 2098 1329 2135 bus
1353 2101 1501 2137 adversas
1524 2099 1783 2139 consuaudines
1803 2115 1815 2136 .-
1844 2102 1888 2137 Et
1914 2112 2024 2141 tamen
2046 2113 2166 2145 omnes

1271 2151 1423 2187 Romana
1447 2151 1591 2186 Ecclesia
1618 2153 1805 2196 frequenter
1826 2153 2054 2197 comprobavit
2078 2179 2086 2186 .
2113 2152 2163 2188 At

1269 2202 1347 2237 vero.
1358 2201 1559 2236 Sacrosanffl
1583 2202 1784 2237 sacramenti
1813 2203 2001 2248 exponendi
2026 2204 2164 2243 consum

1267 2251 1416 2300 tudinem
1447 2252 1558 2286 nullus
1586 2251 1706 2287 Canon
1730 2252 1916 2295 improbat.
1945 2253 2002 2289 Est
2023 2254 2165 2293 consue-

1267 2300 1348 2338 tudo.
1373 2301 1579 2343 rationabilis
1599 2326 1613 2344 ‚
1640 2299 1837 2344 laudabilis,¹
1863 2302 1914 2346 pie
1933 2302 1969 2344 dc
1990 2302 2074 2338 varie
2097 2304 2165 2338 fru-

1265 2352 1372 2386 ctuosa
1393 2377 1402 2386 .
1431 2351 1575 2402 Rroinde
1599 2352 1711 2392 nullus
1735 2351 1922 2401 Episcopus
1940 2353 2043 2399 ipsam
2066 2352 2163 2398 poffit

323 2415 379 2443 aut
389 2403 551 2455 Monachi
561 2400 577 2451 ,'
599 2406 661 2458 [int
673 2400 807 2458 rebelles
818 2403 882 2456 545⁵
892 2402 1034 2462 Episcop
1042 2403 1067 2438 is
1078 2426 1091 2456 ³.
1107 2412 1207 2461 atque
1268 2401 1392 2450 auferre
1405 2427 1416 2451 .
