2366 3736
360 136 455 194 184

311 222 392 255 tiare
412 218 548 255 diabolo
561 217 714 255 dicuntur
724 237 736 255 ,
754 214 789 251 δε
800 211 928 249 credere
938 211 973 246 in
986 211 1097 246 Deum
1110 235 1122 252 ‚
1132 222 1191 246 un·

314 272 448 306 de&in
461 280 597 304 numero
605 267 753 301 fidelium
772 273 1016 307 computantur,
1033 263 1194 306 pertinen·

314 331 364 356 res
389 321 431 356 ad
458 318 653 354 sententiam
680 315 822 349 Domini
847 312 985 359 dicentis
1008 324 1017 345 ε
1043 314 1110 355 ,Qut
1135 323 1192 346 cro-

315 372 425 405 diderit
450 371 484 403 (a
508 367 684 409 baptizatus
704 365 814 407 fuerit,
833 361 942 408 salvus
964 366 1026 396 erit.
1055 362 1192 406 Propter

314 420 405 466 quod
422 420 458 452 δε
477 417 565 459 illis,
577 417 633 462 qui
645 415 709 450 hoc
722 416 968 450 Sacramentum
990 424 1057 446 non
1075 413 1192 454 accipi·

315 481 377 504 unt
389 492 401 510 ,
426 467 593 512 contingit
606 466 695 511 quod
706 466 855 511 sequitur:
882 467 948 508 ,Qui
957 473 1054 497 autem
1064 474 1121 496 non
1133 473 1190 498 cre·

315 520 449 559 diderit,
475 517 733 554 condemnabitur.
763 514 912 551 Unde&
939 515 1015 558 ipfi,
1044 513 1123 549 sicut
1145 511 1178 545 di
1236 528 1239 543 ι

313 569 365 610 xi,
392 568 531 602 fiinilla
544 578 639 614 parva
667 576 759 603 aetate
786 567 995 606 moriuntur,
1019 566 1137 607 utique
1148 563 1191 596 se·

736 130 866 173 ANT
888 138 1032 183 iqua
1067 122 1377 171 Ecctestoe
1410 120 1700 170 chnau

1326 260 1596 298 ROMANA
1635 261 1665 295 s.
1704 253 2047 303 cenes-rm}

1498 310 1866 348 PoNTrFtcrs
1960 338 1963 341 ,

1488 410 1891 448 sYNoDUs.

1370 509 1446 546 Anc
1466 509 1638 555 synodum
1651 509 1759 547 laudat
1772 513 1807 547 in
1835 512 1922 548 libro
1931 522 2048 549 contra
2057 498 2138 551 Col-

1388 561 1525 597 latorem
1549 561 1579 595 S.
1601 560 1739 605 Prosper
1756 575 1764 595 ε
1782 564 1971 598 Venerabilis
1987 571 2136 600 memoriae

311 617 459 657 cundum
472 629 509 654 ea
520 629 590 663 quae
599 628 654 662 per
663 616 970 662 corpusgefferunt;
997 613 1030 648 id
1042 613 1190 654 est‚tem-
1236 611 1396 659 ‚Pontifex
1417 611 1599 651 Calatinus,
1626 609 1727 654 sciens
1749 614 1905 647 damnatis
1926 626 1985 648 non
2006 626 2135 650 examen

311 679 391 713 pore
416 679 484 713 quo
512 671 696 713 incorpore
721 669 864 705 fuerunt,
887 666 1020 708 quando
1046 674 1102 706 per
1123 674 1191 699 eor·

310 719 353 754 da
378 719 414 753 δε
437 730 495 754 ora
521 715 938 764 gestantiumcrediderunt
964 714 1017 749 vel
1044 723 1110 747 non
1128 723 1194 747 cre-

308 768 465 804 diderunt
484 792 495 808 ,
521 769 656 812 quando
681 768 832 812 baptizati
863 766 914 798 vel
942 776 1010 799 non
1035 763 1190 807 baptizati

307 820 403 860 sunt,
430 820 565 867 quando
594 827 723 853 carnem
753 815 874 851 Christi
911 815 1190 850 manducaverunt

303 870 361 904 ⁴vel
388 879 456 903 non
485 870 766 904 manducaverunt
789 892 800 908 ,
828 864 963 909 quando
997 866 1034 899 δε·
1057 864 1190 908 sangui-

307 930 386 954 nem
412 919 565 954 biberunt
593 919 644 953 vel
681 928 751 952 non
786 916 937 951 biberunt
961 939 973 956 ,
1011 913 1189 951 secundum

307 967 377 1003 brec
402 969 481 1015 erg&
506 981 574 1013 quae
600 980 655 1013 per
681 978 800 1011 corpus
826 966 1012 1011 gesserunt,
1052 976 1120 999 non
1149 965 1190 998 se-

304 1019 453 1055 cundum
482 1032 517 1054 ea
543 1030 613 1064 quae
639 1019 661 1053 fi
686 1018 743 1053 diu
755 1015 810 1051 hie
837 1017 982 1052 viverent
1009 1015 1190 1061 gesturifu-

306 1080 423 1111 erant,
447 1070 656 1113 judicantur.

310 1138 317 1146 ·
358 1117 388 1155 8.
415 1121 519 1155 Simul
548 1120 658 1155 felices
693 1118 757 1152 effe
783 1126 946 1157 mortuos,
971 1115 1028 1159 qui
1057 1114 1091 1148 in
1121 1114 1188 1148 Do-

306 1169 402 1202 mino
414 1171 602 1204 moriuntur
624 1192 635 1209 ,
673 1179 734 1202 nec
758 1167 800 1201 ad
827 1177 883 1200 eos
910 1167 1072 1208 pertinere
1098 1162 1189 1204 quid-

303 1219 383 1261 quid
410 1220 511 1255 asturi
544 1220 673 1254 fuerant
696 1242 707 1260 ,
741 1217 764 1250 si
798 1225 947 1260 tempore
982 1214 1190 1250 diuturniore

302 1268 471 1303 vixissent.
829 1267 844 1280 ”
877 1276 882 1283 ·
1076 1270 1077 1273 ’

355 1329 406 1354 10⁴
437 1319 565 1352 Scimus
588 1318 729 1361 eoquui
757 1314 854 1350 corde
881 1315 1013 1360 proprio
1051 1311 1188 1351 credunt

303 1368 578 1408 in‘Dominum,
606 1369 662 1401 sua
690 1367 726 1401 id
753 1367 857 1400 facere
890 1366 1062 1400 voluntate
1086 1376 1126 1399 ac
1151 1364 1187 1399 li-

303 1418 391 1455 bero»
404 1416 544 1452 ⁴arbitrio
555 1443 562 1450 .
1064 1428 1067 1429 ν

358 1479 410 1505 11.
443 1471 643 1512 Scimuspro·
665 1464 714 1501 eis
739 1466 795 1508 qui
826 1465 945 1500 nolunt
971 1464 1113 1505 credere,
1128 1474 1189 1503 nos

303 1521 360 1560 qui
387 1518 452 1561 jam
473 1519 652 1557 credimus,
673 1518 756 1554 resta
782 1516 948 1560 fideagere
972 1515 1048 1550 cum
1075 1517 1185 1550 Deum

305 1580 436 1603 oramus
464 1580 501 1603 ut
527 1567 649 1602 velint.

356 1629 408 1657 12.
437 1621 564 1654 Scimus
588 1628 647 1661 pro
660 1617 706 1654 eis
735 1616 790 1659 qui
818 1627 859 1649 ex
887 1614 951 1648 illis
964 1614 1184 1654 crediderunt,

301 1679 459 1712 tanquam
480 1668 521 1702 de
542 1667 710 1702 beneficiis
732 1664 814 1700 reste
832 1675 931 1708 atque
959 1665 1112 1699 veraciter
1153 1665 1187 1699 δε

303 1719 423 1755 debere
444 1729 504 1752 nos
530 1717 608 1751 Deo
631 1727 729 1761 agere
753 1715 874 1760 gratias
894 1716 929 1749 ἀ
955 1715 1078 1750 solere.

381 1819 589 1853 Valentiniani
616 1820 701 1848 term
728 1812 920 1854 Imperatori?
948 1808 1117 1848 adver-sitm

611 1865 786 1908 Pelagianos
816 1867 898 1897 Lex.

395 1966 499 2002 Tiam
523 1965 730 1999 Gallicanam
752 1961 953 2002 Ecclesiam,
978 1962 1011 1997 δε
1032 1960 1192 2009 quosdam

412 2018 483 2060 ejus
511 2016 692 2059 Episcopus
717 2013 831 2047 invafit
859 2010 928 2046 haec
942 2013 1022 2052 lues,
1051 2013 1196 2055 ideoque

308 2068 483 2103 Patroclus
505 2064 695 2100 Arelatensis
718 2061 1015 2105 Archiepiscopus,
1052 2061 1196 2105 Aposto-

310 2119 380 2151 licae
402 2118 493 2152 Sedis
510 2127 564 2159 per
586 2113 731 2148 Galliam
752 2112 917 2151 Vicarius,
942 2113 1082 2146 Domini
1107 2123 1197 2146 anno

316 2166 640 2210 quadringentesimo
662 2162 940 2207 vigesimoquinto
967 2162 1155 2203 impetravit
1179 2162 1196 2194 ὲ

313 2216 554 2251 Valentiniano
574 2212 672 2247 tertio
697 2215 804 2256 legem
817 2234 828 2250 ,
850 2210 941 2251 cujus
969 2209 1036 2243 haec
1049 2210 1092 2242 est
1105 2221 1196 2253 pars.

314 2321 511 2358 Imperatores
538 2310 707 2353 Theodofius
720 2308 876 2354 Augustus,
899 2310 933 2342 ὠ·
961 2310 1195 2342 Valentinianus

403 2363 508 2407 Caesar
536 2367 685 2400 Armatto,
711 2365 777 2393 viro
800 2358 905 2398 illustri
927 2383 937 2398 ,
965 2358 1112 2400 Praefello

427 2410 434 2412 “
573 2415 716 2444 Praetorio
743 2410 936 2443 Galliarum.

426 2512 548 2546 lversos
577 2508 757 2552 Episcopos
780 2531 792 2548 ,
829 2507 992 2543 nentium
1026 2507 1199 2552 Pelagiani

442 2563 474 2596 &
495 2559 671 2596 Celestiani
699 2559 868 2603 dogmatis
893 2568 1033 2593 errorem
1073 2559 1201 2601 sequen-

319 2625 368 2653 tes
378 2638 390 2655 ,
414 2623 470 2656 per
481 2610 667 2645 Patroclum
681 2609 888 2643 saerosanstae
909 2606 991 2652 legis
1004 2608 1200 2642 Antistitem

320 2663 525 2710 praecipimus
550 2659 739 2696 conveniri.
767 2658 863 2704 Quos
890 2658 967 2700 quia
1003 2658 1202 2692 confidimus

320 2713 509 2752 emendari,
533 2711 592 2746 nifi
619 2711 706 2744 intra
734 2708 854 2753 viginti
883 2708 952 2742 dies
977 2718 1017 2741 ex
1035 2710 1202 2743 conventi·

320 2765 396 2799 onis
420 2773 582 2806 tempore,
609 2761 695 2794 intra
721 2769 805 2802 quos
816 2756 1204 2792 deliberanditribuimus

321 2814 533 2853 facultatem,
560 2821 664 2846 errata
689 2807 889 2844 correxerint
905 2829 917 2846 ,
954 2808 1052 2848 seque
1077 2807 1203 2842 Catho-

322 2866 392 2898 licae
411 2862 503 2898 Fidei
534 2860 764 2900 reddiderint,
798 2856 980 2893 Gallicanis
1015 2858 1206 2902 regionibus

322 2914 458 2957 expelli,
483 2922 580 2956 atque
594 2912 628 2944 in
654 2920 769 2944 eorum
799 2909 876 2942 loco
903 2907 1116 2943 Sacerdotum
1130 2908 1206 2943 fide·

323 2963 364 2997 lis
384 2962 568 3007 subrogari,
592 2960 755 3003 quatenus
782 2957 941 3003 praesentis
968 2957 1084 2991 erroris
1097 2969 1206 2994 macu-

323 3014 355 3046 la
369 3013 409 3046 de
435 3012 628 3054 populorum
641 3009 761 3045 animis
784 3018 940 3053 tergatur,
965 3008 997 3041 ὅ(
1023 3008 1139 3042 futurae
1151 3008 1206 3043 bo·

325 3073 405 3096 num
424 3060 600 3104 disciplinae
613 3061 829 3094 restituatur.
854 3059 943 3092 Data
966 3067 1042 3092 v11.
1065 3056 1140 3092 Idus
1156 3060 1205 3102 Ju-

326 3112 385 3145 lias
416 3110 589 3154 Aquilejae.
632 3110 744 3144 Conff.
772 3111 814 3145 D.
834 3109 882 3142 N.
905 3106 1100 3143 Theodosio
1112 3107 1206 3155 Aug.

328 3164 388 3198 XI.
410 3163 444 3199 δε
467 3159 703 3195 ValentinIano
724 3160 800 3197 Caess
829 3159 931 3195 Cous.

1247 663 1369 703 Judictt,
1386 661 1541 705 sedfhlum
1549 662 1728 703 poem'tentia
1745 665 1908 697 remedium
1928 665 1979 708 effe
1983 665 2135 707 praessan-

1255 713 1326 745 dum
1340 734 1351 751 ,
1363 712 1515 752 celestium
1526 735 1536 751 ‚
1554 711 1639 754 quafi
1656 722 1714 746 non
1736 711 1857 756 difiuffo
1879 721 1991 759 negotio
2012 717 2137 750 audien·

1254 766 1330 795 tiam
1348 762 1543 804 postulantem
1557 786 1568 802 ,
1590 767 1680 795 totius
1705 763 2009 806 ltaliaefintbusjuffit
2034 774 2137 800 extru-

1254 813 1288 845 di
1302 837 1311 846 .
1340 815 1419 846 Adeo
1434 814 1469 847 <5
1482 813 1687 855 Praecefforum
1697 811 1815 855 suorum
1825 816 1948 847 statuta
1958 839 1969 855 ,
1981 817 2016 850 Θ
2030 819 2134 850 Decre-

1253 869 1287 895 ta
1297 864 1451 903 synodalia
1463 863 1683 897 inviolabiliter
1689 860 1846 905 servanda
1856 863 2004 907 censebat,
2014 872 2046 898 ut
2057 866 2138 907 quod

1249 909 1341 955 semel
1360 922 1507 947 meruerat
1517 912 1665 956 abscindi,
1687 924 1878 957 nequaquam
1896 915 2073 952 admitteret
2083 925 2135 948 re-

1254 962 1386 996 traam
1394 988 1403 996 .
1430 968 1466 997 N
1468 975 1499 997 ec
1510 966 1580 997 vero
1587 962 1718 1007 segniori
1728 975 1800 998 cura
1816 965 1855 998 ab
1866 964 1916 997 hoc
1928 966 2029 998 eodem
2039 963 2138 998 morbo

1257 1014 1440 1046 Britannias
1451 1014 1608 1054 liberavit,
1632 1016 1755 1056 quando
1767 1014 1911 1058 quosdam
1924 1019 2058 1049 inimicos
2065 1027 2139 1059 gra-

1254 1068 1309 1095 ttae
1316 1060 1411 1104 solum
1417 1061 1483 1106 suae
1494 1069 1616 1108 originis
1630 1072 1800 1106 occupantes
1810 1090 1820 1106 ,
1830 1071 1921 1098 ettam
1934 1065 1974 1098 ab
1988 1066 2039 1099 illo
2045 1064 2139 1109 secre-

1254 1122 1285 1146 to
1297 1112 1412 1153 exclusit
1423 1118 1534 1148 oceani
1545 1138 1557 1154 ,
1567 1115 1601 1150 &t
1611 1115 1748 1149 ordinato
1757 1118 1848 1148 Scotls
1870 1114 2017 1158 Episcopo
2031 1137 2043 1155 ,
2064 1116 2140 1147 dum

1255 1166 1425 1197 Romanam
1436 1162 1564 1206 insulam
1573 1164 1673 1204 studet
1692 1163 1817 1207 servare
1839 1165 2026 1199 catholicam
2047 1171 2140 1199 etiam

1256 1211 1422 1246 barbaram
1437 1213 1516 1254 fecte
1536 1213 1738 1256 christianam
1751 1242 1758 1249 .
1782 1216 1867 1263 Qae
1887 1216 2003 1249 cuncta
2024 1216 2141 1250 eadem

1256 1262 1397 1310 Synodo
1427 1263 1580 1299 videntur
1604 1264 1693 1309 gesta
1715 1289 1733 1298 ..
1765 1264 1850 1303 Eam
1875 1264 2022 1306 ejusdem
2049 1263 2143 1298 Pros-

1255 1313 1321 1356 peri
1334 1310 1529 1348 Chronicon
1541 1313 1864 1358 quadringentesimo
1877 1312 2144 1358 trigefimofler-

1254 1373 1396 1398 mannus
1407 1362 1600 1398 Contractus
1618 1362 1772 1399 adscribit
1780 1374 1871 1399 anno
1892 1362 2144 1410 quadringente·

1254 1413 1337 1448 fimo
1364 1412 1524 1460 vigesimo
1534 1424 1628 1449 nono
1639 1438 1647 1446 .

1397 1510 1655 1557 AcTio
1718 1511 2012 1548 PR1MA.·

1339 1611 1401 1645 ER
1414 1611 1581 1646 laudatam
1593 1610 1788 1646 Constantii
1800 1613 1905 1658 legem
1922 1613 1962 1648 ad
1973 1623 2107 1648 centum
2124 1614 2144 1648 ὲ

1354 1662 1462 1706 Regia
1488 1660 1567 1695 urbe
1591 1660 1694 1696 miliia
1707 1665 1856 1697 extrusus
1865 1662 2024 1699 Celestius
2046 1664 2145 1698 rediit

1259 1712 1293 1746 in
1315 1710 1445 1746 Italiam
1458 1711 1614 1752 ‚causam
1627 1711 1694 1746 sine
1704 1713 1860 1748 examine
1881 1714 2023 1749 decisam
2045 1713 2148 1749 blate-
2182 1754 2185 1758 ¹

1258 1771 1346 1802 rare,
1371 1762 1408 1795 ἀ
1435 1772 1612 1805 provocare
1636 1761 1678 1796 ad
1705 1762 1878 1806 Synodum
1906 1762 2048 1807 perrexit
2069 1787 2082 1804 ,
2111 1763 2146 1797 &

1261 1821 1336 1844 cum
1358 1810 1511 1855 Collegis
1546 1810 1717 1856 Episcopis
1740 1812 1808 1857 egit
1831 1813 1963 1848 turbas.
1986 1813 2085 1848 Hine
2099 1811 2148 1857 ip-

1262 1861 1332 1893 sum
1354 1861 1537 1904 regradavit
1558 1859 1718 1895 Pontifex
1734 1885 1745 1901 ,
1763 1863 1952 1907 proscripsit
1967 1862 2010 1898 ab
2023 1862 2123 1898 Italia
2136 1886 2149 1903 ‚

1264 1912 1294 1945 ἀ
1318 1908 1516 1954 ubicumque
1539 1910 1694 1953 proscribi
1716 1911 1908 1947 mandavit.
1964 1929 1967 1931 ⁴

1315 1959 1388 1992 Nec
1412 1960 1519 1993 solum
1543 1959 1663 2002 ipsum,
1687 1962 1740 1994 sed
1762 1962 1862 1996 etiam
1887 1962 2065 2005 Iulianum,
2076 1959 2150 1995 Flo-

1266 2019 1338 2042 rum
1354 2032 1366 2049 ,
1386 2007 1548 2048 Fabium,
1573 2009 1773 2051 Orentium,
1797 2010 2036 2050 Marcellinum
2047 2010 2150 2053 ,Per-

1266 2058 1392 2097 fidium,
1412 2058 1446 2093 δε
1457 2057 1576 2092 ssmiles
1587 2058 1699 2094 nescio
1710 2070 1848 2102 quarum
1860 2061 1895 2095 in
1907 2055 2002 2097 Italia
2014 2062 2150 2096 Sedium

1265 2106 1386 2150 dejecit
1412 2108 1624 2151 Episcoposg:
1651 2109 1725 2144 Nec
1747 2111 1877 2146 tantum
1908 2111 2000 2155 juxta
2024 2111 2151 2161 Gratia·

1269 2158 1302 2191 ni
1326 2159 1432 2201 legem
1443 2157 1484 2191 ad
1495 2167 1629 2192 centum
1642 2158 1685 2192 ab
1695 2160 1839 2202 ipsorum
1862 2161 2006 2198 civitate*
2019 2158 2126 2201 millia
2138 2183 2152 2202 2

1268 2205 1330 2242 sedi
1343 2217 1434 2239 extra
1455 2216 1590 2240 omnem
1615 2208 1694 2242 item
1706 2209 1837 2244 Italiam
1860 2210 2001 2254 abjecit.

1317 2256 1412 2290 Hinc
1425 2257 1458 2291 &
1479 2257 1535 2299 ipsi
1555 2256 1751 2299 resumpsere
1762 2259 2039 2301 appellationem,
2055 2260 2150 2295 intra·

1265 2316 1341 2340 runt
1353 2305 1697 2348 Constantinopolim,
1710 2306 1728 2339 a
1740 2307 1897 2343 Nestorio
1907 2307 2048 2351 ejusdem
2059 2304 2151 2343 com-

1267 2356 1362 2390 matis
1383 2356 1549 2400 Episcopo
1566 2357 1660 2391 fueoe
1682 2355 1858 2392 introdusti
1879 2356 1922 2393 ad
1946 2358 2151 2402 Principem,

1267 2416 1303 2440 ut
1329 2405 1529 2440 orthodoxis
1555 2405 1757 2448 temporibus
1778 2407 1856 2451 paffi
1877 2409 2154 2452 persecutionem,

1267 2456 1346 2498 quin
1370 2456 1404 2489 ἀ
1426 2455 1598 2491 Celestino
1614 2455 1775 2491 Pontifici
1796 2458 2042 2494 commendati.
2083 2457 2150 2493 Ve-

1240 2515 1241 2521 ¹
1268 2506 1338 2540 rum
1363 2504 1416 2540 hic
1441 2506 1595 2547 rescripsit
1618 2506 1773 2541 Atticum
1797 2506 1892 2542 fuine
1921 2507 2120 2542 imitandum
2141 2529 2153 2547 ,

1268 2558 1301 2590 δε
1334 2555 1487 2590 effrontes
1515 2555 1684 2589 haereticos
1712 2555 1809 2598 juxta
1835 2556 2031 2602 Principum
2063 2556 2153 2602 leges

1270 2608 1350 2640 intra
1374 2605 1515 2649 Regiam
1540 2605 1710 2640 civitatem
1729 2617 1792 2640 nec
1811 2606 2053 2645 admittendos.
2067 2607 2155 2643 Am-

1271 2657 1386 2691 borum
1417 2656 1524 2689 literas
1551 2654 1705 2691 habesin
1736 2655 1842 2700 prima
1873 2667 1966 2700 parte
1999 2656 2153 2693 concilii

1242 2718 1245 2725 ¹
1273 2705 1425 2750 Ephesinj
1441 2730 1448 2741 v

1319 2756 1395 2789 Hac
1415 2757 1493 2789 item
1514 2755 1658 2789 Aetione
1676 2756 1795 2790 factum
1814 2753 1861 2791 est
1880 2779 1892 2796 ,
1915 2755 2006 2798 quod
2030 2753 2071 2790 ad
2098 2755 2151 2798 Ju-

1272 2807 1419 2845 lianum,
1443 2805 1588 2850 Collegae
1611 2806 1660 2840 sui
1681 2805 1867 2841 Turbantii
1890 2805 2028 2840 virtutes
2048 2805 2155 2840 extol·

1273 2857 1417 2895 lentem,
1442 2855 1476 2889 in
1501 2857 1607 2899 primo
1630 2856 1795 2891 noviffimi
1817 2856 1926 2900 operis
1945 2854 2032 2891 libro
2041 2854 2154 2889 scribit

1271 2907 1392 2939 sanstus
1404 2905 1618 2950 Augustinus:
1639 2907 1760 2940 Utinam
1770 2912 1895 2940 imiteris
1908 2905 2118 2946 rurbannum,
2132 2907 2156 2939 a

1270 2956 1364 2995 'vestro
1382 2967 1476 2989 errore
1492 2956 1653 2990 liberatum
1675 2981 1682 2988 .
1711 2956 1890 3002 Regradari
1914 2967 1953 2991 ac
1985 2955 2155 2999 deportari
2212 2978 2214 2981 .

1272 3005 1329 3040 hic
1351 3005 1588 3046 metuens,hac
1613 3006 1647 3040 in
1669 3006 1809 3050 synodo
1821 3005 1980 3040 valedixit
2003 3004 2157 3049 Pelagio,

1273 3066 1374 3100 atque
1396 3056 1441 3090 ita
1461 3067 1502 3089 ex
1514 3055 1747 3100 dispensatoria
1759 3055 1943 3092 Catholicae
1953 3055 2074 3091 Matris
2086 3065 2155 3102 gra-

1273 3108 1320 3143 tia
1341 3106 1527 3150 Episcopus
1550 3107 1683 3142 manfit.

1349 3205 1605 3243 ACTIO
1672 3203 2082 3241 SECUNDA.

1395 3305 1472 3341 Anc
1494 3306 1654 3340 astionem
1673 3304 1713 3339 ad
1740 3302 2156 3352 quadringentesimumtri·

1407 3357 1563 3401 gefimum
1584 3355 1724 3390 Domini
1747 3368 1873 3391 annum
1897 3355 2008 3391 laudat
2019 3351 2158 3387 spros-

1275 3405 1342 3449 peri
1353 3405 1694 3450 Chroniconzdgricola
1705 3407 2054 3451 Pelagianussseveriam
2067 3402 2157 3436 Pela-

1270 3459 1357 3503 giani
1365 3454 1505 3502 Episcopi
1513 3454 1756 3500 filiussscclefias
1768 3459 1939 3495 Britannia
1945 3455 2093 3499 dogmatis
2101 3449 2154 3501 sat

2062 3506 2109 3537 in·
