<?xml version="1.0" encoding="UTF-8"?>
<!DOCTYPE html PUBLIC "-//W3C//DTD XHTML 1.0 Transitional//EN"
    "http://www.w3.org/TR/xhtml1/DTD/xhtml1-transitional.dtd">
<html xmlns="http://www.w3.org/1999/xhtml" xml:lang="en" lang="en">
 <head>
  <title>
</title>
<meta http-equiv="Content-Type" content="text/html;charset=utf-8" />
  <meta name='ocr-system' content='tesseract 3.04.00' />
  <meta name='ocr-capabilities' content='ocr_page ocr_carea ocr_par ocr_line ocrx_word'/>
</head>
<body>
  <div class='ocr_page' id='page_1' title='image "./operaomniastudio11lupuuoft/operaomniastudio11lupuuoft_0108.png"; bbox 0 0 2366 3736; ppageno 0'>
   <div class='ocr_carea' id='block_1_1' title="bbox 148 1859 278 1953">
    <p class='ocr_par' dir='ltr' id='par_1_1' title="bbox 148 1859 278 1953">
     <span class='ocr_line' id='line_1_1' title="bbox 148 1859 277 1906; baseline 0.016 -16"><span class='ocrx_word' id='word_1_1' title='bbox 148 1859 205 1901; x_wconf 70' lang='lat' dir='ltr'>Pp.</span> <span class='ocrx_word' id='word_1_2' title='bbox 223 1871 277 1906; x_wconf 86' lang='lat'>71.</span> 
     </span>
     <span class='ocr_line' id='line_1_2' title="bbox 153 1910 278 1953; baseline 0 -11"><span class='ocrx_word' id='word_1_3' title='bbox 153 1910 278 1953; x_wconf 80' lang='lat' dir='ltr'>cap.46.</span> 
     </span>
    </p>
   </div>
   <div class='ocr_carea' id='block_1_2' title="bbox 149 2260 307 2355">
    <p class='ocr_par' dir='ltr' id='par_1_2' title="bbox 149 2260 307 2355">
     <span class='ocr_line' id='line_1_3' title="bbox 151 2260 307 2297; baseline -0.013 -2"><span class='ocrx_word' id='word_1_4' title='bbox 151 2260 226 2295; x_wconf 88' lang='lat' dir='ltr'>Lib.</span> <span class='ocrx_word' id='word_1_5' title='bbox 254 2271 307 2297; x_wconf 80' lang='lat'>12.</span> 
     </span>
     <span class='ocr_line' id='line_1_4' title="bbox 149 2320 279 2355; baseline -0.015 -10"><span class='ocrx_word' id='word_1_6' title='bbox 149 2320 279 2355; x_wconf 84' lang='lat' dir='ltr'>cap.22.</span> 
     </span>
    </p>
   </div>
   <div class='ocr_carea' id='block_1_3' title="bbox 340 286 2170 770">
    <p class='ocr_par' dir='ltr' id='par_1_3' title="bbox 339 286 2170 770">
     <span class='ocr_line' id='line_1_5' title="bbox 340 286 2170 578; baseline -0.002 -141.002"><span class='ocrx_word' id='word_1_7' title='bbox 340 286 2170 578; x_wconf 46' lang='lat' dir='ltr'>DISSERPJATIO</span> 
     </span>
     <span class='ocr_line' id='line_1_6' title="bbox 476 588 2059 682; baseline -0.005 -19"><span class='ocrx_word' id='word_1_8' title='bbox 476 593 1140 682; x_wconf 67' lang='lat' dir='ltr'><strong>‘ANTIQU&#39;A</strong></span> <span class='ocrx_word' id='word_1_9' title='bbox 1215 588 2059 659; x_wconf 65' lang='lat' dir='ltr'>DtlsCIPLINA</span> 
     </span>
     <span class='ocr_line' id='line_1_7' title="bbox 606 713 1883 770; baseline -0.006 -1"><span class='ocrx_word' id='word_1_10' title='bbox 606 713 1320 770; x_wconf 83' lang='lat' dir='ltr'>CHRISTIANAE</span> <span class='ocrx_word' id='word_1_11' title='bbox 1391 714 1883 762; x_wconf 89' lang='lat' dir='ltr'><strong>MILITIAE.</strong></span> 
     </span>
    </p>
   </div>
   <div class='ocr_carea' id='block_1_4' title="bbox 315 3247 1188 3293">
    <p class='ocr_par' dir='ltr' id='par_1_4' title="bbox 315 3247 1188 3293">
     <span class='ocr_line' id='line_1_8' title="bbox 315 3247 1188 3293; baseline -0.007 -7"><span class='ocrx_word' id='word_1_12' title='bbox 315 3253 534 3293; x_wconf 37' lang='lat' dir='ltr'>*vinculumque</span> <span class='ocrx_word' id='word_1_13' title='bbox 546 3252 701 3284; x_wconf 83' lang='lat' dir='ltr'>concordiae</span> <span class='ocrx_word' id='word_1_14' title='bbox 712 3275 722 3289; x_wconf 95' lang='lat'>‚</span> <span class='ocrx_word' id='word_1_15' title='bbox 742 3251 834 3291; x_wconf 84' lang='lat' dir='ltr'>finon</span> <span class='ocrx_word' id='word_1_16' title='bbox 853 3251 969 3283; x_wconf 71' lang='lat' dir='ltr'>tantum</span> <span class='ocrx_word' id='word_1_17' title='bbox 982 3256 1059 3284; x_wconf 85' lang='lat' dir='ltr'>inter</span> <span class='ocrx_word' id='word_1_18' title='bbox 1069 3247 1101 3291; x_wconf 82' lang='lat' dir='ltr'>se</span> <span class='ocrx_word' id='word_1_19' title='bbox 1116 3257 1188 3280; x_wconf 84' lang='lat' dir='ltr'>natu</span> 
     </span>
    </p>
   </div>
   <div class='ocr_carea' id='block_1_5' title="bbox 326 851 1230 1299">
    <p class='ocr_par' dir='ltr' id='par_1_5' title="bbox 326 851 1230 1299">
     <span class='ocr_line' id='line_1_9' title="bbox 491 851 1230 904; baseline 0 -16"><span class='ocrx_word' id='word_1_20' title='bbox 491 880 548 900; x_wconf 40' lang='grc' dir='ltr'>,ἃ</span> <span class='ocrx_word' id='word_1_21' title='bbox 572 884 608 904; x_wconf 31' lang='grc' dir='ltr'>,Ν</span> <span class='ocrx_word' id='word_1_22' title='bbox 632 884 643 903; x_wconf 38' lang='lat'><em>5</em></span> <span class='ocrx_word' id='word_1_23' title='bbox 674 870 677 875; x_wconf 72' lang='lat'><strong><em>¹</em></strong></span> <span class='ocrx_word' id='word_1_24' title='bbox 698 853 868 891; x_wconf 83' lang='lat' dir='ltr'>UIDAM</span> <span class='ocrx_word' id='word_1_25' title='bbox 896 851 1008 887; x_wconf 65' lang='lat' dir='ltr'>Hodie</span> <span class='ocrx_word' id='word_1_26' title='bbox 1018 853 1230 897; x_wconf 76' lang='lat' dir='ltr'>censentjure</span> 
     </span>
     <span class='ocr_line' id='line_1_10' title="bbox 429 896 1230 948; baseline -0.007 -5"><span class='ocrx_word' id='word_1_27' title='bbox 429 902 453 916; x_wconf 48' lang='lat' dir='ltr'><strong><em>s</em></strong></span> <span class='ocrx_word' id='word_1_28' title='bbox 642 896 648 917; x_wconf 54' lang='lat'><strong>⁴</strong></span> <span class='ocrx_word' id='word_1_29' title='bbox 725 905 910 940; x_wconf 88' lang='lat' dir='ltr'>bellilicere</span> <span class='ocrx_word' id='word_1_30' title='bbox 931 903 1063 938; x_wconf 87' lang='lat' dir='ltr'>omnia:</span> <span class='ocrx_word' id='word_1_31' title='bbox 1090 905 1230 948; x_wconf 85' lang='lat' dir='ltr'>gerenti-</span> 
     </span>
     <span class='ocr_line' id='line_1_11' title="bbox 644 953 1228 999; baseline -0.003 -9"><span class='ocrx_word' id='word_1_32' title='bbox 644 987 655 999; x_wconf 68' lang='grc'><em>,</em></span> <span class='ocrx_word' id='word_1_33' title='bbox 722 955 781 990; x_wconf 87' lang='lat' dir='ltr'>bus</span> <span class='ocrx_word' id='word_1_34' title='bbox 801 954 885 989; x_wconf 86' lang='lat' dir='ltr'>bella</span> <span class='ocrx_word' id='word_1_35' title='bbox 924 953 1130 997; x_wconf 81' lang='lat' dir='ltr'>Principibus</span> <span class='ocrx_word' id='word_1_36' title='bbox 1165 955 1228 988; x_wconf 81' lang='lat' dir='ltr'>effe</span> 
     </span>
     <span class='ocr_line' id='line_1_12' title="bbox 655 1003 1227 1050; baseline -0.003 -11"><span class='ocrx_word' id='word_1_37' title='bbox 655 1008 665 1039; x_wconf 82' lang='grc'>,’</span> <span class='ocrx_word' id='word_1_38' title='bbox 722 1007 854 1050; x_wconf 87' lang='lat' dir='ltr'>plenam</span> <span class='ocrx_word' id='word_1_39' title='bbox 877 1003 1070 1048; x_wconf 81' lang='lat' dir='ltr'>potestatem</span> <span class='ocrx_word' id='word_1_40' title='bbox 1083 1006 1115 1037; x_wconf 93' lang='lat' dir='ltr'>in</span> <span class='ocrx_word' id='word_1_41' title='bbox 1129 1005 1227 1038; x_wconf 89' lang='lat' dir='ltr'>sortu-</span> 
     </span>
     <span class='ocr_line' id='line_1_13' title="bbox 725 1054 1227 1091; baseline -0.008 0"><span class='ocrx_word' id='word_1_42' title='bbox 725 1056 824 1091; x_wconf 86' lang='lat' dir='ltr'>nas&amp;</span> <span class='ocrx_word' id='word_1_43' title='bbox 847 1054 1006 1088; x_wconf 80' lang='lat' dir='ltr'>Hostium</span> <span class='ocrx_word' id='word_1_44' title='bbox 1031 1054 1227 1088; x_wconf 82' lang='lat' dir='ltr'>&amp;Subdito-</span> 
     </span>
     <span class='ocr_line' id='line_1_14' title="bbox 721 1103 1228 1143; baseline -0.008 -3"><span class='ocrx_word' id='word_1_45' title='bbox 721 1118 813 1140; x_wconf 86' lang='lat' dir='ltr'>rum.</span> <span class='ocrx_word' id='word_1_46' title='bbox 840 1105 896 1139; x_wconf 87' lang='lat' dir='ltr'>Est</span> <span class='ocrx_word' id='word_1_47' title='bbox 909 1103 1021 1143; x_wconf 80' lang='lat' dir='ltr'>devia,</span> <span class='ocrx_word' id='word_1_48' title='bbox 1050 1104 1188 1137; x_wconf 80' lang='lat' dir='ltr'>crudelis</span> <span class='ocrx_word' id='word_1_49' title='bbox 1217 1127 1228 1143; x_wconf 91' lang='lat'>,</span> 
     </span>
     <span class='ocr_line' id='line_1_15' title="bbox 722 1153 1225 1198; baseline -0.008 -9"><span class='ocrx_word' id='word_1_50' title='bbox 722 1156 739 1189; x_wconf 70' lang='lat' dir='ltr'>a</span> <span class='ocrx_word' id='word_1_51' title='bbox 760 1155 925 1198; x_wconf 79' lang='lat' dir='ltr'>Majorum</span> <span class='ocrx_word' id='word_1_52' title='bbox 959 1153 1142 1187; x_wconf 85' lang='lat' dir='ltr'>nostrorum</span> <span class='ocrx_word' id='word_1_53' title='bbox 1163 1153 1225 1196; x_wconf 90' lang='lat' dir='ltr'>pie-</span> 
     </span>
     <span class='ocr_line' id='line_1_16' title="bbox 705 1201 1222 1247; baseline -0.004 -9"><span class='ocrx_word' id='word_1_54' title='bbox 705 1216 776 1239; x_wconf 87' lang='lat' dir='ltr'>tate</span> <span class='ocrx_word' id='word_1_55' title='bbox 790 1230 801 1245; x_wconf 90' lang='lat'><strong>,</strong></span> <span class='ocrx_word' id='word_1_56' title='bbox 830 1203 899 1237; x_wconf 63' lang='lat' dir='ltr'>acb,</span> <span class='ocrx_word' id='word_1_57' title='bbox 921 1201 1115 1236; x_wconf 82' lang='lat' dir='ltr'>Christianis</span> <span class='ocrx_word' id='word_1_58' title='bbox 1127 1202 1222 1247; x_wconf 77' lang='lat' dir='ltr'>Legi-</span> 
     </span>
     <span class='ocr_line' id='line_1_17' title="bbox 326 1252 1223 1299; baseline -0.006 -8"><span class='ocrx_word' id='word_1_59' title='bbox 326 1255 387 1291; x_wconf 88' lang='lat' dir='ltr'>bus</span> <span class='ocrx_word' id='word_1_60' title='bbox 409 1254 541 1299; x_wconf 76' lang='lat' dir='ltr'>penitus</span> <span class='ocrx_word' id='word_1_61' title='bbox 562 1255 670 1290; x_wconf 88' lang='lat' dir='ltr'>aliena</span> <span class='ocrx_word' id='word_1_62' title='bbox 685 1254 832 1288; x_wconf 60' lang='lat' dir='ltr'>doctrina</span> <span class='ocrx_word' id='word_1_63' title='bbox 848 1278 854 1286; x_wconf 91' lang='lat'>.</span> <span class='ocrx_word' id='word_1_64' title='bbox 883 1253 976 1286; x_wconf 85' lang='lat' dir='ltr'>Hinc</span> <span class='ocrx_word' id='word_1_65' title='bbox 989 1252 1114 1287; x_wconf 78' lang='lat' dir='ltr'>avitam</span> <span class='ocrx_word' id='word_1_66' title='bbox 1128 1252 1223 1286; x_wconf 87' lang='lat' dir='ltr'>Chri·</span> 
     </span>
    </p>
   </div>
   <div class='ocr_carea' id='block_1_6' title="bbox 323 853 694 1209">
    <p class='ocr_par' dir='ltr' id='par_1_6' title="bbox 323 853 694 1209">
     <span class='ocr_line' id='line_1_18' title="bbox 323 853 694 1209; baseline 0 2527"><span class='ocrx_word' id='word_1_67' title='bbox 323 853 694 1209; x_wconf 95' lang='lat' dir='ltr'> </span> 
     </span>
    </p>
   </div>
   <div class='ocr_carea' id='block_1_7' title="bbox 323 1301 1218 1499">
    <p class='ocr_par' dir='ltr' id='par_1_7' title="bbox 323 1301 1218 1499">
     <span class='ocr_line' id='line_1_19' title="bbox 323 1301 1218 1349; baseline -0.006 -8"><span class='ocrx_word' id='word_1_68' title='bbox 323 1307 504 1341; x_wconf 85' lang='lat' dir='ltr'>stianorum</span> <span class='ocrx_word' id='word_1_69' title='bbox 520 1306 716 1349; x_wconf 80' lang='lat' dir='ltr'>Principum</span> <span class='ocrx_word' id='word_1_70' title='bbox 731 1316 768 1338; x_wconf 94' lang='lat' dir='ltr'>ac</span> <span class='ocrx_word' id='word_1_71' title='bbox 782 1304 934 1337; x_wconf 87' lang='lat' dir='ltr'>Militum</span> <span class='ocrx_word' id='word_1_72' title='bbox 955 1301 1044 1335; x_wconf 86' lang='lat' dir='ltr'>sensa</span> <span class='ocrx_word' id='word_1_73' title='bbox 1069 1315 1105 1336; x_wconf 86' lang='lat' dir='ltr'>ac</span> <span class='ocrx_word' id='word_1_74' title='bbox 1115 1302 1218 1336; x_wconf 89' lang='lat' dir='ltr'>Disci-</span> 
     </span>
     <span class='ocr_line' id='line_1_20' title="bbox 328 1352 1218 1399; baseline -0.007 -10"><span class='ocrx_word' id='word_1_75' title='bbox 328 1357 454 1399; x_wconf 82' lang='lat' dir='ltr'>plinam</span> <span class='ocrx_word' id='word_1_76' title='bbox 470 1355 549 1388; x_wconf 90' lang='lat' dir='ltr'>volo</span> <span class='ocrx_word' id='word_1_77' title='bbox 566 1357 872 1399; x_wconf 81' lang='lat' dir='ltr'>paucisexponere.</span> <span class='ocrx_word' id='word_1_78' title='bbox 901 1352 1155 1392; x_wconf 79' lang='lat' dir='ltr'>Lamentandis,</span> <span class='ocrx_word' id='word_1_79' title='bbox 1181 1364 1218 1387; x_wconf 86' lang='lat' dir='ltr'>ac</span> 
     </span>
     <span class='ocr_line' id='line_1_21' title="bbox 324 1400 1214 1439; baseline -0.002 0"><span class='ocrx_word' id='word_1_80' title='bbox 324 1406 467 1439; x_wconf 77' lang='lat' dir='ltr'>nimium</span> <span class='ocrx_word' id='word_1_81' title='bbox 478 1405 646 1439; x_wconf 88' lang='lat' dir='ltr'>diuturnis</span> <span class='ocrx_word' id='word_1_82' title='bbox 672 1405 791 1439; x_wconf 89' lang='lat' dir='ltr'>nostris</span> <span class='ocrx_word' id='word_1_83' title='bbox 815 1400 1062 1437; x_wconf 81' lang='lat' dir='ltr'>calamitatibus</span> <span class='ocrx_word' id='word_1_84' title='bbox 1085 1403 1214 1437; x_wconf 73' lang='lat' dir='ltr'>forsitan</span> 
     </span>
     <span class='ocr_line' id='line_1_22' title="bbox 325 1454 844 1499; baseline -0.012 -8"><span class='ocrx_word' id='word_1_85' title='bbox 325 1456 470 1491; x_wconf 79' lang='lat' dir='ltr'>adferam</span> <span class='ocrx_word' id='word_1_86' title='bbox 492 1456 620 1499; x_wconf 86' lang='lat' dir='ltr'>aliquid</span> <span class='ocrx_word' id='word_1_87' title='bbox 647 1454 821 1489; x_wconf 86' lang='lat' dir='ltr'>medicinae</span> <span class='ocrx_word' id='word_1_88' title='bbox 837 1478 844 1485; x_wconf 87' lang='lat'><strong>.</strong></span> 
     </span>
    </p>
   </div>
   <div class='ocr_carea' id='block_1_8' title="bbox 558 1524 988 1589">
    <p class='ocr_par' dir='ltr' id='par_1_8' title="bbox 558 1524 988 1589">
     <span class='ocr_line' id='line_1_23' title="bbox 558 1524 988 1589; baseline -0.014 0"><span class='ocrx_word' id='word_1_89' title='bbox 558 1553 840 1589; x_wconf 80' lang='lat' dir='ltr'>CAPUT</span> <span class='ocrx_word' id='word_1_90' title='bbox 942 1524 988 1584; x_wconf 48' lang='grc' dir='ltr'>ιζ</span> 
     </span>
    </p>
   </div>
   <div class='ocr_carea' id='block_1_9' title="bbox 472 1653 1055 1697">
    <p class='ocr_par' dir='ltr' id='par_1_9' title="bbox 472 1653 1055 1697">
     <span class='ocr_line' id='line_1_24' title="bbox 472 1653 1055 1697; baseline -0.005 -10"><span class='ocrx_word' id='word_1_91' title='bbox 472 1658 647 1697; x_wconf 82' lang='lat' dir='ltr'>Exponitur</span> <span class='ocrx_word' id='word_1_92' title='bbox 665 1660 772 1696; x_wconf 83' lang='lat' dir='ltr'>prima</span> <span class='ocrx_word' id='word_1_93' title='bbox 793 1653 932 1688; x_wconf 86' lang='lat' dir='ltr'>bellorum</span> <span class='ocrx_word' id='word_1_94' title='bbox 956 1657 1055 1696; x_wconf 85' lang='lat' dir='ltr'>Origo.</span> 
     </span>
    </p>
   </div>
   <div class='ocr_carea' id='block_1_10' title="bbox 316 1751 1210 3242">
    <p class='ocr_par' dir='ltr' id='par_1_10' title="bbox 316 1751 1210 3242">
     <span class='ocr_line' id='line_1_25' title="bbox 429 1751 1208 1800; baseline -0.004 -12"><span class='ocrx_word' id='word_1_95' title='bbox 429 1754 592 1798; x_wconf 83' lang='lat' dir='ltr'>Eophytis</span> <span class='ocrx_word' id='word_1_96' title='bbox 613 1755 786 1800; x_wconf 87' lang='lat' dir='ltr'>Bulgaris‚</span> <span class='ocrx_word' id='word_1_97' title='bbox 820 1751 974 1797; x_wconf 80' lang='lat' dir='ltr'>quasdam</span> <span class='ocrx_word' id='word_1_98' title='bbox 988 1753 1072 1787; x_wconf 89' lang='lat' dir='ltr'>circa</span> <span class='ocrx_word' id='word_1_99' title='bbox 1087 1752 1208 1786; x_wconf 88' lang='lat' dir='ltr'>bellum</span> 
     </span>
     <span class='ocr_line' id='line_1_26' title="bbox 453 1802 1202 1849; baseline -0.003 -11"><span class='ocrx_word' id='word_1_100' title='bbox 453 1805 645 1849; x_wconf 79' lang='lat' dir='ltr'>quaestiones</span> <span class='ocrx_word' id='word_1_101' title='bbox 666 1803 881 1838; x_wconf 81' lang='lat' dir='ltr'>referentibus</span> <span class='ocrx_word' id='word_1_102' title='bbox 897 1827 907 1842; x_wconf 88' lang='lat'>‚</span> <span class='ocrx_word' id='word_1_103' title='bbox 934 1802 1016 1836; x_wconf 69' lang='lat' dir='ltr'>reste</span> <span class='ocrx_word' id='word_1_104' title='bbox 1036 1803 1202 1845; x_wconf 79' lang='lat' dir='ltr'>respondit</span> 
     </span>
     <span class='ocr_line' id='line_1_27' title="bbox 325 1852 1206 1891; baseline -0.007 -1"><span class='ocrx_word' id='word_1_105' title='bbox 325 1855 545 1891; x_wconf 75' lang='lat' dir='ltr'>Sanfflffimus</span> <span class='ocrx_word' id='word_1_106' title='bbox 567 1854 723 1889; x_wconf 85' lang='lat' dir='ltr'>Pontifex</span> <span class='ocrx_word' id='word_1_107' title='bbox 749 1854 911 1887; x_wconf 84' lang='lat' dir='ltr'>Nicolaus</span> <span class='ocrx_word' id='word_1_108' title='bbox 934 1852 1078 1886; x_wconf 85' lang='lat' dir='ltr'>Primus:</span> <span class='ocrx_word' id='word_1_109' title='bbox 1112 1853 1206 1885; x_wconf 90' lang='lat' dir='ltr'>Bello-</span> 
     </span>
     <span class='ocr_line' id='line_1_28' title="bbox 321 1905 1209 1947; baseline -0.007 -7"><span class='ocrx_word' id='word_1_110' title='bbox 321 1919 387 1940; x_wconf 86' lang='lat' dir='ltr'>rum</span> <span class='ocrx_word' id='word_1_111' title='bbox 408 1908 621 1947; x_wconf 83' lang='lat' dir='ltr'>acpraeliorum</span> <span class='ocrx_word' id='word_1_112' title='bbox 649 1909 812 1939; x_wconf 83' lang='lat' dir='ltr'>certamina</span> <span class='ocrx_word' id='word_1_113' title='bbox 825 1927 835 1942; x_wconf 94' lang='lat'>,</span> <span class='ocrx_word' id='word_1_114' title='bbox 863 1914 974 1935; x_wconf 85' lang='lat' dir='ltr'>necnon</span> <span class='ocrx_word' id='word_1_115' title='bbox 995 1908 1125 1935; x_wconf 89' lang='lat' dir='ltr'>omnium</span> <span class='ocrx_word' id='word_1_116' title='bbox 1141 1905 1209 1943; x_wconf 87' lang='lat' dir='ltr'>jur-</span> 
     </span>
     <span class='ocr_line' id='line_1_29' title="bbox 316 1951 1205 2000; baseline -0.006 -10"><span class='ocrx_word' id='word_1_117' title='bbox 316 1964 435 2000; x_wconf 82' lang='lat' dir='ltr'>giorum</span> <span class='ocrx_word' id='word_1_118' title='bbox 455 1962 543 1988; x_wconf 78' lang='lat' dir='ltr'>initia</span> <span class='ocrx_word' id='word_1_119' title='bbox 559 1978 569 1993; x_wconf 93' lang='lat'>‚</span> <span class='ocrx_word' id='word_1_120' title='bbox 595 1956 749 1988; x_wconf 62' lang='lat' dir='ltr'>diabolicae</span> <span class='ocrx_word' id='word_1_121' title='bbox 754 1954 883 1995; x_wconf 83' lang='lat' dir='ltr'>fraudis</span> <span class='ocrx_word' id='word_1_122' title='bbox 894 1961 960 1991; x_wconf 79' lang='lat' dir='ltr'>arte</span> <span class='ocrx_word' id='word_1_123' title='bbox 982 1951 1052 1997; x_wconf 82' lang='lat' dir='ltr'>sunt</span> <span class='ocrx_word' id='word_1_124' title='bbox 1063 1952 1205 1998; x_wconf 65' lang='lat' dir='ltr'>profecit&gt;</span> 
     </span>
     <span class='ocr_line' id='line_1_30' title="bbox 321 1994 1210 2049; baseline -0.007 -9"><span class='ocrx_word' id='word_1_125' title='bbox 321 2016 441 2049; x_wconf 85' lang='lat' dir='ltr'>reperta</span> <span class='ocrx_word' id='word_1_126' title='bbox 453 2030 463 2046; x_wconf 89' lang='lat'><strong>,</strong></span> <span class='ocrx_word' id='word_1_127' title='bbox 494 2009 527 2040; x_wconf 72' lang='lat'>(9⁶</span> <span class='ocrx_word' id='word_1_128' title='bbox 539 2006 691 2038; x_wconf 75' lang='lat' dir='ltr'>dilatandi</span> <span class='ocrx_word' id='word_1_129' title='bbox 706 2009 802 2046; x_wconf 81' lang='lat' dir='ltr'>Regni</span> <span class='ocrx_word' id='word_1_130' title='bbox 813 2004 939 2045; x_wconf 76' lang='lat' dir='ltr'>cupidus</span> <span class='ocrx_word' id='word_1_131' title='bbox 956 2027 968 2042; x_wconf 89' lang='lat'>,</span> <span class='ocrx_word' id='word_1_132' title='bbox 987 1994 1042 2048; x_wconf 61' lang='grc' dir='ltr'>ξιῘὲΙ</span> <span class='ocrx_word' id='word_1_133' title='bbox 1052 2008 1107 2036; x_wconf 80' lang='lat' dir='ltr'>irae</span> <span class='ocrx_word' id='word_1_134' title='bbox 1119 2026 1129 2042; x_wconf 90' lang='lat'>‚</span> <span class='ocrx_word' id='word_1_135' title='bbox 1157 2003 1210 2035; x_wconf 82' lang='lat' dir='ltr'>vel</span> 
     </span>
     <span class='ocr_line' id='line_1_31' title="bbox 322 2051 1207 2096; baseline -0.01 -5"><span class='ocrx_word' id='word_1_136' title='bbox 322 2058 452 2091; x_wconf 67' lang='lat' dir='ltr'>invidia·</span> <span class='ocrx_word' id='word_1_137' title='bbox 467 2080 477 2095; x_wconf 92' lang='lat'><strong><em>,</em></strong></span> <span class='ocrx_word' id='word_1_138' title='bbox 504 2058 554 2088; x_wconf 79' lang='lat' dir='ltr'>vel</span> <span class='ocrx_word' id='word_1_139' title='bbox 563 2057 624 2088; x_wconf 87' lang='lat' dir='ltr'>alia</span> <span class='ocrx_word' id='word_1_140' title='bbox 638 2080 648 2094; x_wconf 90' lang='lat'>‚</span> <span class='ocrx_word' id='word_1_141' title='bbox 678 2052 846 2096; x_wconf 76' lang='lat' dir='ltr'>cuiuspiam</span> <span class='ocrx_word' id='word_1_142' title='bbox 862 2057 933 2085; x_wconf 80' lang='lat' dir='ltr'>vitii</span> <span class='ocrx_word' id='word_1_143' title='bbox 955 2051 1076 2093; x_wconf 74' lang='lat' dir='ltr'>dilet‘lor</span> <span class='ocrx_word' id='word_1_144' title='bbox 1087 2053 1207 2084; x_wconf 71' lang='lat' dir='ltr'>tantum</span> 
     </span>
     <span class='ocr_line' id='line_1_32' title="bbox 322 2101 1205 2147; baseline -0.006 -8"><span class='ocrx_word' id='word_1_145' title='bbox 322 2107 368 2139; x_wconf 78' lang='lat' dir='ltr'>his</span> <span class='ocrx_word' id='word_1_146' title='bbox 391 2108 542 2139; x_wconf 73' lang='lat' dir='ltr'>intendere</span> <span class='ocrx_word' id='word_1_147' title='bbox 567 2130 576 2145; x_wconf 86' lang='lat'>‚</span> <span class='ocrx_word' id='word_1_148' title='bbox 599 2103 653 2147; x_wconf 86' lang='lat' dir='ltr'>seu</span> <span class='ocrx_word' id='word_1_149' title='bbox 683 2104 825 2137; x_wconf 75' lang='lat' dir='ltr'>delec‘lari</span> <span class='ocrx_word' id='word_1_150' title='bbox 846 2107 1056 2134; x_wconf 80' lang='lat' dir='ltr'>convincitur.</span> <span class='ocrx_word' id='word_1_151' title='bbox 1094 2101 1205 2147; x_wconf 74' lang='lat' dir='ltr'>Qam</span> 
     </span>
     <span class='ocr_line' id='line_1_33' title="bbox 320 2151 1206 2197; baseline -0.007 -8"><span class='ocrx_word' id='word_1_152' title='bbox 320 2155 389 2190; x_wconf 84' lang='lat' dir='ltr'>haec</span> <span class='ocrx_word' id='word_1_153' title='bbox 401 2157 459 2190; x_wconf 83' lang='lat' dir='ltr'>fint</span> <span class='ocrx_word' id='word_1_154' title='bbox 473 2156 632 2188; x_wconf 85' lang='lat' dir='ltr'>horrenda</span> <span class='ocrx_word' id='word_1_155' title='bbox 656 2154 749 2197; x_wconf 84' lang='lat' dir='ltr'>primi</span> <span class='ocrx_word' id='word_1_156' title='bbox 767 2153 888 2196; x_wconf 77' lang='lat' dir='ltr'>peccati</span> <span class='ocrx_word' id='word_1_157' title='bbox 911 2151 1090 2194; x_wconf 86' lang='lat' dir='ltr'>poena‚.in</span> <span class='ocrx_word' id='word_1_158' title='bbox 1116 2152 1206 2184; x_wconf 82' lang='lat' dir='ltr'>libris</span> 
     </span>
     <span class='ocr_line' id='line_1_34' title="bbox 324 2199 1206 2246; baseline -0.009 -7"><span class='ocrx_word' id='word_1_159' title='bbox 324 2206 364 2239; x_wconf 88' lang='lat' dir='ltr'>de</span> <span class='ocrx_word' id='word_1_160' title='bbox 390 2206 454 2238; x_wconf 88' lang='lat' dir='ltr'>Dei</span> <span class='ocrx_word' id='word_1_161' title='bbox 484 2205 631 2238; x_wconf 85' lang='lat' dir='ltr'>Civitate</span> <span class='ocrx_word' id='word_1_162' title='bbox 658 2204 824 2246; x_wconf 68' lang='lat' dir='ltr'>insigniter</span> <span class='ocrx_word' id='word_1_163' title='bbox 849 2199 1050 2242; x_wconf 80' lang='lat' dir='ltr'>demonstrat</span> <span class='ocrx_word' id='word_1_164' title='bbox 1072 2199 1206 2232; x_wconf 59' lang='lat' dir='ltr'>San-stus</span> 
     </span>
     <span class='ocr_line' id='line_1_35' title="bbox 326 2250 1205 2299; baseline -0.008 -11"><span class='ocrx_word' id='word_1_165' title='bbox 326 2254 548 2299; x_wconf 85' lang='lat' dir='ltr'>Augustinus:</span> <span class='ocrx_word' id='word_1_166' title='bbox 580 2257 608 2285; x_wconf 86' lang='grc' dir='ltr'><em>Ε</em></span> <span class='ocrx_word' id='word_1_167' title='bbox 613 2256 626 2285; x_wconf 86' lang='grc' dir='ltr'><em>ὂ</em></span> <span class='ocrx_word' id='word_1_168' title='bbox 635 2254 768 2296; x_wconf 83' lang='lat' dir='ltr'>progreffi</span> <span class='ocrx_word' id='word_1_169' title='bbox 776 2250 850 2293; x_wconf 86' lang='lat' dir='ltr'>sunt</span> <span class='ocrx_word' id='word_1_170' title='bbox 869 2250 1015 2292; x_wconf 67' lang='lat' dir='ltr'>peccandi</span> <span class='ocrx_word' id='word_1_171' title='bbox 1034 2254 1205 2281; x_wconf 82' lang='lat' dir='ltr'>immanita-</span> 
     </span>
     <span class='ocr_line' id='line_1_36' title="bbox 325 2297 1205 2343; baseline -0.011 -4"><span class='ocrx_word' id='word_1_172' title='bbox 325 2315 354 2339; x_wconf 90' lang='lat' dir='ltr'>te</span> <span class='ocrx_word' id='word_1_173' title='bbox 366 2306 507 2339; x_wconf 83' lang='lat' dir='ltr'>Mortales</span> <span class='ocrx_word' id='word_1_174' title='bbox 521 2329 531 2343; x_wconf 83' lang='lat'><strong>,</strong></span> <span class='ocrx_word' id='word_1_175' title='bbox 557 2312 588 2334; x_wconf 85' lang='lat' dir='ltr'>ut</span> <span class='ocrx_word' id='word_1_176' title='bbox 600 2309 695 2335; x_wconf 80' lang='lat' dir='ltr'>tutius</span> <span class='ocrx_word' id='word_1_177' title='bbox 707 2311 798 2342; x_wconf 83' lang='lat' dir='ltr'>atque</span> <span class='ocrx_word' id='word_1_178' title='bbox 816 2307 958 2343; x_wconf 81' lang='lat' dir='ltr'>pacatius</span> <span class='ocrx_word' id='word_1_179' title='bbox 971 2304 1049 2339; x_wconf 77' lang='lat' dir='ltr'>inter</span> <span class='ocrx_word' id='word_1_180' title='bbox 1069 2297 1103 2340; x_wconf 70' lang='lat' dir='ltr'>se</span> <span class='ocrx_word' id='word_1_181' title='bbox 1117 2304 1205 2331; x_wconf 85' lang='lat' dir='ltr'>ratio-</span> 
     </span>
     <span class='ocr_line' id='line_1_37' title="bbox 326 2349 1203 2394; baseline -0.009 -6"><span class='ocrx_word' id='word_1_182' title='bbox 326 2357 404 2389; x_wconf 84' lang='lat' dir='ltr'>nalis</span> <span class='ocrx_word' id='word_1_183' title='bbox 416 2356 589 2387; x_wconf 86' lang='lat' dir='ltr'>voluntatis</span> <span class='ocrx_word' id='word_1_184' title='bbox 605 2362 744 2393; x_wconf 80' lang='lat' dir='ltr'>expertes</span> <span class='ocrx_word' id='word_1_185' title='bbox 757 2351 853 2390; x_wconf 64' lang='lat' dir='ltr'>bestia*</span> <span class='ocrx_word' id='word_1_186' title='bbox 862 2349 911 2392; x_wconf 83' lang='lat' dir='ltr'>sui</span> <span class='ocrx_word' id='word_1_187' title='bbox 918 2355 1039 2394; x_wconf 72' lang='lat' dir='ltr'>gene-tls</span> <span class='ocrx_word' id='word_1_188' title='bbox 1053 2354 1203 2390; x_wconf 81' lang='lat' dir='ltr'>viverent,</span> 
     </span>
     <span class='ocr_line' id='line_1_38' title="bbox 325 2395 1203 2447; baseline -0.008 -9"><span class='ocrx_word' id='word_1_189' title='bbox 325 2413 451 2447; x_wconf 85' lang='lat' dir='ltr'>quarum</span> <span class='ocrx_word' id='word_1_190' title='bbox 468 2415 505 2436; x_wconf 79' lang='lat' dir='ltr'>ex</span> <span class='ocrx_word' id='word_1_191' title='bbox 528 2409 613 2444; x_wconf 81' lang='lat' dir='ltr'>aquis</span> <span class='ocrx_word' id='word_1_192' title='bbox 628 2405 760 2436; x_wconf 70' lang='lat' dir='ltr'>&amp;terris</span> <span class='ocrx_word' id='word_1_193' title='bbox 779 2403 912 2441; x_wconf 87' lang='lat' dir='ltr'>plurium</span> <span class='ocrx_word' id='word_1_194' title='bbox 933 2395 1098 2443; x_wconf 67' lang='lat' dir='ltr'>pullulavit</span> <span class='ocrx_word' id='word_1_195' title='bbox 1121 2410 1203 2431; x_wconf 82' lang='lat' dir='ltr'>exor-</span> 
     </span>
     <span class='ocr_line' id='line_1_39' title="bbox 326 2446 1205 2495; baseline -0.008 -8"><span class='ocrx_word' id='word_1_196' title='bbox 326 2457 409 2487; x_wconf 86' lang='lat' dir='ltr'>dium</span> <span class='ocrx_word' id='word_1_197' title='bbox 421 2479 433 2494; x_wconf 94' lang='lat'>,</span> <span class='ocrx_word' id='word_1_198' title='bbox 461 2455 552 2495; x_wconf 72' lang='lat' dir='ltr'>quam</span> <span class='ocrx_word' id='word_1_199' title='bbox 563 2453 693 2485; x_wconf 78' lang='lat' dir='ltr'>homines</span> <span class='ocrx_word' id='word_1_200' title='bbox 711 2477 721 2493; x_wconf 94' lang='lat'>,</span> <span class='ocrx_word' id='word_1_201' title='bbox 746 2462 866 2493; x_wconf 85' lang='lat' dir='ltr'>quorum</span> <span class='ocrx_word' id='word_1_202' title='bbox 872 2462 965 2494; x_wconf 85' lang='lat' dir='ltr'>genus</span> <span class='ocrx_word' id='word_1_203' title='bbox 978 2461 1016 2482; x_wconf 83' lang='lat' dir='ltr'>ex</span> <span class='ocrx_word' id='word_1_204' title='bbox 1032 2446 1094 2493; x_wconf 60' lang='lat' dir='ltr'>uno</span> <span class='ocrx_word' id='word_1_205' title='bbox 1115 2449 1152 2488; x_wconf 87' lang='lat' dir='ltr'>est</span> <span class='ocrx_word' id='word_1_206' title='bbox 1163 2450 1205 2481; x_wconf 86' lang='lat' dir='ltr'>ad</span> 
     </span>
     <span class='ocr_line' id='line_1_40' title="bbox 326 2497 1204 2543; baseline -0.008 -5"><span class='ocrx_word' id='word_1_207' title='bbox 326 2504 591 2538; x_wconf 84' lang='lat' dir='ltr'>commendandam</span> <span class='ocrx_word' id='word_1_208' title='bbox 627 2504 809 2535; x_wconf 79' lang='lat' dir='ltr'>concordiam</span> <span class='ocrx_word' id='word_1_209' title='bbox 841 2510 1043 2543; x_wconf 83' lang='lat' dir='ltr'>propagatum</span> <span class='ocrx_word' id='word_1_210' title='bbox 1061 2497 1204 2541; x_wconf 44' lang='lat' dir='ltr'>[Neque</span> 
     </span>
     <span class='ocr_line' id='line_1_41' title="bbox 327 2548 1201 2595; baseline -0.007 -8"><span class='ocrx_word' id='word_1_211' title='bbox 327 2560 404 2588; x_wconf 85' lang='lat' dir='ltr'>enim</span> <span class='ocrx_word' id='word_1_212' title='bbox 418 2565 547 2595; x_wconf 86' lang='lat' dir='ltr'>unquam</span> <span class='ocrx_word' id='word_1_213' title='bbox 567 2558 645 2585; x_wconf 82' lang='lat' dir='ltr'>inter</span> <span class='ocrx_word' id='word_1_214' title='bbox 651 2551 684 2594; x_wconf 68' lang='lat' dir='ltr'>se</span> <span class='ocrx_word' id='word_1_215' title='bbox 713 2555 824 2585; x_wconf 80' lang='lat' dir='ltr'>Leones</span> <span class='ocrx_word' id='word_1_216' title='bbox 837 2574 847 2589; x_wconf 93' lang='lat'>‚</span> <span class='ocrx_word' id='word_1_217' title='bbox 872 2560 925 2583; x_wconf 82' lang='lat' dir='ltr'>aut</span> <span class='ocrx_word' id='word_1_218' title='bbox 946 2557 1022 2583; x_wconf 81' lang='lat' dir='ltr'>inter</span> <span class='ocrx_word' id='word_1_219' title='bbox 1040 2548 1073 2592; x_wconf 84' lang='lat' dir='ltr'>se</span> <span class='ocrx_word' id='word_1_220' title='bbox 1096 2553 1201 2583; x_wconf 59' lang='lat' dir='ltr'>Draco-</span> 
     </span>
     <span class='ocr_line' id='line_1_42' title="bbox 327 2599 1201 2646; baseline -0.007 -8"><span class='ocrx_word' id='word_1_221' title='bbox 327 2617 381 2638; x_wconf 85' lang='lat' dir='ltr'>nes</span> <span class='ocrx_word' id='word_1_222' title='bbox 395 2630 405 2645; x_wconf 87' lang='lat'>‚</span> <span class='ocrx_word' id='word_1_223' title='bbox 431 2604 531 2646; x_wconf 82' lang='lat' dir='ltr'>qualia</span> <span class='ocrx_word' id='word_1_224' title='bbox 543 2603 671 2635; x_wconf 84' lang='lat' dir='ltr'>homines</span> <span class='ocrx_word' id='word_1_225' title='bbox 697 2608 775 2635; x_wconf 85' lang='lat' dir='ltr'>inter</span> <span class='ocrx_word' id='word_1_226' title='bbox 793 2600 826 2644; x_wconf 88' lang='lat' dir='ltr'>se</span> <span class='ocrx_word' id='word_1_227' title='bbox 841 2601 918 2634; x_wconf 85' lang='lat' dir='ltr'>bella</span> <span class='ocrx_word' id='word_1_228' title='bbox 928 2601 1072 2644; x_wconf 84' lang='lat' dir='ltr'>gesserunt</span> <span class='ocrx_word' id='word_1_229' title='bbox 1085 2624 1092 2631; x_wconf 88' lang='lat'>.</span> <span class='ocrx_word' id='word_1_230' title='bbox 1118 2599 1201 2633; x_wconf 88' lang='lat' dir='ltr'>Lar-</span> 
     </span>
     <span class='ocr_line' id='line_1_43' title="bbox 326 2650 1202 2700; baseline -0.007 -12"><span class='ocrx_word' id='word_1_231' title='bbox 326 2656 399 2700; x_wconf 85' lang='lat' dir='ltr'>gius</span> <span class='ocrx_word' id='word_1_232' title='bbox 411 2654 476 2687; x_wconf 88' lang='lat' dir='ltr'>haec</span> <span class='ocrx_word' id='word_1_233' title='bbox 489 2654 624 2696; x_wconf 88' lang='lat' dir='ltr'>exponit</span> <span class='ocrx_word' id='word_1_234' title='bbox 650 2653 680 2685; x_wconf 82' lang='lat' dir='ltr'>in</span> <span class='ocrx_word' id='word_1_235' title='bbox 702 2652 890 2695; x_wconf 84' lang='lat' dir='ltr'>praecedenti</span> <span class='ocrx_word' id='word_1_236' title='bbox 914 2652 1039 2693; x_wconf 85' lang='lat' dir='ltr'>capite:</span> <span class='ocrx_word' id='word_1_237' title='bbox 1069 2654 1142 2682; x_wconf 86' lang='lat' dir='ltr'>Non</span> <span class='ocrx_word' id='word_1_238' title='bbox 1163 2650 1202 2689; x_wconf 86' lang='lat' dir='ltr'>est</span> 
     </span>
     <span class='ocr_line' id='line_1_44' title="bbox 328 2700 1199 2744; baseline -0.008 -5"><span class='ocrx_word' id='word_1_239' title='bbox 328 2707 458 2739; x_wconf 87' lang='lat' dir='ltr'>arduum</span> <span class='ocrx_word' id='word_1_240' title='bbox 473 2705 574 2739; x_wconf 80' lang='lat' dir='ltr'>videre</span> <span class='ocrx_word' id='word_1_241' title='bbox 586 2703 676 2736; x_wconf 70' lang='lat' dir='ltr'>multo</span> <span class='ocrx_word' id='word_1_242' title='bbox 695 2702 781 2744; x_wconf 82' lang='lat' dir='ltr'>fuiffe</span> <span class='ocrx_word' id='word_1_243' title='bbox 804 2704 907 2734; x_wconf 85' lang='lat' dir='ltr'>melius</span> <span class='ocrx_word' id='word_1_244' title='bbox 920 2702 997 2743; x_wconf 87' lang='lat' dir='ltr'>quod</span> <span class='ocrx_word' id='word_1_245' title='bbox 1000 2700 1119 2742; x_wconf 61' lang='lat' dir='ltr'>saelum</span> <span class='ocrx_word' id='word_1_246' title='bbox 1141 2700 1178 2739; x_wconf 83' lang='lat' dir='ltr'>est</span> <span class='ocrx_word' id='word_1_247' title='bbox 1189 2725 1199 2739; x_wconf 95' lang='lat'>,</span> 
     </span>
     <span class='ocr_line' id='line_1_45' title="bbox 326 2752 1201 2794; baseline -0.01 -5"><span class='ocrx_word' id='word_1_248' title='bbox 326 2764 360 2790; x_wconf 87' lang='lat' dir='ltr'>ut</span> <span class='ocrx_word' id='word_1_249' title='bbox 381 2767 418 2788; x_wconf 80' lang='lat' dir='ltr'>ex</span> <span class='ocrx_word' id='word_1_250' title='bbox 443 2765 497 2787; x_wconf 87' lang='lat' dir='ltr'>uno</span> <span class='ocrx_word' id='word_1_251' title='bbox 520 2753 658 2793; x_wconf 83' lang='lat' dir='ltr'>homine,</span> <span class='ocrx_word' id='word_1_252' title='bbox 685 2764 770 2794; x_wconf 85' lang='lat' dir='ltr'>quem</span> <span class='ocrx_word' id='word_1_253' title='bbox 787 2757 921 2792; x_wconf 88' lang='lat' dir='ltr'>primum</span> <span class='ocrx_word' id='word_1_254' title='bbox 936 2752 1070 2784; x_wconf 82' lang='lat' dir='ltr'>condidit</span> <span class='ocrx_word' id='word_1_255' title='bbox 1084 2773 1094 2789; x_wconf 89' lang='lat'>‚</span> <span class='ocrx_word' id='word_1_256' title='bbox 1121 2753 1201 2782; x_wconf 91' lang='lat' dir='ltr'>Deus</span> 
     </span>
     <span class='ocr_line' id='line_1_46' title="bbox 326 2800 1201 2847; baseline -0.01 -8"><span class='ocrx_word' id='word_1_257' title='bbox 326 2805 540 2847; x_wconf 82' lang='lat' dir='ltr'>multiplicaret</span> <span class='ocrx_word' id='word_1_258' title='bbox 557 2815 650 2847; x_wconf 87' lang='lat' dir='ltr'>genus</span> <span class='ocrx_word' id='word_1_259' title='bbox 663 2802 842 2840; x_wconf 82' lang='lat' dir='ltr'>humanum,</span> <span class='ocrx_word' id='word_1_260' title='bbox 871 2801 997 2842; x_wconf 75' lang='lat' dir='ltr'>quamfi</span> <span class='ocrx_word' id='word_1_261' title='bbox 1014 2800 1167 2841; x_wconf 75' lang='lat' dir='ltr'>inchoasset</span> <span class='ocrx_word' id='word_1_262' title='bbox 1182 2801 1201 2830; x_wconf 79' lang='grc' dir='ltr'><em>ἃ</em></span> 
     </span>
     <span class='ocr_line' id='line_1_47' title="bbox 323 2850 1201 2898; baseline -0.009 -10"><span class='ocrx_word' id='word_1_263' title='bbox 323 2855 460 2898; x_wconf 83' lang='lat' dir='ltr'>pluribus</span> <span class='ocrx_word' id='word_1_264' title='bbox 473 2880 480 2886; x_wconf 92' lang='lat'>.</span> <span class='ocrx_word' id='word_1_265' title='bbox 507 2859 594 2887; x_wconf 86' lang='lat' dir='ltr'>Nam</span> <span class='ocrx_word' id='word_1_266' title='bbox 614 2865 676 2886; x_wconf 87' lang='lat' dir='ltr'>cum</span> <span class='ocrx_word' id='word_1_267' title='bbox 689 2859 855 2885; x_wconf 83' lang='lat' dir='ltr'>animantes</span> <span class='ocrx_word' id='word_1_268' title='bbox 867 2853 946 2883; x_wconf 82' lang='lat' dir='ltr'>alias</span> <span class='ocrx_word' id='word_1_269' title='bbox 964 2850 1117 2892; x_wconf 80' lang='lat' dir='ltr'>solitarias</span> <span class='ocrx_word' id='word_1_270' title='bbox 1130 2873 1140 2888; x_wconf 90' lang='lat'>,</span> <span class='ocrx_word' id='word_1_271' title='bbox 1168 2852 1201 2884; x_wconf 60' lang='grc' dir='ltr'>Θ</span> 
     </span>
     <span class='ocr_line' id='line_1_48' title="bbox 327 2900 1200 2947; baseline -0.006 -10"><span class='ocrx_word' id='word_1_272' title='bbox 327 2906 541 2947; x_wconf 82' lang='lat' dir='ltr'>quodammodo</span> <span class='ocrx_word' id='word_1_273' title='bbox 557 2903 613 2947; x_wconf 83' lang='lat' dir='ltr'>soli</span> <span class='ocrx_word' id='word_1_274' title='bbox 635 2916 733 2946; x_wconf 82' lang='lat' dir='ltr'>vagas</span> <span class='ocrx_word' id='word_1_275' title='bbox 749 2927 758 2942; x_wconf 92' lang='lat'><strong>,</strong></span> <span class='ocrx_word' id='word_1_276' title='bbox 786 2905 863 2934; x_wconf 84' lang='lat' dir='ltr'>alias</span> <span class='ocrx_word' id='word_1_277' title='bbox 883 2912 1049 2943; x_wconf 80' lang='lat' dir='ltr'>con-greges</span> <span class='ocrx_word' id='word_1_278' title='bbox 1074 2900 1200 2938; x_wconf 81' lang='lat' dir='ltr'>institue-</span> 
     </span>
     <span class='ocr_line' id='line_1_49' title="bbox 326 2951 1198 2997; baseline -0.005 -10"><span class='ocrx_word' id='word_1_279' title='bbox 326 2960 369 2988; x_wconf 80' lang='lat' dir='ltr'>rit</span> <span class='ocrx_word' id='word_1_280' title='bbox 379 2980 389 2996; x_wconf 89' lang='lat'>‚</span> <span class='ocrx_word' id='word_1_281' title='bbox 417 2966 481 2996; x_wconf 84' lang='lat' dir='ltr'>quae</span> <span class='ocrx_word' id='word_1_282' title='bbox 494 2964 675 2997; x_wconf 69' lang='lat' dir='ltr'>congregata*</span> <span class='ocrx_word' id='word_1_283' title='bbox 687 2959 815 2994; x_wconf 82' lang='lat' dir='ltr'>atquem</span> <span class='ocrx_word' id='word_1_284' title='bbox 829 2952 970 2995; x_wconf 82' lang='lat' dir='ltr'>gregibus</span> <span class='ocrx_word' id='word_1_285' title='bbox 985 2952 1102 2984; x_wconf 84' lang='lat' dir='ltr'>malunt</span> <span class='ocrx_word' id='word_1_286' title='bbox 1115 2951 1198 2983; x_wconf 76' lang='lat' dir='ltr'>vive-</span> 
     </span>
     <span class='ocr_line' id='line_1_50' title="bbox 326 3000 1188 3046; baseline -0.007 -9"><span class='ocrx_word' id='word_1_287' title='bbox 326 3015 372 3037; x_wconf 85' lang='lat' dir='ltr'>re:</span> <span class='ocrx_word' id='word_1_288' title='bbox 402 3015 558 3045; x_wconf 81' lang='lat' dir='ltr'>utrumque</span> <span class='ocrx_word' id='word_1_289' title='bbox 569 3014 669 3036; x_wconf 87' lang='lat' dir='ltr'>tamen</span> <span class='ocrx_word' id='word_1_290' title='bbox 677 3015 771 3046; x_wconf 84' lang='lat' dir='ltr'>genus</span> <span class='ocrx_word' id='word_1_291' title='bbox 785 3015 841 3035; x_wconf 88' lang='lat' dir='ltr'>non</span> <span class='ocrx_word' id='word_1_292' title='bbox 855 3014 893 3034; x_wconf 87' lang='lat' dir='ltr'>ex</span> <span class='ocrx_word' id='word_1_293' title='bbox 902 3000 1025 3045; x_wconf 72' lang='lat' dir='ltr'>singulis</span> <span class='ocrx_word' id='word_1_294' title='bbox 1047 3011 1188 3043; x_wconf 84' lang='lat' dir='ltr'>congrega</span> 
     </span>
     <span class='ocr_line' id='line_1_51' title="bbox 328 3052 1201 3095; baseline -0.007 -8"><span class='ocrx_word' id='word_1_295' title='bbox 328 3060 395 3093; x_wconf 81' lang='lat' dir='ltr'>vit,</span> <span class='ocrx_word' id='word_1_296' title='bbox 417 3052 471 3095; x_wconf 84' lang='lat' dir='ltr'>sed</span> <span class='ocrx_word' id='word_1_297' title='bbox 479 3055 566 3094; x_wconf 83' lang='lat' dir='ltr'>plura</span> <span class='ocrx_word' id='word_1_298' title='bbox 585 3052 668 3092; x_wconf 70' lang='lat' dir='ltr'>simul</span> <span class='ocrx_word' id='word_1_299' title='bbox 681 3054 760 3093; x_wconf 79' lang='lat' dir='ltr'>juffit</span> <span class='ocrx_word' id='word_1_300' title='bbox 780 3052 921 3090; x_wconf 80' lang='lat' dir='ltr'>existere.</span> <span class='ocrx_word' id='word_1_301' title='bbox 948 3055 1100 3088; x_wconf 78' lang='lat' dir='ltr'>Hominem</span> <span class='ocrx_word' id='word_1_302' title='bbox 1130 3053 1201 3082; x_wconf 76' lang='lat' dir='ltr'>vero</span> 
     </span>
     <span class='ocr_line' id='line_1_52' title="bbox 327 3098 1198 3145; baseline -0.007 -9"><span class='ocrx_word' id='word_1_303' title='bbox 327 3115 417 3136; x_wconf 87' lang='lat' dir='ltr'>unum</span> <span class='ocrx_word' id='word_1_304' title='bbox 430 3102 612 3145; x_wconf 83' lang='lat' dir='ltr'>acfingulum</span> <span class='ocrx_word' id='word_1_305' title='bbox 623 3108 734 3135; x_wconf 85' lang='lat' dir='ltr'>creavit</span> <span class='ocrx_word' id='word_1_306' title='bbox 746 3125 756 3140; x_wconf 88' lang='lat'>,</span> <span class='ocrx_word' id='word_1_307' title='bbox 783 3115 839 3135; x_wconf 87' lang='lat' dir='ltr'>non</span> <span class='ocrx_word' id='word_1_308' title='bbox 851 3108 952 3143; x_wconf 84' lang='lat' dir='ltr'>utique</span> <span class='ocrx_word' id='word_1_309' title='bbox 969 3099 1063 3143; x_wconf 82' lang='lat' dir='ltr'>solum</span> <span class='ocrx_word' id='word_1_310' title='bbox 1077 3099 1140 3140; x_wconf 85' lang='lat' dir='ltr'>fine</span> <span class='ocrx_word' id='word_1_311' title='bbox 1150 3098 1198 3131; x_wconf 80' lang='lat' dir='ltr'>hu-</span> 
     </span>
     <span class='ocr_line' id='line_1_53' title="bbox 328 3149 1189 3195; baseline -0.006 -8"><span class='ocrx_word' id='word_1_312' title='bbox 328 3164 419 3187; x_wconf 87' lang='lat' dir='ltr'>mana</span> <span class='ocrx_word' id='word_1_313' title='bbox 427 3151 568 3195; x_wconf 83' lang='lat' dir='ltr'>societate</span> <span class='ocrx_word' id='word_1_314' title='bbox 591 3151 801 3193; x_wconf 84' lang='lat' dir='ltr'>deferendum,</span> <span class='ocrx_word' id='word_1_315' title='bbox 827 3151 885 3194; x_wconf 83' lang='lat' dir='ltr'>sed</span> <span class='ocrx_word' id='word_1_316' title='bbox 903 3160 936 3183; x_wconf 86' lang='lat' dir='ltr'>ut</span> <span class='ocrx_word' id='word_1_317' title='bbox 959 3162 989 3183; x_wconf 87' lang='lat' dir='ltr'>eo</span> <span class='ocrx_word' id='word_1_318' title='bbox 1011 3150 1094 3182; x_wconf 89' lang='lat' dir='ltr'>modo</span> <span class='ocrx_word' id='word_1_319' title='bbox 1117 3149 1189 3182; x_wconf 83' lang='lat' dir='ltr'>vehe</span> 
     </span>
     <span class='ocr_line' id='line_1_54' title="bbox 327 3201 1197 3242; baseline -0.006 -6"><span class='ocrx_word' id='word_1_320' title='bbox 327 3208 455 3237; x_wconf 86' lang='lat' dir='ltr'>mentius</span> <span class='ocrx_word' id='word_1_321' title='bbox 474 3203 724 3234; x_wconf 86' lang='lat' dir='ltr'>commendaretur</span> <span class='ocrx_word' id='word_1_322' title='bbox 761 3201 846 3242; x_wconf 81' lang='lat' dir='ltr'>ipfius</span> <span class='ocrx_word' id='word_1_323' title='bbox 875 3204 1025 3234; x_wconf 77' lang='lat' dir='ltr'>societatis</span> <span class='ocrx_word' id='word_1_324' title='bbox 1057 3205 1161 3232; x_wconf 88' lang='lat' dir='ltr'>unitas</span> <span class='ocrx_word' id='word_1_325' title='bbox 1189 3224 1197 3238; x_wconf 89' lang='lat'>,</span> 
     </span>
    </p>
   </div>
   <div class='ocr_carea' id='block_1_11' title="bbox 327 3299 1198 3443">
    <p class='ocr_par' dir='ltr' id='par_1_11' title="bbox 327 3299 1198 3443">
     <span class='ocr_line' id='line_1_55' title="bbox 327 3299 1198 3344; baseline -0.009 -7"><span class='ocrx_word' id='word_1_326' title='bbox 327 3315 372 3337; x_wconf 76' lang='lat' dir='ltr'>rae</span> <span class='ocrx_word' id='word_1_327' title='bbox 387 3302 602 3344; x_wconf 84' lang='lat' dir='ltr'>fimilitudine‚</span> <span class='ocrx_word' id='word_1_328' title='bbox 638 3312 743 3333; x_wconf 87' lang='lat' dir='ltr'>verum</span> <span class='ocrx_word' id='word_1_329' title='bbox 772 3305 862 3333; x_wconf 87' lang='lat' dir='ltr'>etiam</span> <span class='ocrx_word' id='word_1_330' title='bbox 886 3306 1066 3344; x_wconf 79' lang='lat' dir='ltr'>cognationis</span> <span class='ocrx_word' id='word_1_331' title='bbox 1094 3299 1198 3338; x_wconf 69' lang='lat' dir='ltr'>affec‘iu</span> 
     </span>
     <span class='ocr_line' id='line_1_56' title="bbox 330 3348 1197 3392; baseline -0.006 -6"><span class='ocrx_word' id='word_1_332' title='bbox 330 3353 457 3385; x_wconf 81' lang='lat' dir='ltr'>homines</span> <span class='ocrx_word' id='word_1_333' title='bbox 479 3351 662 3384; x_wconf 58' lang='lat' dir='ltr'>necterentur</span> <span class='ocrx_word' id='word_1_334' title='bbox 675 3374 686 3390; x_wconf 91' lang='lat'>‚</span> <span class='ocrx_word' id='word_1_335' title='bbox 710 3353 828 3391; x_wconf 85' lang='lat' dir='ltr'>quando</span> <span class='ocrx_word' id='word_1_336' title='bbox 837 3362 885 3384; x_wconf 87' lang='lat' dir='ltr'>nec</span> <span class='ocrx_word' id='word_1_337' title='bbox 901 3349 996 3392; x_wconf 82' lang='lat' dir='ltr'>ipsam</span> <span class='ocrx_word' id='word_1_338' title='bbox 1018 3350 1136 3392; x_wconf 85' lang='lat' dir='ltr'>quidem</span> <span class='ocrx_word' id='word_1_339' title='bbox 1141 3348 1197 3389; x_wconf 84' lang='lat' dir='ltr'>foe·</span> 
     </span>
     <span class='ocr_line' id='line_1_57' title="bbox 329 3399 1197 3443; baseline -0.007 -8"><span class='ocrx_word' id='word_1_340' title='bbox 329 3408 466 3442; x_wconf 88' lang='lat' dir='ltr'>minam,</span> <span class='ocrx_word' id='word_1_341' title='bbox 492 3402 689 3442; x_wconf 79' lang='lat' dir='ltr'>copulandam</span> <span class='ocrx_word' id='word_1_342' title='bbox 710 3406 777 3432; x_wconf 85' lang='lat' dir='ltr'>viro</span> <span class='ocrx_word' id='word_1_343' title='bbox 790 3424 799 3439; x_wconf 93' lang='lat'>,</span> <span class='ocrx_word' id='word_1_344' title='bbox 819 3400 891 3438; x_wconf 82' lang='lat' dir='ltr'>ficut</span> <span class='ocrx_word' id='word_1_345' title='bbox 913 3399 1010 3443; x_wconf 82' lang='lat' dir='ltr'>ipsum</span> <span class='ocrx_word' id='word_1_346' title='bbox 1033 3410 1131 3432; x_wconf 90' lang='lat' dir='ltr'>creare</span> <span class='ocrx_word' id='word_1_347' title='bbox 1153 3399 1197 3430; x_wconf 86' lang='lat' dir='ltr'>illi</span> 
     </span>
    </p>
   </div>
   <div class='ocr_carea' id='block_1_12' title="bbox 1201 1910 1236 3423">
    <p class='ocr_par' dir='ltr' id='par_1_12' title="bbox 1201 1910 1236 3423">
     <span class='ocr_line' id='line_1_58' title="bbox 1215 1910 1236 2076; baseline 0 -52"><span class='ocrx_word' id='word_1_348' title='bbox 1215 1910 1236 2076; x_wconf 95' lang='lat' dir='ltr'>   </span> 
     </span>
     <span class='ocr_line' id='line_1_59' title="bbox 1211 2076 1235 2170; baseline 0 -49"><span class='ocrx_word' id='word_1_349' title='bbox 1211 2076 1235 2170; x_wconf 95' lang='lat' dir='ltr'>  </span> 
     </span>
     <span class='ocr_line' id='line_1_60' title="bbox 1211 2170 1234 2220; baseline 0 1516"><span class='ocrx_word' id='word_1_350' title='bbox 1211 2170 1234 2220; x_wconf 95' lang='lat' dir='ltr'> </span> 
     </span>
     <span class='ocr_line' id='line_1_61' title="bbox 1217 2220 1234 2269; baseline 0 1467"><span class='ocrx_word' id='word_1_351' title='bbox 1217 2220 1234 2269; x_wconf 95' lang='lat' dir='ltr'> </span> 
     </span>
     <span class='ocr_line' id='line_1_62' title="bbox 1217 2269 1234 2323; baseline 0 1413"><span class='ocrx_word' id='word_1_352' title='bbox 1217 2269 1234 2323; x_wconf 95' lang='lat' dir='ltr'> </span> 
     </span>
     <span class='ocr_line' id='line_1_63' title="bbox 1217 2323 1234 2416; baseline 0 -50"><span class='ocrx_word' id='word_1_353' title='bbox 1217 2323 1234 2416; x_wconf 95' lang='lat' dir='ltr'>  </span> 
     </span>
     <span class='ocr_line' id='line_1_64' title="bbox 1214 2416 1232 2563; baseline 0 -36"><span class='ocrx_word' id='word_1_354' title='bbox 1214 2416 1232 2563; x_wconf 95' lang='lat' dir='ltr'>   </span> 
     </span>
     <span class='ocr_line' id='line_1_65' title="bbox 1201 2563 1230 3423; baseline 0 -805"><span class='ocrx_word' id='word_1_355' title='bbox 1201 2563 1230 3423; x_wconf 95' lang='lat' dir='ltr'>   </span> 
     </span>
    </p>
   </div>
   <div class='ocr_carea' id='block_1_13' title="bbox 1250 851 2340 2593">
    <p class='ocr_par' dir='ltr' id='par_1_13' title="bbox 1250 851 2340 2406">
     <span class='ocr_line' id='line_1_66' title="bbox 1287 851 2173 896; baseline 0.006 -12"><span class='ocrx_word' id='word_1_356' title='bbox 1287 862 1384 895; x_wconf 87' lang='lat' dir='ltr'>genus</span> <span class='ocrx_word' id='word_1_357' title='bbox 1405 851 1567 885; x_wconf 82' lang='lat' dir='ltr'>humanum</span> <span class='ocrx_word' id='word_1_358' title='bbox 1587 877 1594 884; x_wconf 92' lang='lat'>.</span> <span class='ocrx_word' id='word_1_359' title='bbox 1637 851 1784 885; x_wconf 88' lang='lat' dir='ltr'>Eandem</span> <span class='ocrx_word' id='word_1_360' title='bbox 1807 851 1968 885; x_wconf 88' lang='lat' dir='ltr'>Divinam</span> <span class='ocrx_word' id='word_1_361' title='bbox 2002 853 2173 896; x_wconf 85' lang='lat' dir='ltr'>providen-</span> 
     </span>
     <span class='ocr_line' id='line_1_67' title="bbox 1292 901 2174 945; baseline 0.006 -10"><span class='ocrx_word' id='word_1_362' title='bbox 1292 902 1371 935; x_wconf 83' lang='lat' dir='ltr'>tiam</span> <span class='ocrx_word' id='word_1_363' title='bbox 1396 903 1550 942; x_wconf 84' lang='lat' dir='ltr'>laudant,</span> <span class='ocrx_word' id='word_1_364' title='bbox 1577 914 1614 935; x_wconf 91' lang='lat' dir='ltr'>ac</span> <span class='ocrx_word' id='word_1_365' title='bbox 1634 901 1667 935; x_wconf 87' lang='lat' dir='ltr'>in</span> <span class='ocrx_word' id='word_1_366' title='bbox 1690 902 1803 945; x_wconf 68' lang='lat' dir='ltr'>iisdem</span> <span class='ocrx_word' id='word_1_367' title='bbox 1827 902 2011 936; x_wconf 86' lang='lat' dir='ltr'>rationibus</span> <span class='ocrx_word' id='word_1_368' title='bbox 2031 905 2174 940; x_wconf 88' lang='lat' dir='ltr'>fundant</span> 
     </span>
     <span class='ocr_line' id='line_1_68' title="bbox 1291 950 2174 994; baseline 0.005 -9"><span class='ocrx_word' id='word_1_369' title='bbox 1291 952 1321 985; x_wconf 91' lang='lat' dir='ltr'>S.</span> <span class='ocrx_word' id='word_1_370' title='bbox 1360 951 1501 993; x_wconf 84' lang='lat' dir='ltr'>Joannes</span> <span class='ocrx_word' id='word_1_371' title='bbox 1526 950 1782 994; x_wconf 83' lang='lat' dir='ltr'>Chrysostomus</span> <span class='ocrx_word' id='word_1_372' title='bbox 1803 978 1813 993; x_wconf 87' lang='lat'>‚</span> <span class='ocrx_word' id='word_1_373' title='bbox 1842 952 2076 987; x_wconf 87' lang='lat' dir='ltr'>Theodoretus</span> <span class='ocrx_word' id='word_1_374' title='bbox 2097 979 2107 994; x_wconf 95' lang='lat'>,</span> <span class='ocrx_word' id='word_1_375' title='bbox 2135 967 2174 989; x_wconf 87' lang='lat' dir='ltr'>ac</span> 
     </span>
     <span class='ocr_line' id='line_1_69' title="bbox 1291 1000 2172 1044; baseline 0.008 -11"><span class='ocrx_word' id='word_1_376' title='bbox 1291 1001 1348 1034; x_wconf 88' lang='lat' dir='ltr'>alii</span> <span class='ocrx_word' id='word_1_377' title='bbox 1364 1000 1494 1036; x_wconf 88' lang='lat' dir='ltr'>Patres.</span> <span class='ocrx_word' id='word_1_378' title='bbox 1527 1002 1636 1036; x_wconf 80' lang='lat' dir='ltr'>Etiam</span> <span class='ocrx_word' id='word_1_379' title='bbox 1651 1003 1684 1035; x_wconf 85' lang='lat' dir='ltr'>in</span> <span class='ocrx_word' id='word_1_380' title='bbox 1708 1002 1817 1037; x_wconf 82' lang='lat' dir='ltr'>habita</span> <span class='ocrx_word' id='word_1_381' title='bbox 1842 1005 1926 1044; x_wconf 88' lang='lat' dir='ltr'>apud</span> <span class='ocrx_word' id='word_1_382' title='bbox 1950 1003 2172 1040; x_wconf 87' lang='lat' dir='ltr'>Athenienses</span> 
     </span>
     <span class='ocr_line' id='line_1_70' title="bbox 1289 1043 2340 1095; baseline 0.007 -11"><span class='ocrx_word' id='word_1_383' title='bbox 1289 1052 1453 1086; x_wconf 83' lang='lat' dir='ltr'>concione</span> <span class='ocrx_word' id='word_1_384' title='bbox 1477 1053 1611 1085; x_wconf 71' lang='lat' dir='ltr'>Sanstus</span> <span class='ocrx_word' id='word_1_385' title='bbox 1639 1053 1759 1086; x_wconf 87' lang='lat' dir='ltr'>Paulus</span> <span class='ocrx_word' id='word_1_386' title='bbox 1784 1053 1966 1095; x_wconf 81' lang='lat' dir='ltr'>Apostolus</span> <span class='ocrx_word' id='word_1_387' title='bbox 1988 1078 1995 1084; x_wconf 92' lang='lat'>.</span> <span class='ocrx_word' id='word_1_388' title='bbox 2024 1054 2066 1087; x_wconf 90' lang='lat' dir='ltr'>Et</span> <span class='ocrx_word' id='word_1_389' title='bbox 2091 1053 2169 1090; x_wconf 85' lang='lat' dir='ltr'>hinc</span> <span class='ocrx_word' id='word_1_390' title='bbox 2192 1043 2262 1079; x_wconf 64' lang='lat' dir='ltr'>Ast·</span> <span class='ocrx_word' id='word_1_391' title='bbox 2283 1057 2340 1094; x_wconf 79' lang='grc' dir='ltr'>ι7·</span> 
     </span>
     <span class='ocr_line' id='line_1_71' title="bbox 1289 1102 2167 1147; baseline 0.008 -14"><span class='ocrx_word' id='word_1_392' title='bbox 1289 1102 1428 1134; x_wconf 88' lang='lat' dir='ltr'>firmavit</span> <span class='ocrx_word' id='word_1_393' title='bbox 1440 1103 1548 1136; x_wconf 83' lang='lat' dir='ltr'>varios</span> <span class='ocrx_word' id='word_1_394' title='bbox 1560 1104 1716 1136; x_wconf 86' lang='lat' dir='ltr'>variarum</span> <span class='ocrx_word' id='word_1_395' title='bbox 1730 1107 1879 1147; x_wconf 87' lang='lat' dir='ltr'>gentium</span> <span class='ocrx_word' id='word_1_396' title='bbox 1895 1105 1985 1137; x_wconf 84' lang='lat' dir='ltr'>Deos</span> <span class='ocrx_word' id='word_1_397' title='bbox 2008 1103 2167 1140; x_wconf 85' lang='lat' dir='ltr'>adversari</span> 
     </span>
     <span class='ocr_line' id='line_1_72' title="bbox 1289 1151 2170 1190; baseline 0.008 -7"><span class='ocrx_word' id='word_1_398' title='bbox 1289 1161 1407 1185; x_wconf 77' lang='lat' dir='ltr'>natura:</span> <span class='ocrx_word' id='word_1_399' title='bbox 1419 1176 1426 1183; x_wconf 90' lang='lat'><strong>.</strong></span> <span class='ocrx_word' id='word_1_400' title='bbox 1457 1152 1523 1186; x_wconf 89' lang='lat' dir='ltr'>Uti</span> <span class='ocrx_word' id='word_1_401' title='bbox 1547 1151 1636 1185; x_wconf 89' lang='lat' dir='ltr'>enim</span> <span class='ocrx_word' id='word_1_402' title='bbox 1649 1155 1755 1187; x_wconf 61' lang='lat' dir='ltr'>cunfti</span> <span class='ocrx_word' id='word_1_403' title='bbox 1771 1165 1838 1186; x_wconf 90' lang='lat' dir='ltr'>non</span> <span class='ocrx_word' id='word_1_404' title='bbox 1852 1154 2023 1187; x_wconf 82' lang='lat' dir='ltr'>dumtaxat</span> <span class='ocrx_word' id='word_1_405' title='bbox 2036 1154 2077 1188; x_wconf 91' lang='lat' dir='ltr'>ab</span> <span class='ocrx_word' id='word_1_406' title='bbox 2101 1168 2170 1190; x_wconf 91' lang='lat' dir='ltr'>uno</span> 
     </span>
     <span class='ocr_line' id='line_1_73' title="bbox 1287 1200 2169 1249; baseline 0.008 -15"><span class='ocrx_word' id='word_1_407' title='bbox 1287 1200 1439 1235; x_wconf 87' lang='lat' dir='ltr'>Domino</span> <span class='ocrx_word' id='word_1_408' title='bbox 1453 1202 1553 1249; x_wconf 82' lang='lat' dir='ltr'>Deo,</span> <span class='ocrx_word' id='word_1_409' title='bbox 1581 1203 1633 1235; x_wconf 93' lang='lat' dir='ltr'>sed</span> <span class='ocrx_word' id='word_1_410' title='bbox 1647 1203 1779 1247; x_wconf 90' lang='lat' dir='ltr'>insuper</span> <span class='ocrx_word' id='word_1_411' title='bbox 1789 1216 1829 1237; x_wconf 84' lang='lat' dir='ltr'>ex</span> <span class='ocrx_word' id='word_1_412' title='bbox 1844 1215 1912 1238; x_wconf 88' lang='lat' dir='ltr'>uno</span> <span class='ocrx_word' id='word_1_413' title='bbox 1924 1203 2021 1238; x_wconf 88' lang='lat' dir='ltr'>Patre</span> <span class='ocrx_word' id='word_1_414' title='bbox 2034 1204 2169 1241; x_wconf 86' lang='lat' dir='ltr'>Adamo</span> 
     </span>
     <span class='ocr_line' id='line_1_74' title="bbox 1286 1252 2170 1297; baseline 0.008 -14"><span class='ocrx_word' id='word_1_415' title='bbox 1286 1252 1489 1293; x_wconf 77' lang='lat' dir='ltr'>prodiimus3</span> <span class='ocrx_word' id='word_1_416' title='bbox 1518 1252 1564 1284; x_wconf 79' lang='lat' dir='ltr'>ita</span> <span class='ocrx_word' id='word_1_417' title='bbox 1602 1263 1719 1287; x_wconf 87' lang='lat' dir='ltr'>omnes</span> <span class='ocrx_word' id='word_1_418' title='bbox 1742 1253 1975 1297; x_wconf 76' lang='lat' dir='ltr'>adstringimur</span> <span class='ocrx_word' id='word_1_419' title='bbox 2003 1256 2110 1289; x_wconf 86' lang='lat' dir='ltr'>colere</span> <span class='ocrx_word' id='word_1_420' title='bbox 2134 1257 2170 1290; x_wconf 73' lang='grc' dir='ltr'>ἀ</span> 
     </span>
     <span class='ocr_line' id='line_1_75' title="bbox 1283 1300 2168 1344; baseline 0.006 -11"><span class='ocrx_word' id='word_1_421' title='bbox 1283 1301 1416 1334; x_wconf 88' lang='lat' dir='ltr'>adorare</span> <span class='ocrx_word' id='word_1_422' title='bbox 1429 1300 1565 1334; x_wconf 86' lang='lat' dir='ltr'>eandem</span> <span class='ocrx_word' id='word_1_423' title='bbox 1580 1301 1731 1336; x_wconf 89' lang='lat' dir='ltr'>divinam</span> <span class='ocrx_word' id='word_1_424' title='bbox 1746 1303 1952 1344; x_wconf 69' lang='lat' dir='ltr'>Maiestatem</span> <span class='ocrx_word' id='word_1_425' title='bbox 1965 1327 1973 1333; x_wconf 88' lang='lat'>-</span> <span class='ocrx_word' id='word_1_426' title='bbox 2003 1303 2059 1337; x_wconf 84' lang='lat' dir='ltr'>Ad</span> <span class='ocrx_word' id='word_1_427' title='bbox 2082 1305 2168 1339; x_wconf 86' lang='lat' dir='ltr'>istud</span> 
     </span>
     <span class='ocr_line' id='line_1_76' title="bbox 1283 1350 2168 1395; baseline 0.006 -11"><span class='ocrx_word' id='word_1_428' title='bbox 1283 1352 1496 1395; x_wconf 87' lang='lat' dir='ltr'>cognationis</span> <span class='ocrx_word' id='word_1_429' title='bbox 1515 1351 1549 1384; x_wconf 73' lang='grc' dir='ltr'>δε</span> <span class='ocrx_word' id='word_1_430' title='bbox 1572 1350 1709 1386; x_wconf 84' lang='lat' dir='ltr'>unitatis</span> <span class='ocrx_word' id='word_1_431' title='bbox 1734 1353 1901 1386; x_wconf 89' lang='lat' dir='ltr'>vinculum</span> <span class='ocrx_word' id='word_1_432' title='bbox 1937 1352 2168 1389; x_wconf 85' lang='lat' dir='ltr'>stabiliendum</span> 
     </span>
     <span class='ocr_line' id='line_1_77' title="bbox 1282 1400 2168 1447; baseline 0.008 -15"><span class='ocrx_word' id='word_1_433' title='bbox 1282 1400 1452 1434; x_wconf 87' lang='lat' dir='ltr'>Dominus</span> <span class='ocrx_word' id='word_1_434' title='bbox 1465 1401 1557 1433; x_wconf 90' lang='lat' dir='ltr'>Deus</span> <span class='ocrx_word' id='word_1_435' title='bbox 1569 1401 1749 1435; x_wconf 63' lang='lat' dir='ltr'>extinstum</span> <span class='ocrx_word' id='word_1_436' title='bbox 1774 1401 1904 1436; x_wconf 87' lang='lat' dir='ltr'>diluvio</span> <span class='ocrx_word' id='word_1_437' title='bbox 1929 1414 2034 1447; x_wconf 88' lang='lat' dir='ltr'>genus</span> <span class='ocrx_word' id='word_1_438' title='bbox 2057 1404 2168 1439; x_wconf 69' lang='lat' dir='ltr'>denuo</span> 
     </span>
     <span class='ocr_line' id='line_1_78' title="bbox 1282 1450 2166 1496; baseline 0.008 -14"><span class='ocrx_word' id='word_1_439' title='bbox 1282 1452 1439 1493; x_wconf 85' lang='lat' dir='ltr'>reparavit</span> <span class='ocrx_word' id='word_1_440' title='bbox 1452 1462 1491 1483; x_wconf 84' lang='lat' dir='ltr'>ex</span> <span class='ocrx_word' id='word_1_441' title='bbox 1516 1461 1584 1482; x_wconf 91' lang='lat' dir='ltr'>uno</span> <span class='ocrx_word' id='word_1_442' title='bbox 1608 1450 1685 1483; x_wconf 87' lang='lat' dir='ltr'>Noe</span> <span class='ocrx_word' id='word_1_443' title='bbox 1704 1477 1710 1483; x_wconf 93' lang='lat'>.</span> <span class='ocrx_word' id='word_1_444' title='bbox 1740 1453 1833 1485; x_wconf 89' lang='lat' dir='ltr'>Hinc</span> <span class='ocrx_word' id='word_1_445' title='bbox 1861 1451 1944 1486; x_wconf 81' lang='lat' dir='ltr'>bella</span> <span class='ocrx_word' id='word_1_446' title='bbox 1958 1452 2063 1496; x_wconf 68' lang='lat' dir='ltr'>palam</span> <span class='ocrx_word' id='word_1_447' title='bbox 2077 1456 2166 1489; x_wconf 88' lang='lat' dir='ltr'>evin-</span> 
     </span>
     <span class='ocr_line' id='line_1_79' title="bbox 1280 1500 2166 1548; baseline 0.007 -15"><span class='ocrx_word' id='word_1_448' title='bbox 1280 1510 1359 1534; x_wconf 86' lang='lat' dir='ltr'>cunt</span> <span class='ocrx_word' id='word_1_449' title='bbox 1374 1524 1383 1539; x_wconf 91' lang='lat'>,</span> <span class='ocrx_word' id='word_1_450' title='bbox 1409 1501 1442 1534; x_wconf 90' lang='lat'>&amp;</span> <span class='ocrx_word' id='word_1_451' title='bbox 1469 1500 1618 1533; x_wconf 65' lang='lat' dir='ltr'>altissime</span> <span class='ocrx_word' id='word_1_452' title='bbox 1641 1501 1787 1534; x_wconf 85' lang='lat' dir='ltr'>clamant</span> <span class='ocrx_word' id='word_1_453' title='bbox 1808 1527 1819 1542; x_wconf 92' lang='lat'><em>,</em></span> <span class='ocrx_word' id='word_1_454' title='bbox 1859 1500 2009 1536; x_wconf 86' lang='lat' dir='ltr'>homines</span> <span class='ocrx_word' id='word_1_455' title='bbox 2027 1515 2083 1547; x_wconf 87' lang='lat' dir='ltr'>per</span> <span class='ocrx_word' id='word_1_456' title='bbox 2103 1506 2166 1548; x_wconf 85' lang='lat' dir='ltr'>pri-</span> 
     </span>
     <span class='ocr_line' id='line_1_80' title="bbox 1280 1550 2164 1596; baseline 0.007 -13"><span class='ocrx_word' id='word_1_457' title='bbox 1280 1561 1370 1584; x_wconf 91' lang='lat' dir='ltr'>mum</span> <span class='ocrx_word' id='word_1_458' title='bbox 1383 1559 1552 1594; x_wconf 76' lang='lat' dir='ltr'>peccatum</span> <span class='ocrx_word' id='word_1_459' title='bbox 1563 1552 1625 1582; x_wconf 79' lang='lat' dir='ltr'>effe</span> <span class='ocrx_word' id='word_1_460' title='bbox 1637 1561 1705 1584; x_wconf 89' lang='lat' dir='ltr'>non</span> <span class='ocrx_word' id='word_1_461' title='bbox 1719 1550 1932 1586; x_wconf 74' lang='lat' dir='ltr'>solummodo</span> <span class='ocrx_word' id='word_1_462' title='bbox 1955 1564 2164 1596; x_wconf 88' lang='lat' dir='ltr'>comparatos</span> 
     </span>
     <span class='ocr_line' id='line_1_81' title="bbox 1278 1599 2164 1647; baseline 0.008 -14"><span class='ocrx_word' id='word_1_463' title='bbox 1278 1599 1454 1641; x_wconf 84' lang='lat' dir='ltr'>jumentis,</span> <span class='ocrx_word' id='word_1_464' title='bbox 1482 1599 1535 1633; x_wconf 86' lang='lat' dir='ltr'>sed</span> <span class='ocrx_word' id='word_1_465' title='bbox 1564 1599 1661 1633; x_wconf 86' lang='lat' dir='ltr'>etiam</span> <span class='ocrx_word' id='word_1_466' title='bbox 1687 1601 1861 1641; x_wconf 78' lang='lat' dir='ltr'>leonibus,</span> <span class='ocrx_word' id='word_1_467' title='bbox 1890 1602 2089 1647; x_wconf 77' lang='lat' dir='ltr'>tigridibu8‚</span> <span class='ocrx_word' id='word_1_468' title='bbox 2125 1616 2164 1640; x_wconf 85' lang='lat' dir='ltr'>ac</span> 
     </span>
     <span class='ocr_line' id='line_1_82' title="bbox 1276 1649 2169 1695; baseline 0.008 -13"><span class='ocrx_word' id='word_1_469' title='bbox 1276 1649 1473 1684; x_wconf 85' lang='lat' dir='ltr'>draconibus</span> <span class='ocrx_word' id='word_1_470' title='bbox 1487 1651 1588 1684; x_wconf 71' lang='lat' dir='ltr'>fastos</span> <span class='ocrx_word' id='word_1_471' title='bbox 1601 1649 1743 1692; x_wconf 79' lang='lat' dir='ltr'>pejores.</span> <span class='ocrx_word' id='word_1_472' title='bbox 1772 1651 1843 1685; x_wconf 89' lang='lat' dir='ltr'>Leo</span> <span class='ocrx_word' id='word_1_473' title='bbox 1883 1652 1916 1685; x_wconf 87' lang='lat' dir='ltr'>in</span> <span class='ocrx_word' id='word_1_474' title='bbox 1941 1653 2099 1695; x_wconf 85' lang='lat' dir='ltr'>leonem,</span> <span class='ocrx_word' id='word_1_475' title='bbox 2125 1657 2169 1689; x_wconf 90' lang='lat' dir='ltr'>ti-</span> 
     </span>
     <span class='ocr_line' id='line_1_83' title="bbox 1275 1700 2166 1748; baseline 0.008 -16"><span class='ocrx_word' id='word_1_476' title='bbox 1275 1700 1341 1744; x_wconf 86' lang='lat' dir='ltr'>gris</span> <span class='ocrx_word' id='word_1_477' title='bbox 1353 1701 1385 1733; x_wconf 90' lang='lat' dir='ltr'>in</span> <span class='ocrx_word' id='word_1_478' title='bbox 1399 1700 1550 1744; x_wconf 87' lang='lat' dir='ltr'>tigridem</span> <span class='ocrx_word' id='word_1_479' title='bbox 1565 1724 1575 1738; x_wconf 91' lang='lat'>‚</span> <span class='ocrx_word' id='word_1_480' title='bbox 1603 1700 1702 1733; x_wconf 90' lang='lat' dir='ltr'>draco</span> <span class='ocrx_word' id='word_1_481' title='bbox 1722 1701 1754 1733; x_wconf 90' lang='lat' dir='ltr'>in</span> <span class='ocrx_word' id='word_1_482' title='bbox 1770 1702 1945 1735; x_wconf 84' lang='lat' dir='ltr'>draconem</span> <span class='ocrx_word' id='word_1_483' title='bbox 1972 1703 2079 1738; x_wconf 86' lang='lat' dir='ltr'>duella</span> <span class='ocrx_word' id='word_1_484' title='bbox 2093 1706 2166 1748; x_wconf 85' lang='lat' dir='ltr'>qui-</span> 
     </span>
     <span class='ocr_line' id='line_1_84' title="bbox 1275 1750 2160 1797; baseline 0.007 -14"><span class='ocrx_word' id='word_1_485' title='bbox 1275 1751 1349 1783; x_wconf 83' lang='lat' dir='ltr'>dem</span> <span class='ocrx_word' id='word_1_486' title='bbox 1370 1761 1501 1791; x_wconf 89' lang='lat' dir='ltr'>tentat,·</span> <span class='ocrx_word' id='word_1_487' title='bbox 1529 1750 1639 1783; x_wconf 73' lang='lat' dir='ltr'>versun</span> <span class='ocrx_word' id='word_1_488' title='bbox 1657 1750 1826 1785; x_wconf 83' lang='lat' dir='ltr'>Exercitus</span> <span class='ocrx_word' id='word_1_489' title='bbox 1838 1763 2040 1797; x_wconf 81' lang='lat' dir='ltr'>aggregare,</span> <span class='ocrx_word' id='word_1_490' title='bbox 2066 1755 2160 1790; x_wconf 82' lang='lat' dir='ltr'>&amp;ita</span> 
     </span>
     <span class='ocr_line' id='line_1_85' title="bbox 1275 1800 2160 1846; baseline 0.007 -14"><span class='ocrx_word' id='word_1_491' title='bbox 1275 1800 1416 1834; x_wconf 85' lang='lat' dir='ltr'>invicem</span> <span class='ocrx_word' id='word_1_492' title='bbox 1441 1801 1620 1839; x_wconf 85' lang='lat' dir='ltr'>destruere,</span> <span class='ocrx_word' id='word_1_493' title='bbox 1648 1801 1693 1833; x_wconf 89' lang='lat' dir='ltr'>est</span> <span class='ocrx_word' id='word_1_494' title='bbox 1719 1802 1871 1836; x_wconf 77' lang='lat' dir='ltr'>scelerata</span> <span class='ocrx_word' id='word_1_495' title='bbox 1893 1803 2050 1846; x_wconf 87' lang='lat' dir='ltr'>iniquitas</span> <span class='ocrx_word' id='word_1_496' title='bbox 2075 1804 2160 1838; x_wconf 89' lang='lat' dir='ltr'>solo-</span> 
     </span>
     <span class='ocr_line' id='line_1_86' title="bbox 1250 1848 2161 1900; baseline 0.008 -18"><span class='ocrx_word' id='word_1_497' title='bbox 1250 1863 1253 1873; x_wconf 77' lang='lat'><em>1</em></span> <span class='ocrx_word' id='word_1_498' title='bbox 1274 1861 1355 1900; x_wconf 44' lang='lat' dir='ltr'>rum·</span> <span class='ocrx_word' id='word_1_499' title='bbox 1369 1849 1566 1884; x_wconf 85' lang='lat' dir='ltr'>hominum.</span> <span class='ocrx_word' id='word_1_500' title='bbox 1595 1848 1828 1886; x_wconf 84' lang='lat' dir='ltr'>Theodoretus</span> <span class='ocrx_word' id='word_1_501' title='bbox 1843 1852 1876 1885; x_wconf 90' lang='lat' dir='ltr'>in</span> <span class='ocrx_word' id='word_1_502' title='bbox 1900 1854 2161 1896; x_wconf 81' lang='lat' dir='ltr'>septima-deci-</span> 
     </span>
     <span class='ocr_line' id='line_1_87' title="bbox 1274 1900 2159 1948; baseline 0.007 -15"><span class='ocrx_word' id='word_1_503' title='bbox 1274 1911 1325 1933; x_wconf 87' lang='lat' dir='ltr'>ma</span> <span class='ocrx_word' id='word_1_504' title='bbox 1354 1901 1446 1943; x_wconf 89' lang='lat' dir='ltr'>super</span> <span class='ocrx_word' id='word_1_505' title='bbox 1469 1900 1622 1933; x_wconf 78' lang='lat' dir='ltr'>Genesim</span> <span class='ocrx_word' id='word_1_506' title='bbox 1647 1903 1826 1943; x_wconf 80' lang='lat' dir='ltr'>quaestione</span> <span class='ocrx_word' id='word_1_507' title='bbox 1852 1901 2003 1948; x_wconf 86' lang='lat' dir='ltr'>adjungit</span> <span class='ocrx_word' id='word_1_508' title='bbox 2017 1903 2058 1937; x_wconf 89' lang='lat' dir='ltr'>de</span> <span class='ocrx_word' id='word_1_509' title='bbox 2083 1906 2159 1939; x_wconf 86' lang='lat' dir='ltr'>ani·-</span> 
     </span>
     <span class='ocr_line' id='line_1_88' title="bbox 1273 1950 2160 1996; baseline 0.005 -13"><span class='ocrx_word' id='word_1_510' title='bbox 1273 1950 1439 1995; x_wconf 53' lang='lat' dir='ltr'>mantibus</span> <span class='ocrx_word' id='word_1_511' title='bbox 1465 1963 1472 1981; x_wconf 72' lang='grc' dir='ltr'>ε</span> <span class='ocrx_word' id='word_1_512' title='bbox 1510 1953 1779 1996; x_wconf 6' lang='grc' dir='ltr'>Βτμὶταμμνιζνῃρίιά</span> <span class='ocrx_word' id='word_1_513' title='bbox 1809 1956 1892 1985; x_wconf 90' lang='lat' dir='ltr'>Deus</span> <span class='ocrx_word' id='word_1_514' title='bbox 1911 1953 1985 1986; x_wconf 86' lang='lat' dir='ltr'>bina</span> <span class='ocrx_word' id='word_1_515' title='bbox 2006 1960 2124 1987; x_wconf 79' lang='lat' dir='ltr'>creavit</span> <span class='ocrx_word' id='word_1_516' title='bbox 2150 1979 2160 1987; x_wconf 88' lang='lat'><strong>.</strong></span> 
     </span>
     <span class='ocr_line' id='line_1_89' title="bbox 1272 1993 2158 2051; baseline 0.007 -20"><span class='ocrx_word' id='word_1_517' title='bbox 1272 2000 1366 2042; x_wconf 65' lang='lat' dir='ltr'>Unde,</span> <span class='ocrx_word' id='word_1_518' title='bbox 1379 2002 1483 2047; x_wconf 71' lang='lat' dir='ltr'>merito</span> <span class='ocrx_word' id='word_1_519' title='bbox 1508 1993 1742 2051; x_wconf 45' lang='lat' dir='ltr'>h‘eiredicqiunh}</span> <span class='ocrx_word' id='word_1_520' title='bbox 1767 2008 1809 2034; x_wconf 83' lang='lat' dir='ltr'>eis</span> <span class='ocrx_word' id='word_1_521' title='bbox 1836 2003 2011 2045; x_wconf 76' lang='lat' dir='ltr'>largitusest</span> <span class='ocrx_word' id='word_1_522' title='bbox 2022 2027 2032 2043; x_wconf 92' lang='lat'>,</span> <span class='ocrx_word' id='word_1_523' title='bbox 2060 2012 2094 2036; x_wconf 89' lang='lat' dir='ltr'>ut</span> <span class='ocrx_word' id='word_1_524' title='bbox 2103 2012 2158 2046; x_wconf 81' lang='lat' dir='ltr'>per</span> 
     </span>
     <span class='ocr_line' id='line_1_90' title="bbox 1271 2049 2156 2095; baseline 0.008 -16"><span class='ocrx_word' id='word_1_525' title='bbox 1271 2049 1547 2090; x_wconf 71' lang='lat' dir='ltr'>multiplicationem</span> <span class='ocrx_word' id='word_1_526' title='bbox 1560 2049 1711 2095; x_wconf 57' lang='lat' dir='ltr'>qitaedert&#39;n‘s</span> <span class='ocrx_word' id='word_1_527' title='bbox 1741 2053 1864 2092; x_wconf 89' lang='lat' dir='ltr'>plerent</span> <span class='ocrx_word' id='word_1_528' title='bbox 1887 2058 1985 2084; x_wconf 82' lang='lat' dir='ltr'>maria</span> <span class='ocrx_word' id='word_1_529' title='bbox 1998 2078 2008 2093; x_wconf 90' lang='lat'>‚</span> <span class='ocrx_word' id='word_1_530' title='bbox 2035 2054 2118 2086; x_wconf 87' lang='lat' dir='ltr'>lacus</span> <span class='ocrx_word' id='word_1_531' title='bbox 2143 2079 2156 2095; x_wconf 84' lang='lat'>,</span> 
     </span>
     <span class='ocr_line' id='line_1_91' title="bbox 1269 2097 2151 2151; baseline 0.005 -19"><span class='ocrx_word' id='word_1_532' title='bbox 1269 2101 1302 2132; x_wconf 75' lang='lat' dir='ltr'>(a&#39;</span> <span class='ocrx_word' id='word_1_533' title='bbox 1314 2097 1426 2140; x_wconf 66' lang='lat' dir='ltr'>fluvios</span> <span class='ocrx_word' id='word_1_534' title='bbox 1439 2123 1450 2139; x_wconf 91' lang='lat'><em>‚</em></span> <span class='ocrx_word' id='word_1_535' title='bbox 1464 2099 1669 2151; x_wconf 40' lang='lat' dir='ltr'>ssqilo&#39;etf-amstte‘</span> <span class='ocrx_word' id='word_1_536' title='bbox 1684 2103 1692 2109; x_wconf 76' lang='grc'><em>”</em></span> <span class='ocrx_word' id='word_1_537' title='bbox 1743 2124 1754 2139; x_wconf 91' lang='grc'>,</span> <span class='ocrx_word' id='word_1_538' title='bbox 1783 2103 1927 2134; x_wconf 88' lang='lat' dir='ltr'>nonnulla</span> <span class='ocrx_word' id='word_1_539' title='bbox 1941 2105 2009 2135; x_wconf 64' lang='lat' dir='ltr'>vero*</span> <span class='ocrx_word' id='word_1_540' title='bbox 2024 2112 2151 2136; x_wconf 85' lang='lat' dir='ltr'>terram.</span> 
     </span>
     <span class='ocr_line' id='line_1_92' title="bbox 1270 2141 2158 2233; baseline 0.008 -53"><span class='ocrx_word' id='word_1_541' title='bbox 1270 2147 1410 2191; x_wconf 54' lang='lat' dir='ltr'>Vldesm</span> <span class='ocrx_word' id='word_1_542' title='bbox 1429 2141 1706 2233; x_wconf 39' lang='lat' dir='ltr'>deviaret‘fffissssi</span> <span class='ocrx_word' id='word_1_543' title='bbox 1722 2149 1821 2195; x_wconf 85' lang='lat' dir='ltr'>Augu</span> <span class='ocrx_word' id='word_1_544' title='bbox 1829 2150 1902 2184; x_wconf 79' lang='lat' dir='ltr'>stini</span> <span class='ocrx_word' id='word_1_545' title='bbox 1914 2151 2062 2187; x_wconf 66' lang='lat' dir='ltr'>dofflina</span> <span class='ocrx_word' id='word_1_546' title='bbox 2076 2153 2158 2187; x_wconf 88' lang='lat' dir='ltr'>luci-</span> 
     </span>
     <span class='ocr_line' id='line_1_93' title="bbox 1268 2195 2157 2279; baseline 0.008 -49"><span class='ocrx_word' id='word_1_547' title='bbox 1268 2195 1634 2279; x_wconf 48' lang='lat' dir='ltr'>desu}p“ponitin}1gffl</span> <span class='ocrx_word' id='word_1_548' title='bbox 1688 2199 1777 2241; x_wconf 84' lang='lat' dir='ltr'>pecie</span> <span class='ocrx_word' id='word_1_549' title='bbox 1802 2200 1894 2234; x_wconf 76' lang='lat' dir='ltr'>fuisse</span> <span class='ocrx_word' id='word_1_550' title='bbox 1914 2202 2003 2243; x_wconf 84' lang='lat' dir='ltr'>plura</span> <span class='ocrx_word' id='word_1_551' title='bbox 2029 2204 2119 2246; x_wconf 84' lang='lat' dir='ltr'>paria</span> <span class='ocrx_word' id='word_1_552' title='bbox 2150 2230 2157 2236; x_wconf 94' lang='lat'>.</span> 
     </span>
     <span class='ocr_line' id='line_1_94' title="bbox 1268 2244 2155 2294; baseline 0.008 -15"><span class='ocrx_word' id='word_1_553' title='bbox 1268 2246 1401 2283; x_wconf 55' lang='lat' dir='ltr'>Natu&amp;</span> <span class='ocrx_word' id='word_1_554' title='bbox 1413 2244 1556 2294; x_wconf 34' lang='lat' dir='ltr'>diluvio}</span> <span class='ocrx_word' id='word_1_555' title='bbox 1601 2248 1730 2281; x_wconf 89' lang='lat' dir='ltr'>ominus</span> <span class='ocrx_word' id='word_1_556' title='bbox 1744 2248 1866 2282; x_wconf 65' lang='lat' dir='ltr'>Deus&amp;</span> <span class='ocrx_word' id='word_1_557' title='bbox 1891 2251 2024 2284; x_wconf 87' lang='lat' dir='ltr'>mundis</span> <span class='ocrx_word' id='word_1_558' title='bbox 2048 2254 2155 2287; x_wconf 85' lang='lat' dir='ltr'>serva-</span> 
     </span>
     <span class='ocr_line' id='line_1_95' title="bbox 1268 2296 2154 2346; baseline 0.009 -18"><span class='ocrx_word' id='word_1_559' title='bbox 1268 2296 1314 2329; x_wconf 91' lang='lat' dir='ltr'>vit</span> <span class='ocrx_word' id='word_1_560' title='bbox 1327 2297 1457 2338; x_wconf 68' lang='lat' dir='ltr'>septena</span> <span class='ocrx_word' id='word_1_561' title='bbox 1469 2297 1500 2330; x_wconf 76' lang='grc' dir='ltr'>ὅ(</span> <span class='ocrx_word' id='word_1_562' title='bbox 1513 2298 1643 2340; x_wconf 68' lang='lat' dir='ltr'>septena</span> <span class='ocrx_word' id='word_1_563' title='bbox 1657 2323 1663 2330; x_wconf 92' lang='lat'><em>.</em></span> <span class='ocrx_word' id='word_1_564' title='bbox 1688 2299 1757 2332; x_wconf 82' lang='lat' dir='ltr'>Sex</span> <span class='ocrx_word' id='word_1_565' title='bbox 1768 2299 1807 2333; x_wconf 88' lang='lat' dir='ltr'>ad</span> <span class='ocrx_word' id='word_1_566' title='bbox 1821 2300 2048 2343; x_wconf 84' lang='lat' dir='ltr'>generandum</span> <span class='ocrx_word' id='word_1_567' title='bbox 2063 2326 2073 2342; x_wconf 90' lang='lat'>,</span> <span class='ocrx_word' id='word_1_568' title='bbox 2088 2303 2154 2346; x_wconf 88' lang='lat' dir='ltr'>sep-</span> 
     </span>
     <span class='ocr_line' id='line_1_96' title="bbox 1269 2343 1978 2406; baseline 0.003 -27"><span class='ocrx_word' id='word_1_569' title='bbox 1269 2346 1385 2380; x_wconf 84' lang='lat' dir='ltr'>timum</span> <span class='ocrx_word' id='word_1_570' title='bbox 1400 2346 1439 2380; x_wconf 83' lang='lat' dir='ltr'>ad</span> <span class='ocrx_word' id='word_1_571' title='bbox 1454 2347 1717 2406; x_wconf 52' lang='lat' dir='ltr'>immflandum.</span> <span class='ocrx_word' id='word_1_572' title='bbox 1976 2343 1978 2345; x_wconf 49' lang='grc'><strong><em>’</em></strong></span> 
     </span>
    </p>

    <p class='ocr_par' dir='ltr' id='par_1_14' title="bbox 1268 2397 2154 2593">
     <span class='ocr_line' id='line_1_97' title="bbox 1318 2397 2154 2446; baseline 0.007 -16"><span class='ocrx_word' id='word_1_573' title='bbox 1318 2397 1428 2446; x_wconf 79' lang='lat' dir='ltr'>Qod</span> <span class='ocrx_word' id='word_1_574' title='bbox 1443 2397 1526 2442; x_wconf 42' lang='lat' dir='ltr'>annet*</span> <span class='ocrx_word' id='word_1_575' title='bbox 1543 2397 1706 2431; x_wconf 87' lang='lat' dir='ltr'>diluvium</span> <span class='ocrx_word' id='word_1_576' title='bbox 1729 2398 1850 2433; x_wconf 86' lang='lat' dir='ltr'>fuerint</span> <span class='ocrx_word' id='word_1_577' title='bbox 1872 2409 1995 2443; x_wconf 86' lang='lat' dir='ltr'>patrata</span> <span class='ocrx_word' id='word_1_578' title='bbox 2017 2400 2154 2436; x_wconf 83' lang='lat' dir='ltr'>homici-</span> 
     </span>
     <span class='ocr_line' id='line_1_98' title="bbox 1268 2443 2152 2490; baseline 0.007 -10"><span class='ocrx_word' id='word_1_579' title='bbox 1268 2444 1322 2488; x_wconf 74' lang='lat' dir='ltr'>dia</span> <span class='ocrx_word' id='word_1_580' title='bbox 1335 2470 1347 2490; x_wconf 74' lang='lat'>³,</span> <span class='ocrx_word' id='word_1_581' title='bbox 1374 2443 1492 2488; x_wconf 51' lang='lat' dir='ltr'>omnies</span> <span class='ocrx_word' id='word_1_582' title='bbox 1506 2448 1659 2481; x_wconf 90' lang='lat' dir='ltr'>novimus</span> <span class='ocrx_word' id='word_1_583' title='bbox 1674 2472 1681 2479; x_wconf 94' lang='lat'><strong>.</strong></span> <span class='ocrx_word' id='word_1_584' title='bbox 1710 2447 1800 2482; x_wconf 86' lang='lat' dir='ltr'>Bella</span> <span class='ocrx_word' id='word_1_585' title='bbox 1816 2450 1965 2484; x_wconf 85' lang='lat' dir='ltr'>videntur</span> <span class='ocrx_word' id='word_1_586' title='bbox 1986 2463 2053 2486; x_wconf 88' lang='lat' dir='ltr'>non</span> <span class='ocrx_word' id='word_1_587' title='bbox 2077 2453 2152 2486; x_wconf 86' lang='lat' dir='ltr'>fuis·</span> 
     </span>
     <span class='ocr_line' id='line_1_99' title="bbox 1270 2491 2151 2555; baseline 0.008 -26"><span class='ocrx_word' id='word_1_588' title='bbox 1270 2497 1320 2529; x_wconf 73' lang='lat' dir='ltr'>se‘.</span> <span class='ocrx_word' id='word_1_589' title='bbox 1337 2491 1444 2555; x_wconf 44' lang='lat'>25:333&amp;</span> <span class='ocrx_word' id='word_1_590' title='bbox 1466 2497 1550 2531; x_wconf 90' lang='lat' dir='ltr'>Cain</span> <span class='ocrx_word' id='word_1_591' title='bbox 1563 2498 1595 2531; x_wconf 71' lang='grc' dir='ltr'>ὃ(</span> <span class='ocrx_word' id='word_1_592' title='bbox 1609 2497 1695 2530; x_wconf 85' lang='lat' dir='ltr'>Abel</span> <span class='ocrx_word' id='word_1_593' title='bbox 1708 2509 1801 2532; x_wconf 84' lang='lat' dir='ltr'>erant</span> <span class='ocrx_word' id='word_1_594' title='bbox 1814 2501 1930 2533; x_wconf 87' lang='lat' dir='ltr'>summi</span> <span class='ocrx_word' id='word_1_595' title='bbox 1945 2499 2115 2546; x_wconf 85' lang='lat' dir='ltr'>Principes</span> <span class='ocrx_word' id='word_1_596' title='bbox 2143 2527 2151 2535; x_wconf 89' lang='lat'><em>.</em></span> 
     </span>
     <span class='ocr_line' id='line_1_100' title="bbox 1270 2545 2152 2593; baseline 0.008 -14"><span class='ocrx_word' id='word_1_597' title='bbox 1270 2545 1552 2590; x_wconf 53' lang='lat' dir='ltr'>DQOrdiaeinter</span> <span class='ocrx_word' id='word_1_598' title='bbox 1565 2547 1651 2590; x_wconf 89' lang='lat' dir='ltr'>ipsos</span> <span class='ocrx_word' id='word_1_599' title='bbox 1676 2548 1840 2592; x_wconf 84' lang='lat' dir='ltr'>originem</span> <span class='ocrx_word' id='word_1_600' title='bbox 1867 2551 2007 2593; x_wconf 82' lang='lat' dir='ltr'>exponit</span> <span class='ocrx_word' id='word_1_601' title='bbox 2035 2553 2064 2586; x_wconf 93' lang='lat' dir='ltr'>S.</span> <span class='ocrx_word' id='word_1_602' title='bbox 2090 2551 2152 2586; x_wconf 85' lang='lat' dir='ltr'>Ire·</span> 
     </span>
    </p>
   </div>
   <div class='ocr_carea' id='block_1_14' title="bbox 1221 847 1258 1727">
    <p class='ocr_par' dir='ltr' id='par_1_15' title="bbox 1221 847 1258 1727">
     <span class='ocr_line' id='line_1_101' title="bbox 1238 847 1258 1019; baseline 0 -49"><span class='ocrx_word' id='word_1_603' title='bbox 1238 847 1258 1019; x_wconf 95' lang='lat' dir='ltr'>   </span> 
     </span>
     <span class='ocr_line' id='line_1_102' title="bbox 1238 1019 1252 1073; baseline 0 2663"><span class='ocrx_word' id='word_1_604' title='bbox 1238 1019 1252 1073; x_wconf 95' lang='lat' dir='ltr'> </span> 
     </span>
     <span class='ocr_line' id='line_1_103' title="bbox 1236 1073 1251 1163; baseline 0 -54"><span class='ocrx_word' id='word_1_605' title='bbox 1236 1073 1251 1163; x_wconf 95' lang='lat' dir='ltr'>  </span> 
     </span>
     <span class='ocr_line' id='line_1_104' title="bbox 1234 1163 1250 1220; baseline 0 2516"><span class='ocrx_word' id='word_1_606' title='bbox 1234 1163 1250 1220; x_wconf 95' lang='lat' dir='ltr'> </span> 
     </span>
     <span class='ocr_line' id='line_1_105' title="bbox 1233 1220 1250 1270; baseline 0 2466"><span class='ocrx_word' id='word_1_607' title='bbox 1233 1220 1250 1270; x_wconf 95' lang='lat' dir='ltr'> </span> 
     </span>
     <span class='ocr_line' id='line_1_106' title="bbox 1231 1270 1249 1322; baseline 0 2414"><span class='ocrx_word' id='word_1_608' title='bbox 1231 1270 1249 1322; x_wconf 95' lang='lat' dir='ltr'> </span> 
     </span>
     <span class='ocr_line' id='line_1_107' title="bbox 1221 1322 1247 1727; baseline 0 0"><span class='ocrx_word' id='word_1_609' title='bbox 1221 1322 1247 1727; x_wconf 95' lang='lat' dir='ltr'>    </span> 
     </span>
    </p>
   </div>
   <div class='ocr_carea' id='block_1_15' title="bbox 1240 2597 2322 3391">
    <p class='ocr_par' dir='ltr' id='par_1_16' title="bbox 1269 2597 2322 2742">
     <span class='ocr_line' id='line_1_108' title="bbox 1293 2597 2290 2658; baseline 0.005 -28"><span class='ocrx_word' id='word_1_610' title='bbox 1293 2608 1354 2630; x_wconf 84' lang='lat' dir='ltr'>aeus</span> <span class='ocrx_word' id='word_1_611' title='bbox 1368 2609 1375 2628; x_wconf 88' lang='lat'>:</span> <span class='ocrx_word' id='word_1_612' title='bbox 1405 2600 1485 2629; x_wconf 85' lang='lat' dir='ltr'>Cain</span> <span class='ocrx_word' id='word_1_613' title='bbox 1497 2622 1507 2638; x_wconf 88' lang='lat'>,</span> <span class='ocrx_word' id='word_1_614' title='bbox 1533 2608 1597 2631; x_wconf 85' lang='lat' dir='ltr'>cum</span> <span class='ocrx_word' id='word_1_615' title='bbox 1606 2599 1750 2639; x_wconf 80' lang='lat' dir='ltr'>accepisset</span> <span class='ocrx_word' id='word_1_616' title='bbox 1762 2597 1904 2638; x_wconf 79' lang='lat' dir='ltr'>confilium</span> <span class='ocrx_word' id='word_1_617' title='bbox 1915 2602 1935 2632; x_wconf 74' lang='grc' dir='ltr'><em>ἃ</em></span> <span class='ocrx_word' id='word_1_618' title='bbox 1945 2602 2067 2634; x_wconf 86' lang='lat' dir='ltr'>Domino</span> <span class='ocrx_word' id='word_1_619' title='bbox 2078 2626 2088 2642; x_wconf 95' lang='lat'>,</span> <span class='ocrx_word' id='word_1_620' title='bbox 2115 2610 2150 2635; x_wconf 89' lang='lat' dir='ltr'>ut</span> <span class='ocrx_word' id='word_1_621' title='bbox 2167 2609 2240 2645; x_wconf 55' lang='lat' dir='ltr'>Lib,</span> <span class='ocrx_word' id='word_1_622' title='bbox 2259 2622 2290 2658; x_wconf 66' lang='lat'>3,</span> 
     </span>
     <span class='ocr_line' id='line_1_109' title="bbox 1269 2646 2322 2709; baseline 0.005 -30"><span class='ocrx_word' id='word_1_623' title='bbox 1269 2646 1431 2689; x_wconf 73' lang='lat' dir='ltr'>quiesceret</span> <span class='ocrx_word' id='word_1_624' title='bbox 1447 2653 1478 2679; x_wconf 89' lang='lat' dir='ltr'>in</span> <span class='ocrx_word' id='word_1_625' title='bbox 1491 2659 1521 2680; x_wconf 92' lang='lat' dir='ltr'>eo</span> <span class='ocrx_word' id='word_1_626' title='bbox 1532 2673 1542 2688; x_wconf 91' lang='lat'>‚</span> <span class='ocrx_word' id='word_1_627' title='bbox 1569 2648 1648 2689; x_wconf 89' lang='lat' dir='ltr'>quod</span> <span class='ocrx_word' id='word_1_628' title='bbox 1656 2659 1712 2680; x_wconf 86' lang='lat' dir='ltr'>non</span> <span class='ocrx_word' id='word_1_629' title='bbox 1723 2648 1799 2682; x_wconf 72' lang='lat' dir='ltr'>ret¹7e²</span> <span class='ocrx_word' id='word_1_630' title='bbox 1812 2648 1949 2692; x_wconf 75' lang='lat' dir='ltr'>divisisset</span> <span class='ocrx_word' id='word_1_631' title='bbox 1964 2663 2031 2683; x_wconf 82' lang='lat' dir='ltr'>eam</span> <span class='ocrx_word' id='word_1_632' title='bbox 2043 2677 2053 2691; x_wconf 87' lang='lat'>,</span> <span class='ocrx_word' id='word_1_633' title='bbox 2081 2663 2148 2694; x_wconf 84' lang='lat' dir='ltr'>quae</span> <span class='ocrx_word' id='word_1_634' title='bbox 2165 2672 2234 2705; x_wconf 59' lang='lat' dir='ltr'>cap,</span> <span class='ocrx_word' id='word_1_635' title='bbox 2265 2659 2322 2709; x_wconf 59' lang='lat'>36,</span> 
     </span>
     <span class='ocr_line' id='line_1_110' title="bbox 1270 2701 2148 2742; baseline 0.006 -12"><span class='ocrx_word' id='word_1_636' title='bbox 1270 2709 1340 2739; x_wconf 83' lang='lat' dir='ltr'>erga</span> <span class='ocrx_word' id='word_1_637' title='bbox 1380 2702 1522 2730; x_wconf 79' lang='lat' dir='ltr'>Fratrem</span> <span class='ocrx_word' id='word_1_638' title='bbox 1543 2707 1608 2729; x_wconf 88' lang='lat' dir='ltr'>erat</span> <span class='ocrx_word' id='word_1_639' title='bbox 1626 2722 1636 2737; x_wconf 89' lang='lat'><em>,</em></span> <span class='ocrx_word' id='word_1_640' title='bbox 1675 2706 1982 2739; x_wconf 84' lang='lat' dir='ltr'>communicationem,</span> <span class='ocrx_word' id='word_1_641' title='bbox 2005 2701 2063 2742; x_wconf 84' lang='lat' dir='ltr'>sed</span> <span class='ocrx_word' id='word_1_642' title='bbox 2082 2713 2148 2735; x_wconf 87' lang='lat' dir='ltr'>cum</span> 
     </span>
    </p>

    <p class='ocr_par' dir='ltr' id='par_1_17' title="bbox 1249 2721 2146 2839">
     <span class='ocr_line' id='line_1_111' title="bbox 1249 2721 2146 2839; baseline 0.007 -61"><span class='ocrx_word' id='word_1_643' title='bbox 1249 2721 1255 2839; x_wconf 62' lang='grc'><strong><em>1</em></strong></span> <span class='ocrx_word' id='word_1_644' title='bbox 1270 2749 1331 2779; x_wconf 86' lang='lat' dir='ltr'>zelo</span> <span class='ocrx_word' id='word_1_645' title='bbox 1353 2749 1386 2780; x_wconf 57' lang='grc' dir='ltr'>(Ὗ</span> <span class='ocrx_word' id='word_1_646' title='bbox 1406 2749 1524 2780; x_wconf 89' lang='lat' dir='ltr'>malitia</span> <span class='ocrx_word' id='word_1_647' title='bbox 1532 2746 1697 2790; x_wconf 66' lang='lat' dir='ltr'>suspicatus</span> <span class='ocrx_word' id='word_1_648' title='bbox 1711 2748 1747 2787; x_wconf 79' lang='lat' dir='ltr'>est</span> <span class='ocrx_word' id='word_1_649' title='bbox 1755 2750 1830 2791; x_wconf 86' lang='lat' dir='ltr'>poffe</span> <span class='ocrx_word' id='word_1_650' title='bbox 1855 2752 2004 2782; x_wconf 83' lang='lat' dir='ltr'>dominari</span> <span class='ocrx_word' id='word_1_651' title='bbox 2013 2757 2040 2782; x_wconf 88' lang='lat' dir='ltr'>ei</span> <span class='ocrx_word' id='word_1_652' title='bbox 2052 2774 2062 2790; x_wconf 94' lang='lat'>,</span> <span class='ocrx_word' id='word_1_653' title='bbox 2088 2763 2146 2784; x_wconf 77' lang='lat' dir='ltr'>non</span> 
     </span>
    </p>

    <p class='ocr_par' dir='ltr' id='par_1_18' title="bbox 1265 2796 2146 2892">
     <span class='ocr_line' id='line_1_112' title="bbox 1267 2796 2146 2842; baseline 0.005 -13"><span class='ocrx_word' id='word_1_654' title='bbox 1267 2796 1357 2839; x_wconf 81' lang='lat' dir='ltr'>solum</span> <span class='ocrx_word' id='word_1_655' title='bbox 1370 2808 1427 2830; x_wconf 81' lang='lat' dir='ltr'>non</span> <span class='ocrx_word' id='word_1_656' title='bbox 1437 2803 1587 2839; x_wconf 77' lang='lat' dir='ltr'>acquievit</span> <span class='ocrx_word' id='word_1_657' title='bbox 1598 2823 1607 2838; x_wconf 87' lang='lat'>‚</span> <span class='ocrx_word' id='word_1_658' title='bbox 1630 2797 1688 2840; x_wconf 87' lang='lat' dir='ltr'>sed</span> <span class='ocrx_word' id='word_1_659' title='bbox 1710 2801 1742 2831; x_wconf 69' lang='grc'>(3</span> <span class='ocrx_word' id='word_1_660' title='bbox 1753 2800 1865 2838; x_wconf 87' lang='lat' dir='ltr'>adjecit</span> <span class='ocrx_word' id='word_1_661' title='bbox 1881 2808 2036 2840; x_wconf 85' lang='lat' dir='ltr'>peccatum</span> <span class='ocrx_word' id='word_1_662' title='bbox 2057 2798 2146 2842; x_wconf 83' lang='lat' dir='ltr'>super</span> 
     </span>
     <span class='ocr_line' id='line_1_113' title="bbox 1265 2846 2146 2892; baseline 0.005 -13"><span class='ocrx_word' id='word_1_663' title='bbox 1265 2855 1438 2888; x_wconf 86' lang='lat' dir='ltr'>peccatum,</span> <span class='ocrx_word' id='word_1_664' title='bbox 1465 2847 1658 2888; x_wconf 63' lang='lat' dir='ltr'>manifestans</span> <span class='ocrx_word' id='word_1_665' title='bbox 1667 2846 1847 2889; x_wconf 80' lang='lat' dir='ltr'>sententiam</span> <span class='ocrx_word' id='word_1_666' title='bbox 1866 2849 1952 2892; x_wconf 88' lang='lat' dir='ltr'>suam</span> <span class='ocrx_word' id='word_1_667' title='bbox 1970 2858 2027 2890; x_wconf 85' lang='lat' dir='ltr'>per</span> <span class='ocrx_word' id='word_1_668' title='bbox 2043 2859 2146 2891; x_wconf 87' lang='lat' dir='ltr'>opera-</span> 
     </span>
    </p>

    <p class='ocr_par' dir='ltr' id='par_1_19' title="bbox 1268 2895 2146 2941">
     <span class='ocr_line' id='line_1_114' title="bbox 1268 2895 2146 2941; baseline 0.005 -12"><span class='ocrx_word' id='word_1_669' title='bbox 1268 2904 1374 2929; x_wconf 82' lang='lat' dir='ltr'>tionem</span> <span class='ocrx_word' id='word_1_670' title='bbox 1383 2895 1485 2940; x_wconf 73' lang='lat' dir='ltr'>fuam.</span> <span class='ocrx_word' id='word_1_671' title='bbox 1517 2900 1610 2940; x_wconf 73' lang='lat' dir='ltr'>‚Quod</span> <span class='ocrx_word' id='word_1_672' title='bbox 1630 2904 1709 2931; x_wconf 83' lang='lat' dir='ltr'>ent&#39;m</span> <span class='ocrx_word' id='word_1_673' title='bbox 1730 2905 1874 2941; x_wconf 81' lang='lat' dir='ltr'>cogitavit</span> <span class='ocrx_word' id='word_1_674' title='bbox 1886 2923 1897 2938; x_wconf 89' lang='lat'>‚</span> <span class='ocrx_word' id='word_1_675' title='bbox 1922 2898 1974 2932; x_wconf 85' lang='lat' dir='ltr'>hoc</span> <span class='ocrx_word' id='word_1_676' title='bbox 1987 2902 2020 2932; x_wconf 65' lang='grc'>(7</span> <span class='ocrx_word' id='word_1_677' title='bbox 2045 2909 2146 2941; x_wconf 86' lang='lat' dir='ltr'>opera·</span> 
     </span>
    </p>

    <p class='ocr_par' dir='ltr' id='par_1_20' title="bbox 1267 2947 2148 2992">
     <span class='ocr_line' id='line_1_115' title="bbox 1267 2947 2148 2992; baseline 0.003 -12"><span class='ocrx_word' id='word_1_678' title='bbox 1267 2956 1318 2980; x_wconf 88' lang='lat' dir='ltr'>tus</span> <span class='ocrx_word' id='word_1_679' title='bbox 1332 2947 1368 2986; x_wconf 83' lang='lat' dir='ltr'>est</span> <span class='ocrx_word' id='word_1_680' title='bbox 1384 2959 1390 2978; x_wconf 93' lang='lat'>:</span> <span class='ocrx_word' id='word_1_681' title='bbox 1419 2949 1587 2980; x_wconf 76' lang='lat' dir='ltr'>dominatus</span> <span class='ocrx_word' id='word_1_682' title='bbox 1599 2947 1635 2987; x_wconf 82' lang='lat' dir='ltr'>est</span> <span class='ocrx_word' id='word_1_683' title='bbox 1644 2973 1654 2988; x_wconf 90' lang='lat'>,</span> <span class='ocrx_word' id='word_1_684' title='bbox 1683 2949 1715 2980; x_wconf 62' lang='grc' dir='ltr'>(τ</span> <span class='ocrx_word' id='word_1_685' title='bbox 1728 2949 1878 2989; x_wconf 77' lang='lat' dir='ltr'>interfecit</span> <span class='ocrx_word' id='word_1_686' title='bbox 1892 2961 1956 2982; x_wconf 85' lang='lat' dir='ltr'>eum</span> <span class='ocrx_word' id='word_1_687' title='bbox 1970 2975 1979 2989; x_wconf 93' lang='lat'>,</span> <span class='ocrx_word' id='word_1_688' title='bbox 1988 2948 2148 2992; x_wconf 83' lang='lat' dir='ltr'>subjicien-</span> 
     </span>
    </p>

    <p class='ocr_par' dir='ltr' id='par_1_21' title="bbox 1244 2997 2313 3240">
     <span class='ocr_line' id='line_1_116' title="bbox 1267 2997 2288 3055; baseline 0.005 -25"><span class='ocrx_word' id='word_1_689' title='bbox 1267 3007 1295 3031; x_wconf 91' lang='lat' dir='ltr'>te</span> <span class='ocrx_word' id='word_1_690' title='bbox 1317 3000 1376 3029; x_wconf 90' lang='lat' dir='ltr'>Deo</span> <span class='ocrx_word' id='word_1_691' title='bbox 1378 2998 1487 3037; x_wconf 83' lang='lat' dir='ltr'>justum</span> <span class='ocrx_word' id='word_1_692' title='bbox 1498 2997 1619 3038; x_wconf 86' lang='lat' dir='ltr'>injuslo.</span> <span class='ocrx_word' id='word_1_693' title='bbox 1651 2998 1792 3031; x_wconf 84' lang='lat' dir='ltr'>Etinfra</span> <span class='ocrx_word' id='word_1_694' title='bbox 1807 3012 1817 3031; x_wconf 93' lang='lat'><em>:</em></span> <span class='ocrx_word' id='word_1_695' title='bbox 1846 3000 1889 3032; x_wconf 81' lang='lat' dir='ltr'>Ab</span> <span class='ocrx_word' id='word_1_696' title='bbox 1912 3005 1998 3032; x_wconf 74' lang='lat' dir='ltr'>initIo</span> <span class='ocrx_word' id='word_1_697' title='bbox 2008 2998 2138 3042; x_wconf 79' lang='lat' dir='ltr'>respexit</span> <span class='ocrx_word' id='word_1_698' title='bbox 2158 3010 2231 3046; x_wconf 55' lang='lat' dir='ltr'>Lib·</span> <span class='ocrx_word' id='word_1_699' title='bbox 2255 3019 2288 3055; x_wconf 75' lang='lat'>4,</span> 
     </span>
     <span class='ocr_line' id='line_1_117' title="bbox 1245 3044 2313 3107; baseline 0.007 -29"><span class='ocrx_word' id='word_1_700' title='bbox 1245 3044 1249 3099; x_wconf 60' lang='grc' dir='ltr'>Ι</span> <span class='ocrx_word' id='word_1_701' title='bbox 1267 3050 1348 3080; x_wconf 87' lang='lat' dir='ltr'>Deus</span> <span class='ocrx_word' id='word_1_702' title='bbox 1361 3049 1405 3079; x_wconf 90' lang='lat' dir='ltr'>ad</span> <span class='ocrx_word' id='word_1_703' title='bbox 1414 3059 1535 3080; x_wconf 87' lang='lat' dir='ltr'>munera</span> <span class='ocrx_word' id='word_1_704' title='bbox 1549 3048 1621 3081; x_wconf 84' lang='lat' dir='ltr'>Abel</span> <span class='ocrx_word' id='word_1_705' title='bbox 1631 3071 1641 3086; x_wconf 85' lang='lat'>‚</span> <span class='ocrx_word' id='word_1_706' title='bbox 1669 3048 1807 3089; x_wconf 83' lang='lat' dir='ltr'>quonlam</span> <span class='ocrx_word' id='word_1_707' title='bbox 1819 3060 1884 3082; x_wconf 91' lang='lat' dir='ltr'>cum</span> <span class='ocrx_word' id='word_1_708' title='bbox 1896 3049 2083 3090; x_wconf 76' lang='lat' dir='ltr'>simplicitate</span> <span class='ocrx_word' id='word_1_709' title='bbox 2108 3053 2141 3084; x_wconf 73' lang='lat'>(9⁶</span> <span class='ocrx_word' id='word_1_710' title='bbox 2157 3070 2223 3103; x_wconf 64' lang='lat' dir='ltr'>cgp,</span> <span class='ocrx_word' id='word_1_711' title='bbox 2255 3070 2313 3107; x_wconf 60' lang='lat'>34*</span> 
     </span>
     <span class='ocr_line' id='line_1_118' title="bbox 1244 3096 2141 3139; baseline 0.007 -11"><span class='ocrx_word' id='word_1_712' title='bbox 1244 3115 1248 3124; x_wconf 72' lang='grc' dir='ltr'><em>ι</em></span> <span class='ocrx_word' id='word_1_713' title='bbox 1258 3097 1375 3137; x_wconf 77' lang='lat' dir='ltr'>justitia</span> <span class='ocrx_word' id='word_1_714' title='bbox 1386 3097 1547 3139; x_wconf 47' lang='lat' dir='ltr'>offerebam</span> <span class='ocrx_word' id='word_1_715' title='bbox 1571 3096 1659 3139; x_wconf 84' lang='lat' dir='ltr'>super</span> <span class='ocrx_word' id='word_1_716' title='bbox 1672 3098 1851 3139; x_wconf 77' lang='lat' dir='ltr'>Sacrificium</span> <span class='ocrx_word' id='word_1_717' title='bbox 1866 3107 1959 3131; x_wconf 85' lang='lat' dir='ltr'>autem</span> <span class='ocrx_word' id='word_1_718' title='bbox 1982 3104 2059 3133; x_wconf 86' lang='lat' dir='ltr'>Cain</span> <span class='ocrx_word' id='word_1_719' title='bbox 2083 3113 2141 3134; x_wconf 86' lang='lat' dir='ltr'>non</span> 
     </span>
     <span class='ocr_line' id='line_1_119' title="bbox 1244 3146 2141 3199; baseline 0.007 -21"><span class='ocrx_word' id='word_1_720' title='bbox 1244 3146 1392 3199; x_wconf 39' lang='lat' dir='ltr'>¹&#39;respexit</span> <span class='ocrx_word' id='word_1_721' title='bbox 1407 3170 1417 3185; x_wconf 94' lang='lat'>‚</span> <span class='ocrx_word' id='word_1_722' title='bbox 1443 3154 1581 3189; x_wconf 82' lang='lat' dir='ltr'>quoniam</span> <span class='ocrx_word' id='word_1_723' title='bbox 1591 3159 1655 3179; x_wconf 91' lang='lat' dir='ltr'>cum</span> <span class='ocrx_word' id='word_1_724' title='bbox 1676 3149 1738 3179; x_wconf 80' lang='lat' dir='ltr'>zelo</span> <span class='ocrx_word' id='word_1_725' title='bbox 1764 3150 1797 3180; x_wconf 73' lang='lat'>(9⁹</span> <span class='ocrx_word' id='word_1_726' title='bbox 1820 3150 1959 3190; x_wconf 86' lang='lat' dir='ltr'>malitia,</span> <span class='ocrx_word' id='word_1_727' title='bbox 1986 3162 2053 3192; x_wconf 83' lang='lat' dir='ltr'>quae</span> <span class='ocrx_word' id='word_1_728' title='bbox 2074 3160 2141 3184; x_wconf 83' lang='lat' dir='ltr'>erat</span> 
     </span>
     <span class='ocr_line' id='line_1_120' title="bbox 1244 3195 2139 3240; baseline 0.006 -12"><span class='ocrx_word' id='word_1_729' title='bbox 1244 3198 1410 3229; x_wconf 66' lang='lat' dir='ltr'>‘adversas</span> <span class='ocrx_word' id='word_1_730' title='bbox 1425 3201 1567 3230; x_wconf 84' lang='lat' dir='ltr'>Fratrem</span> <span class='ocrx_word' id='word_1_731' title='bbox 1583 3220 1593 3235; x_wconf 93' lang='lat'>,</span> <span class='ocrx_word' id='word_1_732' title='bbox 1619 3195 1790 3237; x_wconf 77' lang='lat' dir='ltr'>divtfionem</span> <span class='ocrx_word' id='word_1_733' title='bbox 1813 3197 1942 3231; x_wconf 85' lang='lat' dir='ltr'>habebat</span> <span class='ocrx_word' id='word_1_734' title='bbox 1966 3206 1997 3231; x_wconf 85' lang='lat' dir='ltr'>in</span> <span class='ocrx_word' id='word_1_735' title='bbox 2019 3202 2102 3233; x_wconf 87' lang='lat' dir='ltr'>corde</span> <span class='ocrx_word' id='word_1_736' title='bbox 2128 3225 2139 3240; x_wconf 90' lang='lat'>‚</span> 
     </span>
    </p>

    <p class='ocr_par' dir='ltr' id='par_1_22' title="bbox 1241 3247 2138 3298">
     <span class='ocr_line' id='line_1_121' title="bbox 1241 3247 2138 3298; baseline 0.004 -19"><span class='ocrx_word' id='word_1_737' title='bbox 1241 3269 1245 3298; x_wconf 46' lang='lat'>2</span> <span class='ocrx_word' id='word_1_738' title='bbox 1263 3247 1510 3288; x_wconf 84' lang='lat' dir='ltr'>quemadmodum</span> <span class='ocrx_word' id='word_1_739' title='bbox 1521 3248 1626 3279; x_wconf 83' lang='lat' dir='ltr'>occulta</span> <span class='ocrx_word' id='word_1_740' title='bbox 1637 3248 1702 3285; x_wconf 85' lang='lat' dir='ltr'>ejus</span> <span class='ocrx_word' id='word_1_741' title='bbox 1713 3258 1837 3290; x_wconf 83' lang='lat' dir='ltr'>arguens</span> <span class='ocrx_word' id='word_1_742' title='bbox 1854 3253 1933 3282; x_wconf 90' lang='lat' dir='ltr'>Deus</span> <span class='ocrx_word' id='word_1_743' title='bbox 1960 3256 2005 3283; x_wconf 87' lang='lat' dir='ltr'>ait</span> <span class='ocrx_word' id='word_1_744' title='bbox 2015 3275 2027 3291; x_wconf 92' lang='lat'>‚</span> <span class='ocrx_word' id='word_1_745' title='bbox 2055 3255 2138 3283; x_wconf 90' lang='lat' dir='ltr'>Non—</span> 
     </span>
    </p>

    <p class='ocr_par' dir='ltr' id='par_1_23' title="bbox 1241 3294 2136 3341">
     <span class='ocr_line' id='line_1_122' title="bbox 1241 3294 2136 3341; baseline 0.002 -12"><span class='ocrx_word' id='word_1_746' title='bbox 1241 3303 1244 3307; x_wconf 77' lang='grc'>’</span> <span class='ocrx_word' id='word_1_747' title='bbox 1261 3308 1297 3329; x_wconf 88' lang='lat' dir='ltr'>ne</span> <span class='ocrx_word' id='word_1_748' title='bbox 1303 3294 1332 3336; x_wconf 83' lang='lat' dir='ltr'><em>fi</em></span> <span class='ocrx_word' id='word_1_749' title='bbox 1337 3297 1412 3328; x_wconf 75' lang='lat' dir='ltr'>rec‘ie</span> <span class='ocrx_word' id='word_1_750' title='bbox 1431 3297 1537 3336; x_wconf 80' lang='lat' dir='ltr'>offerar</span> <span class='ocrx_word' id='word_1_751' title='bbox 1551 3321 1561 3336; x_wconf 93' lang='lat'>‚</span> <span class='ocrx_word' id='word_1_752' title='bbox 1589 3295 1662 3329; x_wconf 64' lang='lat' dir='ltr'>reete</span> <span class='ocrx_word' id='word_1_753' title='bbox 1673 3305 1771 3330; x_wconf 89' lang='lat' dir='ltr'>autem</span> <span class='ocrx_word' id='word_1_754' title='bbox 1796 3309 1852 3330; x_wconf 86' lang='lat' dir='ltr'>non</span> <span class='ocrx_word' id='word_1_755' title='bbox 1864 3301 1992 3333; x_wconf 77' lang='lat' dir='ltr'>dividar</span> <span class='ocrx_word' id='word_1_756' title='bbox 2006 3325 2016 3340; x_wconf 90' lang='lat'>‚</span> <span class='ocrx_word' id='word_1_757' title='bbox 2038 3309 2136 3341; x_wconf 84' lang='lat' dir='ltr'>pecca-</span> 
     </span>
    </p>

    <p class='ocr_par' dir='ltr' id='par_1_24' title="bbox 1240 3344 2130 3391">
     <span class='ocr_line' id='line_1_123' title="bbox 1240 3344 2130 3391; baseline 0.006 -15"><span class='ocrx_word' id='word_1_758' title='bbox 1240 3348 1243 3368; x_wconf 80' lang='lat'><strong>¹</strong></span> <span class='ocrx_word' id='word_1_759' title='bbox 1254 3346 1314 3388; x_wconf 82' lang='lat' dir='ltr'>sti?</span> <span class='ocrx_word' id='word_1_760' title='bbox 1339 3344 1447 3388; x_wconf 87' lang='lat' dir='ltr'>quiesce</span> <span class='ocrx_word' id='word_1_761' title='bbox 1457 3369 1466 3383; x_wconf 92' lang='lat'>‚</span> <span class='ocrx_word' id='word_1_762' title='bbox 1491 3352 1633 3386; x_wconf 83' lang='lat' dir='ltr'>quoniam</span> <span class='ocrx_word' id='word_1_763' title='bbox 1645 3356 1701 3378; x_wconf 90' lang='lat' dir='ltr'>non</span> <span class='ocrx_word' id='word_1_764' title='bbox 1709 3344 1853 3388; x_wconf 79' lang='lat' dir='ltr'>sacrificio</span> <span class='ocrx_word' id='word_1_765' title='bbox 1860 3351 2000 3391; x_wconf 85' lang='lat' dir='ltr'>placatur</span> <span class='ocrx_word' id='word_1_766' title='bbox 2013 3354 2094 3383; x_wconf 83' lang='lat' dir='ltr'>Deus</span> <span class='ocrx_word' id='word_1_767' title='bbox 2119 3374 2130 3381; x_wconf 92' lang='lat'>.</span> 
     </span>
    </p>
   </div>
   <div class='ocr_carea' id='block_1_16' title="bbox 1247 2842 1253 2952">
    <p class='ocr_par' dir='ltr' id='par_1_25' title="bbox 1247 2842 1253 2952">
     <span class='ocr_line' id='line_1_124' title="bbox 1247 2842 1253 2952; baseline 0 784"><span class='ocrx_word' id='word_1_768' title='bbox 1247 2842 1253 2952; x_wconf 95' lang='lat' dir='ltr'> </span> 
     </span>
    </p>
   </div>
   <div class='ocr_carea' id='block_1_17' title="bbox 1246 2955 1252 3041">
    <p class='ocr_par' dir='ltr' id='par_1_26' title="bbox 1246 2955 1252 3041">
     <span class='ocr_line' id='line_1_125' title="bbox 1246 2955 1252 3041; baseline 0 695"><span class='ocrx_word' id='word_1_769' title='bbox 1246 2955 1252 3041; x_wconf 95' lang='lat' dir='ltr'> </span> 
     </span>
    </p>
   </div>
   <div class='ocr_carea' id='block_1_18' title="bbox 1239 3394 2135 3443">
    <p class='ocr_par' dir='ltr' id='par_1_27' title="bbox 1239 3394 2135 3443">
     <span class='ocr_line' id='line_1_126' title="bbox 1239 3394 2135 3443; baseline 0.006 -18"><span class='ocrx_word' id='word_1_770' title='bbox 1239 3412 1241 3425; x_wconf 70' lang='grc' dir='ltr'>ι</span> <span class='ocrx_word' id='word_1_771' title='bbox 1260 3397 1307 3429; x_wconf 84' lang='lat' dir='ltr'>Illi</span> <span class='ocrx_word' id='word_1_772' title='bbox 1321 3401 1366 3428; x_wconf 84' lang='lat' dir='ltr'>ait</span> <span class='ocrx_word' id='word_1_773' title='bbox 1378 3420 1390 3435; x_wconf 92' lang='lat'>‚</span> <span class='ocrx_word' id='word_1_774' title='bbox 1416 3394 1564 3438; x_wconf 67' lang='lat' dir='ltr'>Quiesce,</span> <span class='ocrx_word' id='word_1_775' title='bbox 1591 3398 1624 3428; x_wconf 75' lang='lat'><em>&amp;</em></span> <span class='ocrx_word' id='word_1_776' title='bbox 1641 3406 1697 3427; x_wconf 88' lang='lat' dir='ltr'>non</span> <span class='ocrx_word' id='word_1_777' title='bbox 1709 3396 1820 3440; x_wconf 79' lang='lat' dir='ltr'>affenfit</span> <span class='ocrx_word' id='word_1_778' title='bbox 1835 3424 1840 3430; x_wconf 94' lang='lat'><em>.</em></span> <span class='ocrx_word' id='word_1_779' title='bbox 1869 3398 2025 3443; x_wconf 77' lang='lat' dir='ltr'>,Quiescere</span> <span class='ocrx_word' id='word_1_780' title='bbox 2035 3407 2135 3431; x_wconf 85' lang='lat' dir='ltr'>autem</span> 
     </span>
    </p>
   </div>
   <div class='ocr_carea' id='block_1_19' title="bbox 326 3432 2134 3495">
    <p class='ocr_par' dir='ltr' id='par_1_28' title="bbox 326 3432 2134 3495">
     <span class='ocr_line' id='line_1_127' title="bbox 326 3432 2134 3495; baseline 0 -11"><span class='ocrx_word' id='word_1_781' title='bbox 326 3454 440 3495; x_wconf 85' lang='lat' dir='ltr'>placuit</span> <span class='ocrx_word' id='word_1_782' title='bbox 449 3475 460 3492; x_wconf 90' lang='lat'>,</span> <span class='ocrx_word' id='word_1_783' title='bbox 481 3449 539 3494; x_wconf 72' lang='lat' dir='ltr'>sed</span> <span class='ocrx_word' id='word_1_784' title='bbox 546 3462 584 3486; x_wconf 78' lang='lat' dir='ltr'>ex</span> <span class='ocrx_word' id='word_1_785' title='bbox 598 3448 659 3493; x_wconf 68' lang='lat' dir='ltr'>ipso</span> <span class='ocrx_word' id='word_1_786' title='bbox 669 3474 680 3492; x_wconf 88' lang='lat'>‚</span> <span class='ocrx_word' id='word_1_787' title='bbox 692 3452 695 3456; x_wconf 76' lang='grc'><strong>”</strong></span> <span class='ocrx_word' id='word_1_788' title='bbox 706 3457 739 3482; x_wconf 90' lang='lat' dir='ltr'>ut</span> <span class='ocrx_word' id='word_1_789' title='bbox 751 3460 848 3483; x_wconf 87' lang='lat' dir='ltr'>omnes</span> <span class='ocrx_word' id='word_1_790' title='bbox 861 3461 897 3483; x_wconf 76' lang='lat' dir='ltr'>ex</span> <span class='ocrx_word' id='word_1_791' title='bbox 909 3462 965 3483; x_wconf 83' lang='lat' dir='ltr'>uno</span> <span class='ocrx_word' id='word_1_792' title='bbox 981 3449 1196 3490; x_wconf 82' lang='lat' dir='ltr'>diffunderetur</span> <span class='ocrx_word' id='word_1_793' title='bbox 1238 3432 1243 3477; x_wconf 75' lang='lat' dir='ltr'>i</span> <span class='ocrx_word' id='word_1_794' title='bbox 1259 3446 1377 3491; x_wconf 83' lang='lat' dir='ltr'>quidest</span> <span class='ocrx_word' id='word_1_795' title='bbox 1388 3446 1496 3487; x_wconf 86' lang='lat' dir='ltr'>aliud,</span> <span class='ocrx_word' id='word_1_796' title='bbox 1521 3457 1559 3488; x_wconf 83' lang='lat' dir='ltr'>qu</span> <span class='ocrx_word' id='word_1_797' title='bbox 1565 3447 1614 3479; x_wconf 69' lang='lat' dir='ltr'>am</span> <span class='ocrx_word' id='word_1_798' title='bbox 1626 3445 1750 3488; x_wconf 85' lang='lat' dir='ltr'>definere</span> <span class='ocrx_word' id='word_1_799' title='bbox 1762 3449 1781 3480; x_wconf 83' lang='grc' dir='ltr'><em>ᾶ</em></span> <span class='ocrx_word' id='word_1_800' title='bbox 1803 3449 1943 3493; x_wconf 76' lang='lat' dir='ltr'>proposito</span> <span class='ocrx_word' id='word_1_801' title='bbox 1961 3453 2089 3491; x_wconf 81' lang='lat' dir='ltr'>impetus</span> <span class='ocrx_word' id='word_1_802' title='bbox 2117 3449 2134 3480; x_wconf 73' lang='grc' dir='ltr'><strong><em>ἒ</em></strong></span> 
     </span>
    </p>
   </div>
   <div class='ocr_carea' id='block_1_20' title="bbox 1238 3498 2085 3541">
    <p class='ocr_par' dir='ltr' id='par_1_29' title="bbox 1238 3498 2085 3541">
     <span class='ocr_line' id='line_1_128' title="bbox 1238 3498 2085 3541; baseline -0.012 0"><span class='ocrx_word' id='word_1_803' title='bbox 1238 3503 1245 3541; x_wconf 77' lang='lat' dir='ltr'>l</span> <span class='ocrx_word' id='word_1_804' title='bbox 2014 3498 2085 3532; x_wconf 87' lang='lat' dir='ltr'>dum</span> 
     </span>
    </p>
   </div>
  </div>
 </body>
</html>
