2366 3736
746 111 1052 144 sTAB

224 185 375 221 confudit
395 184 429 219 in
451 195 553 220 unum
565 209 576 225 ‚
602 185 637 222 ὃς
649 181 820 230 &pluribus
832 182 927 220 annis
935 190 987 224 per
999 181 1097 219 Fran·

223 236 345 270 circum
359 234 555 269 Turrianum
570 259 581 276 ‚
597 246 635 269 ac
646 232 831 277 nuperrime
842 231 1096 277 perPhilippum

221 285 396 320 Labbaeum
419 285 498 321 fasta
520 285 676 322 correctio
697 283 730 318 ἀ
755 281 860 317 editio
884 280 1057 318 adductum
1078 282 1096 315 a

219 335 456 376 Demonstratore
477 333 699 370 testimonium
717 331 840 367 habent
853 333 886 366 in
912 331 1042 366 secundi
1061 331 1097 364 li-

219 383 266 418 bri
290 386 556 430 quinquagesimo
569 394 660 417 nono
672 383 793 427 capite,
812 393 880 416 non
900 382 933 416 in
946 382 1098 426 sexagess-

218 444 275 467 mo
287 435 381 469 tertio
395 461 402 467 .
423 438 479 469 An
490 433 611 467 vetusta
624 432 831 468 Colonienfis
841 431 926 476 apud
935 431 1095 474 Ioannem

218 482 478 519 Birchmannum
504 483 607 517 editio
634 483 728 516 aliter
753 481 1065 528 distribueritcapita
1085 506 1097 522 ‚

217 535 375 576 quoniam
398 536 460 568 effe
472 533 584 577 poffit,
613 532 718 566 nolim
730 532 836 567 rimari
849 557 856 565 .
884 531 1018 565 interim
1032 542 1095 565 cer·

216 592 286 617 tum
296 584 352 625 est,
363 584 451 626 quod
460 585 536 616 octo
549 583 647 616 libros
658 593 725 615 non
738 582 923 616 confuderit
936 581 969 615 in
983 592 1098 615 unum.

268 631 416 666 Adducta
438 632 724 666 Constitutionum
756 631 852 665 verba
874 630 943 664 dixi
967 642 1035 664 non
1056 629 1097 664 de

216 682 474 726 Pagensibusaut
488 683 745 726 quibuscumque
755 680 994 725 parochialibus
1008 681 1099 714 Pres-

217 731 338 774 byteris
349 744 444 776 agere
457 757 467 773 ‚
495 733 547 766 led
559 732 599 765 de
611 730 859 776 Cathedralibus
871 755 878 763 .
907 731 1095 764 Etiamnum

216 782 294 815 dico
312 806 319 814 .
349 782 403 816 Est
419 793 467 816 res
478 782 666 816 manifesta.
696 780 948 815 Demonstrator
970 790 1022 813 mc
1045 791 1097 813 ar·-

217 832 290 876 guit
302 855 311 871 ,
339 832 428 874 quod
442 831 654 866 Cathedrales
677 830 907 872 Presbyteros,
932 839 969 862 ut
995 829 1072 863 tales
1086 853 1097 869 ‚

218 882 391 916 nesciama
413 881 657 916 parochialibus
675 881 888 924 distinguere.
920 878 964 913 Et
986 889 1095 912 verum

217 930 298 964 dicit
310 954 319 963 .
344 931 507 966 Profiteor
525 932 617 965 enirn
640 928 821 963 istiusmodi
842 928 1024 962 dialesticas
1043 929 1095 963 tri-

218 992 271 1014 cas
284 1004 294 1020 ,
307 990 385 1021 quas
399 980 563 1025 ignoravit
583 990 622 1013 ac
634 978 829 1022 improbavit
841 978 951 1013 omnis
963 980 1096 1022 antiqua

218 1029 447 1064 Christianitas
458 1053 469 1069 ‚
495 1029 594 1064 etiam
606 1029 623 1062 a
637 1039 688 1063 me
702 1029 853 1072 sperni&
866 1029 1008 1073 ignorari
1025 1053 1032 1061 .
1045 1028 1093 1061 In-

216 1081 311 1114 terim
323 1079 412 1123 quod
425 1079 458 1112 in
471 1078 583 1113 multis
597 1079 678 1112 olim
695 1078 844 1112 Ecclesiis
855 1089 914 1112 nec
929 1076 1096 1112 Parochia·

218 1129 288 1169 les,
312 1139 374 1173 Qec
396 1127 604 1164 Cathedrales
617 1128 803 1172 Presbyteri
825 1128 1096 1172 potuerintdoce-

218 1190 252 1212 re
268 1179 421 1221 populum
436 1203 445 1217 ,
471 1179 504 1211 ἀ
526 1178 648 1224 grande
671 1178 755 1212 istud
772 1189 891 1212 munus
912 1177 1096 1221 spestaverit

218 1229 258 1261 ad
281 1228 367 1262 solos
391 1229 587 1271 Episcopos‚
616 1229 781 1272 persevero
803 1228 927 1261 dicere.
955 1228 998 1261 Et
1021 1228 1097 1261 dico

218 1289 351 1311 verum.
380 1277 421 1311 Et
443 1278 573 1313 abunde
590 1279 738 1312 ostendi.
767 1279 926 1313 Attamen
952 1277 1099 1312 Ecclefiae

220 1327 312 1361 variae
329 1327 512 1363 habuerunt
526 1330 630 1363 varios
643 1339 765 1363 mores.

371 1426 763 1466 .CAPUT
861 1426 940 1460 111.

266 1528 461 1561 stabiliuntur
479 1526 703 1570 quaedam‘alia
715 1526 924 1561 Exbtbttionis
941 1510 1044 1559 Dian.

318 1626 525 1667 Emonstrmr
539 1627 711 1670 profitetur
721 1625 940 1670 Regularibns
951 1624 1101 1660 Ecclesiis

305 1695 308 1697 Δ
339 1678 401 1711 effe
410 1677 458 1720 jus
469 1674 690 1710 concionandi
705 1698 716 1714 ‚
739 1676 773 1708 ὃ(
785 1675 824 1708 ad
838 1676 907 1708 suas
921 1676 1099 1709 conciones

217 1727 424 1760 convocandi
449 1726 607 1769 populum
620 1750 627 1758 .
656 1725 699 1758 Et
711 1724 849 1769 graviter
862 1726 1007 1767 queritur
1020 1726 1050 1758 se
1062 1724 1101 1757 ab

220 1775 416 1809 Exhibttione
438 1785 600 1818 perperam
615 1773 759 1807 traduci.
790 1773 985 1815 Respondeo
1000 1777 1028 1805 E
1032 1781 1101 1813 xpm

210 1825 345 1867 firdonem
358 1835 453 1869 agere
473 1823 515 1856 de
525 1820 740 1864 concionibus
754 1821 910 1856 faciendis
919 1822 1031 1857 eadem
1046 1821 1100 1856 ho·

218 1886 251 1908 ra
264 1898 274 1913 ,
302 1885 363 1916 qua
375 1875 411 1908 fit
424 1871 620 1916 parochialis
638 1871 823 1914 Presbyteri
839 1873 976 1906 concio.
1008 1872 1100 1905 Affir-

217 1932 286 1958 mat
301 1923 477 1968 Regulares
491 1923 644 1957 Ecclesias
655 1946 666 1962 ,
685 1921 767 1955 nulli
782 1921 839 1955 nisi
853 1922 911 1955 soli
928 1921 1100 1965 Episcopo,

217 1973 333 2008 debere
355 1973 576 2007 concionandi
599 1971 712 2006 horam
734 1971 867 2006 cedere.
895 1971 989 2005 Hinc
1002 1971 1100 2005 infert

218 2024 301 2066 ipsas
315 2047 325 2062 ,
352 2022 458 2067 quoad
474 2022 556 2056 istud
569 2022 619 2064 jus
630 2047 640 2063 ‚
661 2023 728 2056 esse
740 2032 827 2065 pares
840 2021 1096 2055 parochialibus.

219 2073 263 2107 Et
299 2073 443 2116 loquitur
474 2085 511 2106 ex
531 2071 783 2107 Constitutione
807 2071 970 2106 Bonifacii
1006 2071 1096 2106 vlu.

218 2133 314 2165 quam
336 2133 458 2156 certum
484 2122 527 2155 est
550 2123 567 2155 a
594 2123 682 2155 nulla
705 2120 858 2155 Gener-ali
883 2120 1022 2165 Synodo
1042 2131 1097 2158 aut

218 2171 377 2206 Romano
402 2172 563 2205 Pontifice
584 2173 652 2205 esse
674 2170 929 2205 circumductam
946 2196 953 2203 .
974 2173 1096 2204 Demon-

211 2221 324 2263 strator
350 2221 630 2265 hocprofiteatur,
657 2222 760 2255 &erit
772 2232 856 2265 pax:
885 2222 972 2258 Uno
986 2222 1096 2264 spiritu

218 2273 281 2305 Dei
296 2271 441 2305 Verbum
456 2269 693 2313 praedicabimus
704 2293 712 2302 .

267 2320 320 2354 De
346 2321 556 2362 Expositione
580 2322 623 2354 est
645 2322 678 2355 &
695 2319 761 2353 haec
772 2319 994 2363 querimonia:
1024 2323 1097 2354 Par}

216 2373 299 2403 modo
312 2369 430 2413 falsum
450 2369 488 2409 est
502 2394 512 2409 ,
537 2372 616 2412 quod
635 2381 672 2408 ex
695 2369 753 2412 solo
764 2372 892 2402 Concilio
915 2369 1102 2411 Nannetenfi

216 2420 408 2458 demonstrem
421 2419 604 2463 apostolicam
616 2422 650 2454 (θ’
660 2425 776 2453 avitam
797 2418 1007 2462 discipc'Inam.
1036 2419 1094 2454 Re-

216 2470 363 2512 spondeo
386 2469 628 2510 Expositionem
646 2472 711 2503 esse
733 2470 923 2503 innoxiam.
953 2470 1031 2503 Non
1054 2470 1094 2503 de

216 2520 289 2554 solo
309 2521 376 2564 egit
397 2519 595 2552 Nannetensi
617 2518 792 2552 Concilio.
821 2519 918 2552 Dixit
942 2518 1094 2553 Ecclefia-

215 2569 327 2603 sticam
348 2568 531 2611 Apostolici
546 2569 698 2611 temporis
710 2568 936 2610 disciplinam,
963 2569 1009 2602 uti
1025 2579 1091 2602 non

215 2631 255 2653 ex
279 2618 451 2662 Papalibus
473 2618 651 2652 ffidorianae
674 2617 890 2651 Colleffionis
917 2617 1059 2662 epistolis
1082 2642 1092 2657 ‚

214 2668 259 2703 ita
285 2680 344 2702 nec
357 2680 397 2701 ex
410 2667 467 2701 ista
481 2668 616 2710 Synodo
628 2668 720 2710 posse
735 2666 905 2701 mohstrari
918 2692 925 2700 .
956 2668 997 2701 Et
1010 2668 1091 2703 rede

211 2718 319 2761 dixit.
349 2718 482 2752 Etenim
503 2717 563 2752 ista
584 2717 695 2752 omnia
714 2718 788 2751 sunt
809 2718 912 2751 octavi
932 2729 987 2752 aut
1007 2719 1088 2752 noni

211 2768 317 2803 saeculi
330 2793 337 2801 .
908 2800 911 2806 s

224 2829 227 2833 ·
263 2817 482 2857 Demonstrator
505 2817 579 2851 item
593 2816 736 2861 queritur
750 2842 760 2858 ,
775 2817 863 2860 quod
877 2817 1035 2850 Exhibitio
1045 2816 1087 2850 di-

212 2876 267 2903 cat
284 2868 381 2902 etiam
405 2868 432 2901 S.
458 2867 658 2909 Hieronymi
679 2867 848 2910 epistolam
872 2867 993 2911 abipso
1007 2868 1088 2901 male

212 2919 302 2953 citari
327 2944 334 2951 .
362 2917 557 2961 Respondeo
581 2918 682 2960 ipsam
703 2928 776 2951 vera
803 2917 921 2950 dixisse
944 2941 952 2950 .
990 2918 1085 2950 Dixit

212 2967 300 3009 quod
312 2968 344 3002 in
358 2968 499 3002 secundo
513 2966 639 3000 suarum
650 2965 855 3010 epistolarum
869 2967 992 3000 libroS.
1008 2968 1085 3000 Hie·

212 3028 368 3060 ronymus
389 3017 511 3052 nullam
534 3015 650 3051 habeat
671 3016 841 3059 epistolam
861 3017 901 3050 ad
925 3017 1086 3050 Heliodo-

212 3077 285 3101 rum
294 3091 301 3098 .
328 3067 382 3100 Est
395 3079 441 3101 res
452 3077 539 3101 certa
551 3068 582 3101 ὅ(
595 3066 763 3102 manifesta
773 3090 781 3097 .
800 3066 926 3100 Verum
939 3067 1083 3100 Demon-

212 3116 327 3151 strator
338 3117 466 3150 recurrit
477 3118 516 3152 ad
530 3117 655 3152 selenas
668 3118 699 3151 S.
713 3116 911 3158 Hieronymi
924 3116 1085 3159 epistolas,

211 3176 308 3210 atque
319 3167 362 3209 ita
371 3168 488 3201 fatetur
499 3169 530 3202 se
543 3178 584 3201 ex
595 3167 692 3211 pleno
702 3166 957 3207 Hieronymiani
977 3168 1082 3209 operis

210 3227 347 3259 corpore
360 3227 427 3251 non
437 3217 571 3257 citasse,
597 3217 742 3260 adeoque
762 3228 822 3250 nec
835 3215 937 3259 ipsum
951 3217 1080 3260 legisse.

210 3266 338 3301 Selectae
352 3265 494 3309 epistolae
505 3267 568 3311 legi
581 3269 817 3300 consueverunt
828 3266 845 3299 a
858 3267 957 3299 Sacrae
970 3266 1079 3300 Theo-

209 3315 522 3361 logiaeTyronibus.
549 3316 647 3359 spero
657 3318 749 3357 fore,
769 3327 804 3350 ut
832 3316 1079 3349 Demonstrator

210 3366 408 3411 pedetentim
422 3364 594 3399 adscendat
605 3365 701 3400 altius
711 3390 723 3406 ,
734 3377 831 3409 atque
843 3367 885 3400 ita
899 3366 971 3399 isliu
978 3367 1076 3399 smodi

210 3415 291 3452 meis
301 3415 537 3463 suspicionibus
547 3415 700 3461 deinceps
711 3427 779 3452 non
791 3414 925 3461 praebeat
948 3416 1075 3451 ansam.

1122 110 1140 143 1
1208 109 1233 143 1.

1305 109 1323 143 1
1397 110 1423 141 τ
1492 112 1547 142 Λ.
1911 115 1999 159 311

1209 180 1424 221 Demonstrator
1438 181 1542 225 pergit
1554 193 1567 215 .-
1592 179 1679 215 Recffi?
1685 181 1782 225 colligo
1792 189 1831 214 ex
1845 180 1883 215 iis
1894 183 1945 221 ‚S.
1954 184 2034 219 Hie-

1158 232 1291 274 ronymi
1314 231 1450 271 litteris,
1477 229 1634 264 Monac-bos
1648 232 1768 267 (Ἰονίου
1787 228 1928 274 subfuiffe
1949 257 1957 265 .
1988 233 2034 267 Et

1158 282 1266 317 firmat
1285 292 1327 315 ex
1350 278 1546 316 authoritate
1565 281 1699 323 Joannis
1712 281 1861 315 Morini.
1889 280 2037 324 Respon-
2067 324 2078 328 .-

1158 330 1221 365 deo
1243 330 1284 364 de
1297 330 1406 364 Laicis
1419 328 1594 368 Monachis
1605 342 1657 364 me
1667 331 1854 366 consentire
1868 356 1871 360 >
1901 331 2035 364 Etenim

1158 381 1231 424 quis
1243 380 1362 414 Laicus
1384 391 1454 414 non
1474 379 1571 416 subsit
1583 380 1749 429 Episcopo
1761 391 1857 426 atque
1869 379 2037 426 Presbyte-

1160 431 1219 467 ro?
1247 430 1304 464 Est
1327 438 1435 465 tamen
1455 441 1537 473 opus
1559 430 1812 466 sanointellestu
1827 455 1834 462 .
1863 429 2037 467 Primitiva

1159 479 1239 514 olim
1253 479 1454 515 Monasteria
1467 489 1533 513 non
1548 479 1762 519 Dioecesano,
1789 480 1841 516 sed
1855 481 1873 515 a
1893 482 1924 514 se
1935 480 2037 514 electo

1162 529 1325 573 Episcopo
1345 529 1516 565 suberant.
1546 528 1676 573 Eligere
1687 540 1833 573 poterant
1848 541 2040 574 quemcum-

1159 589 1222 623 que
1235 578 1435 622 Episcopum
1447 601 1459 618 ,
1483 578 1581 613 etiam
1595 579 1841 613 remotissimum
1852 604 1859 612 .
1889 580 1957 615 Hic
1971 580 2037 613 illis

1159 628 1255 663 dabat
1277 628 1505 671 Presbyterum
1527 627 1559 661 ὅ(
1571 628 1683 661 omnia
1699 627 1918 662 Ecclesiastica
1932 629 2037 665 Sacra·

1159 689 1283 713 menta.
1316 678 1372 713 Est
1397 679 1483 722 apud
1505 688 1620 711 omnes
1632 677 2039 721 Ecclefiasticaeantiquita-

1159 728 1203 762 tis
1225 728 1346 772 peritos
1363 738 1411 762 res
1433 727 1617 763 notiffima.
1646 727 1690 763 Et
1708 726 1815 760 lucide
1828 737 1910 770 patet
1922 738 1962 761 ex
1975 727 2040 770 Sy-

1164 778 1254 813 nodo
1281 778 1446 812 Bonifacii
1477 777 1726 820 Archiepiscopi
1749 775 2009 821 Carthaginensis
2031 801 2039 809 .

1164 829 1214 861 Ex
1251 839 1318 871 quo
1355 828 1444 861 vides
1468 825 1711 861 Monachornm
1737 826 1756 860 a
1783 826 1846 860 loci
1877 827 2041 870 Episcopo

1162 878 1406 920 exemptionem
1429 878 1494 911 esse
1504 876 1759 920 antiquissimam
1769 900 1780 916 ,
1793 878 1826 910 dt
1840 877 1970 911 vetustis
1982 877 2040 909 Ec·

1162 927 1259 962 clefiae
1271 925 1462 960 Canonibus
1475 938 1540 961 non
1553 927 1731 961 adversari.
1745 926 1791 959 lta
1803 927 1865 960 fuit
1881 927 1912 958 in
1926 926 2042 959 Orien-

1162 988 1195 1010 te
1216 978 1317 1019 usque
1339 976 1378 1010 ad
1392 975 1699 1011 Chalcedonensem
1711 976 1900 1019 Synodum.
1927 975 1965 1009 In
1978 977 2042 1009 Oc-

1162 1027 1289 1060 cidente
1307 1037 1437 1065 autem,
1463 1027 1519 1069 qui
1548 1026 1639 1060 istius
1658 1026 1782 1069 Synodi
1808 1026 1960 1060 Canones
1983 1025 2042 1061 diu

1164 1089 1231 1110 non
1253 1074 1380 1114 admisit
1398 1101 1410 1120 ,
1437 1076 1496 1111 ista
1520 1076 1625 1113 forma
1650 1076 1822 1124 permansit
1846 1075 1947 1120 longe
1969 1075 2043 1111 diu·

1162 1126 1243 1163 tius.

1213 1177 1462 1211 Demonstrator
1483 1175 1593 1210 denuo
1613 1176 1758 1218 queritur
1784 1177 1813 1210 se
1825 1175 1907 1209 salso
1931 1175 2042 1209 tradu-

1163 1228 1191 1261 ci
1203 1251 1212 1266 ,
1228 1225 1313 1270 quod
1331 1225 1487 1269 improbet
1500 1226 1714 1270 Regularium
1731 1226 1940 1259 Ecclesiarum
1954 1226 2043 1259 Con·

1164 1276 1292 1315 ciones,
1322 1277 1355 1310 ὅ(
1375 1287 1470 1320 neget
1495 1276 1577 1319 ipsas
1591 1278 1681 1318 posse
1693 1278 1910 1320 frequentari.
1939 1276 2043 1308 Affir-

1165 1337 1230 1360 mat
1253 1327 1334 1368 ipsas
1355 1326 1372 1359 a
1387 1327 1417 1358 se
1427 1326 1649 1359 commendari
1664 1349 1671 1356 .
1702 1325 1886 1358 Proclamat
1907 1325 1945 1358 ad
1968 1324 2045 1357 Tri·

1164 1375 1333 1410 dentinam
1365 1375 1538 1419 Synodum
1560 1397 1570 1412 ,
1596 1375 1637 1408 ab
1659 1373 1847 1416 Expofitione
1869 1374 2043 1408 adulterari

1165 1426 1294 1464 thema,
1320 1437 1358 1458 ac
1370 1424 1474 1469 pergit
1487 1437 1494 1456 t
1521 1428 1586 1466 Ego
1594 1426 1630 1457 de
1644 1425 1787 1456 audiendi
1799 1424 1926 1456 Verbum
1941 1425 1996 1455 Det
2009 1425 2043 1457 Θ·

1166 1477 1334 1508 rudimenta
1353 1474 1424 1516 fidei
1449 1480 1480 1506 in
1506 1473 1656 1507 Parocbir's
1679 1475 1851 1516 obligatione
1874 1473 2044 1515 pertrac‘la-

1167 1527 1254 1562 bam,
1279 1525 1326 1556 ille
1343 1522 1457 1565 septem
1478 1524 1627 1563 capitibus
1655 1523 1704 1555 boc
1725 1529 1808 1567 aget,
1834 1524 2045 1564 utpotiffimtim

1167 1575 1311 1614 h1st0r1'1‘s,
1334 1570 1391 1615 sed
1398 1574 1432 1606 ό·
1444 1570 1623 1614 quibusdam
1643 1576 1732 1604 etiam
1751 1574 1920 1615 privilegiis
1940 1572 2045 1612 probet

1166 1623 1391 1665 antiqutffimam
1413 1623 1599 1656 concionandi·
1622 1622 1656 1654 (ff
1666 1620 1869 1654 catechizandi
1880 1622 1998 1654 tantiam
2008 1627 2044 1654 in

1163 1672 1225 1716 suis
1246 1669 1376 1712 Ecclefits
1400 1672 1570 1705 libertatem
1593 1695 1599 1702 .
1628 1674 1726 1710 Dico,
1753 1671 1928 1705 Tantum.-
1957 1675 2044 1703 Nam

1168 1724 1248 1756 nulla
1267 1720 1425 1763 »illiusmodi
1437 1720 1635 1759 historiarum,
1661 1719 1944 1762 privilegiorumque
1955 1727 2041 1753 evin-

1164 1779 1209 1805 cit
1229 1771 1375 1804 audiendo
1397 1777 1429 1801 m
1451 1781 1549 1803 eorum
1562 1767 1694 1810 Ecclesu's
1710 1769 1838 1806 Verbum
1853 1773 1910 1803 Dei
1920 1793 1931 1810 ,
1959 1773 2043 1804 Prae·

1165 1827 1240 1863 cepti
1250 1818 1509 1864 satisfablionem.

1214 1870 1412 1914 Respondeo
1435 1881 1503 1903 non
1515 1868 1644 1904 tantum
1657 1869 1833 1913 privilegia
1844 1869 1876 1903 &
1890 1867 2039 1903 historias

1165 1922 1231 1954 esse
1255 1918 1389 1953 adducta
1404 1944 1415 1960 ‚
1431 1920 1482 1954 sed
1496 1919 1594 1954 etiam
1607 1919 1771 1963 generales
1784 1918 2041 1962 &authenticos

1167 1970 1311 2004 Ecclesiae
1322 1970 1490 2003 Canones.
1517 1970 1556 2003 ln
1580 1967 1836 2003 Chalcedonenfi
1848 1968 1984 2013 Synodo
1999 1970 2047 2012 ad·

1167 2020 1367 2053 Anastafium
1390 2021 1564 2054 Nicaenum
1588 2020 1622 2052 in
1637 2018 1798 2062 Bithynia
1820 2019 2015 2062 Episcopum
2030 2044 2043 2060 ‚

1163 2070 1414 2113 praetendentem
1438 2070 1489 2111 jus
1508 2068 1791 2113 Metropoliticum
1824 2070 1858 2102 in
1884 2069 2042 2104 Bafiiino-

1164 2119 1341 2162 politanam
1365 2118 1540 2153 Ecclesiam
1554 2143 1564 2159 ‚
1590 2119 1743 2153 dixerunt
1763 2119 1976 2163 gloriosissimi
1990 2120 2042 2162 Ju-

1162 2168 1251 2202 dices
1263 2182 1274 2202 .-
1300 2170 1454 2211 ‚Quomodb
1465 2179 1493 2201 te
1504 2168 1661 2208 monstrare
1670 2174 1820 2209 promittis
1835 2168 2039 2210 Bafilmopolts
2058 2162 2129 2199 Ast.
2144 2176 2196 2213 13.

1157 2217 1366 2261 sanc‘liffimam
1378 2218 1532 2260 Ecclefiam
1551 2217 1608 2262 sub
1628 2222 1758 2251 Nicaena
1779 2219 1850 2261 effe,
1878 2226 1978 2252 utrum
1992 2217 2040 2262 se-

1159 2270 1288 2302 cundum
1299 2271 1457 2307 canones,
1485 2280 1527 2301 an
1538 2279 1575 2301 ex
1586 2267 1692 2310 aliqua
1702 2266 1932 2311 consuetudine?
1960 2271 2039 2312 Sup-

1162 2319 1338 2362 posuerunt
1350 2328 1521 2359 utrumque
1531 2318 1728 2361 principium
1750 2318 1816 2351 esse
1835 2329 1889 2361 per
1911 2319 1942 2352 se
1955 2319 2038 2353 suffi-

1159 2370 1249 2403 ciens
1269 2368 1309 2402 ad
1330 2368 1517 2402 vistoriam.
1547 2367 1590 2400 Et
1613 2366 1691 2401 hinc
1710 2366 1865 2401 Anastasii
1880 2366 2036 2403 Adversa-

1160 2419 1224 2452 rius
1247 2419 1430 2452 Eunomius
1442 2417 1704 2451 Nicomediensis
1718 2416 1915 2459 Episcopus,
1943 2417 2034 2452 istius

1159 2468 1338 2502 Provinciae
1358 2466 1592 2510 Metropolita,
1619 2467 1651 2499 in
1665 2465 1821 2500 exhibitis
1843 2467 2034 2510 imperatori

1158 2518 1347 2557 Marciano,
1373 2528 1411 2550 ac
1427 2517 1557 2559 praefatae
1575 2516 1712 2557 Synodo
1736 2516 1882 2560 precibus
1903 2519 2034 2552 asseruit

1157 2567 1212 2601 sibi
1231 2568 1336 2602 favere
1358 2566 1558 2601 &Canones
1578 2567 1612 2599 <Sc
1634 2565 1906 2601 consuetudinem
1921 2591 1928 2600 .
1958 2567 2035 2613 Ego

1157 2617 1373 2660 perambulavi
1392 2627 1447 2658 per
1464 2616 1531 2658 ejus
1557 2615 1710 2660 vestigia.
1740 2616 1801 2649 Per
1824 2617 1944 2660 septem
1961 2621 2031 2652 Ex-

1154 2666 1304 2700 hibitiom‘s
1325 2668 1432 2708 capita
1465 2664 1681 2699 demonstravi
1707 2665 1920 2709 Regularium
1944 2668 2031 2702 Con-

1153 2717 1266 2750 ciones
1288 2718 1320 2750 &
1346 2714 1568 2749 catechismos
1590 2715 1689 2748 fuisse
1713 2717 1834 2757 semper
1855 2717 1990 2759 probata
2011 2717 2030 2751 ὲ

1154 2766 1328 2799 Catholica
1348 2767 1454 2799 Matre
1468 2776 1504 2798 ac
1529 2765 1595 2808 ejus
1622 2766 1791 2807 disciplina
1813 2789 1820 2796 .
1861 2765 1933 2800 Nec
1961 2777 2029 2800 tan-

1153 2817 1221 2850 tum
1246 2815 1435 2850 Conciones
1453 2816 1486 2849 ἀ
1500 2814 1722 2849 Catechismos
1734 2839 1744 2854 ,
1773 2814 1823 2848 sed
1837 2816 1917 2849 olim
1929 2817 2028 2851 etiam

1154 2866 1335 2908 Baptisma.
1365 2866 1417 2900 Ex
1434 2876 1556 2909 magno
1578 2864 1840 2898 authenticorum
1862 2867 2028 2909 exemplo·

1150 2928 1221 2950 rum
1242 2927 1381 2949 numero
1393 2913 1661 2949 consuetudinem
1675 2938 1684 2953 ,
1711 2926 1750 2947 ex
1766 2914 1860 2948 variis
1873 2916 2024 2957 synodo-

1149 2977 1218 2999 rum
1237 2978 1274 2999 ac
1286 2967 1510 3000 Rornanorum
1532 2964 1728 2997 Pontificum
1752 2964 1900 2999 Decretis
1919 2966 2024 2999 osten·

1147 3015 1180 3049 di
1196 3016 1291 3049 nobis
1313 3017 1419 3049 favere
1441 3015 1610 3047 Canones.
1638 3013 1724 3047 Istud
1746 3013 1795 3055 jus
1811 3025 1876 3047 non
1889 3015 1953 3049 esse
1966 3028 2022 3050 no-

1149 3066 1267 3100 vellum
1289 3066 1454 3100 Ordinum
1478 3063 1742 3097 Mendicantium
1770 3064 1984 3108 Privilegium
2009 3090 2021 3107 ,

1149 3116 1200 3149 sed
1231 3117 1352 3150 avitam
1383 3114 1525 3158 regulam
1551 3113 1742 3147 Monasticae
1775 3113 1985 3157 professionis
2010 3140 2017 3148 .

1146 3166 1285 3201 Ostendi
1306 3177 1349 3199 ex
1373 3164 1514 3205 antiquis
1528 3162 1703 3196 Monachis
1728 3175 1781 3206 per
1794 3164 2018 3205 Apostolicam

1146 3216 1259 3249 Sedem
1282 3217 1348 3248 esse
1366 3214 1538 3247 traduc‘lam
1561 3213 1600 3246 ad
1614 3213 1691 3247 istos
1702 3214 1860 3247 Ordines.
1876 3214 1914 3247 Et
1928 3213 2016 3255 quod

1145 3267 1204 3300 suae
1226 3264 1433 3307 Obligationi
1466 3262 1576 3297 fideles
1607 3263 1639 3296 in
1669 3263 1733 3296 istis
1758 3262 1902 3297 Ecclefiis
1940 3265 2017 3297 sem·

1144 3325 1196 3358 per
1216 3314 1423 3349 satisfecerint
1444 3335 1454 3350 ‚
1481 3324 1521 3346 ex
1542 3312 1687 3346 adductis
1706 3312 1898 3347 Canonibus
1919 3322 2016 3357 atque

1142 3365 1299 3407 exemplis
1323 3363 1368 3396 est
1396 3362 1466 3405 plus
1494 3372 1592 3405 quam
1621 3362 1843 3396 manifestum.
1867 3361 1962 3397 Certe
1980 3364 2015 3397 si·

1132 3420 1196 3452 'cut
1206 3414 1290 3461 apud
1301 3410 1488 3449 Monachos
1496 3412 1579 3447 olim
1588 3412 1741 3457 baptizati
1753 3422 1820 3446 non
1833 3409 2018 3447 debuerunt

1844 3460 1982 3507 rebapti-
