2366 3736
404 169 467 230 84
999 167 1629 216 Dissnnriirio

366 261 473 306 Leges
493 259 640 294 attendas
652 282 662 298 ,
690 257 753 291 suls
772 255 1018 290 successionibus
1032 266 1097 288 non
1111 257 1241 297 possunt
1304 263 1393 291 tum.
1422 255 1501 294 Haec
1513 255 1605 292 illum
1620 255 1638 289 ἐ
1658 254 1852 291 Monachali
1865 253 2175 296 Claustffitransfert

366 312 549 346 renuntiare
562 332 569 340 .
596 308 651 342 An
664 306 753 349 juxta
768 305 946 342 hodiernos
957 305 1080 344 Latinae
1097 304 1242 340 Ecclefiae
1302 303 1336 341 in
1349 305 1508 344 Clericale
1521 310 1554 343 ὅ(
1572 306 1766 341 Cathedrale
1792 307 2050 351 Monasterium,
2077 325 2174 356 atque

364 372 473 396 mores
490 358 628 402 possint,
653 354 872 390 suntadversae
884 354 1069 389 sententiae.
1098 354 1140 392 Et
1151 367 1240 389 corn-
1301 354 1346 388 ita
1357 357 1467 394 omnis
1480 359 1534 401 ipfi
1560 357 1712 400 deinceps
1738 356 1914 390 adveniens
1934 360 2084 396 succeffio
2110 366 2181 408 spe.

363 412 497 448 munior
508 410 660 443 affirmat.
689 406 826 444 Hinc&
840 406 1053 449 professurus,
1079 405 1111 439 ἀ
1123 406 1237 448 profes·
1300 403 1397 440 astabit
1407 408 1447 443 ad
1467 408 1558 441 istam
1573 406 1761 440 Eccleliam.
1792 408 1840 440 Ex
1854 407 1970 450 quibus
1993 412 2173 455 Sylvester‚

364 465 438 502 sus,
464 456 808 502 adeoque&ipsorum
822 456 956 490 nomine
978 455 1122 487 Societas
1133 456 1237 489 omni·
1299 465 1437 500 magnus
1449 457 1648 500 Theologus
1668 468 1710 490 ex
1733 458 1981 493 Praedicatorum
2003 462 2130 498 Ordine
2157 488 2170 504 ‚

361 504 406 549 no
421 510 537 553 poffint
558 508 597 542 de
619 508 689 551 ipsis
713 507 855 550 stipulari
870 531 877 538 .
906 505 1016 550 Qare
1039 503 1179 546 poffint,
1205 507 1237 540 ἃ.
1288 514 1337 538 ·ac
1358 506 1542 548 Apostolici
1563 505 1680 540 Palatii
1717 507 1896 552 Magister,
1922 508 1957 542 in
1981 511 2113 545 Summa
2133 514 2175 548 ad

360 562 416 595 alii
442 559 582 594 Ordines
595 582 602 590 .
632 558 765 593 Etenim
780 567 894 590 manus
916 562 1050 589 mortuae
1070 553 1141 588 Lex
1168 555 1235 593 nul.
1298 553 1466 598 Verbum,
1494 558 1607 600 Religio
1620 556 1739 596 ,infert
1757 558 1822 591 haec
1836 560 1998 600 sequentia
2012 584 2019 592 .
2045 559 2172 602 Primo,

357 611 487 645 latenus
497 608 681 649 exsufflavit
704 606 844 650 ipsorum
858 606 943 639 avita
972 603 1060 645 Jura·
1087 604 1234 643 Firmum
1297 605 1386 646 quod
1398 607 1471 641 talis
1496 608 1672 651 Episcopus
1697 607 1866 642 succedere
1887 609 2004 643 debeat
2031 622 2097 643 non
2122 613 2173 645 so·

356 662 456 696 etiam
468 658 722 695 fundamentum
741 657 784 690 est
799 654 985 694 Innocentii
1000 652 1060 687 IV·
1087 653 1233 697 Epistola
1295 653 1511 691 lummodoin
1522 657 1607 691 bona
1633 666 1801 700 parentum
1815 681 1827 697 ,
1851 668 1907 692 aut
1929 660 2067 694 aliorum
2092 673 2171 696 con·

356 711 397 747 ad
412 711 658 745 Cisterciensem
671 707 841 742 ordinem:
867 705 1056 746 Indulgemus
1079 713 1112 738 ut
1134 704 1229 748 paffef
1279 701 1552 749 [sanguineorum
1570 706 1677 741 adhuc
1698 707 1879 742 viventium
1894 731 1905 749 ‚
1931 710 1984 744 sed
2008 710 2108 746 etiam
2133 712 2170 746 in

349 760 444 802 fiones
457 784 467 800 ‚
493 761 599 794 <valia
610 757 685 791 bona
698 781 708 797 ,
735 755 852 793 mobilia
862 765 896 793 ac
914 753 1075 787 immobilia
1096 778 1107 793 ‚
1132 765 1231 797 excep·
1279 752 1356 796 'jam
1368 755 1470 790 aditas
1481 769 1519 791 ac
1541 757 1658 792 divisas
1681 756 1879 791 haereditates
1904 758 2131 795 defunctorum
2159 786 2167 794 .

354 817 397 844 tis
415 810 593 853 feudalibus
605 833 615 848 ‚
643 804 859 849 quaepersonas
873 807 1039 846 Fratrum,
1066 805 1110 837 ad
1129 808 1229 839 Mona·
1278 804 1446 846 {Deinde‚
1471 809 1559 850 quod
1574 806 1637 841 hoc
1653 807 1762 841 locum
1778 807 1893 841 babeat
1905 819 1972 842 non
1992 810 2168 846 dumtaxat

347 860 440 901 steria
453 861 552 900 vestra
565 854 885 900 dsaeculofugiemium
897 877 908 893 ,
934 853 1230 898 &proftffionemfa-
1276 853 1324 903 jin
1337 855 1434 890 sancii
1457 856 1626 892 Benedisti
1640 855 1816 891 Monachis
1829 881 1840 898 ‚
1866 869 1922 892 aut
1934 859 2006 893 aliis
2019 858 2170 897 habenti-

351 917 492 944 cientium
509 906 656 950 injisdem
668 929 678 944 ‚
697 903 728 946 fi
735 902 973 946 remanſsffentin
981 902 1087 946 saeculo
1099 928 1110 944 ,
1138 912 1227 939 ratio·
1276 906 1279 934 l
1292 902 1351 938 bus
1363 906 1568 948 poffeffiones
1582 908 1617 942 in
1629 908 1799 941 communi
1813 931 1823 946 ‚
1850 908 1902 941 sed
1915 908 2014 942 etiam
2034 911 2066 942 in
2092 910 2168 945 Fra-

350 959 566 1003 nesuccefflonis
577 982 588 998 ,
615 957 666 991 vel
677 965 853 997 quocumque
863 954 922 989 alio
934 954 1014 995 Justo
1036 957 1122 988 titulo
1139 962 1226 989 comi-
1274 938 1279 990 l
1288 954 1390 989 tribus
1402 955 1590 992 Minoribus
1602 983 1609 990 .
1639 957 1681 992 Et
1693 957 1780 1000 quod
1794 959 1837 991 ita
1849 957 1993 992 decisum
2020 960 2116 994 fuerit
2132 960 2173 1005 inst

340 1011 472 1054 giffent‚
495 1016 592 1050 petere
614 1015 647 1037 ac
669 1010 796 1039 retinere
806 1005 935 1043 valeatis
958 1028 970 1044 ,
995 1011 1146 1038 contraria
1165 1017 1222 1039 con·
1287 1004 1479 1046 quibusdam
1492 1008 1655 1051 supremis
1678 1007 1934 1042 Tribunalibus.
1963 1008 2068 1043 Porro
2092 1010 2168 1044 fieri

341 1055 496 1104 fiterudine
530 1067 588 1089 non
612 1054 758 1096 obstante.
801 1053 1034 1091 Universalem
1076 1054 1225 1090 Ecclefiae
1287 1054 1403 1096 poffit,
1430 1066 1465 1092 ut
1488 1058 1587 1092 talem
1611 1058 1809 1101 Episcopum
1828 1057 1989 1102 accipiens
2018 1059 2160 1095 Ecclesia

345 1110 518 1144 canonem
530 1117 566 1139 ac
580 1104 784 1149 Reipublicae
796 1104 923 1149 Legem
936 1104 990 1138 dat
1003 1106 1048 1138 eis
1061 1105 1093 1137 in
1117 1104 1217 1138 Privi·
1286 1105 1456 1146 praevideat
1493 1105 1686 1151 qn‘aestiones
1700 1108 1814 1143 &lites
1832 1120 1839 1140 :
1866 1109 2036 1150 praesertim
2074 1110 2159 1145 circa

341 1160 467 1203 legium
482 1182 489 1189 .
519 1157 560 1194 Et
582 1154 735 1193 exsufflat
747 1154 913 1189 adversam
930 1155 1219 1188 consuetudinem.
1285 1151 1484 1190 haereditates
1506 1158 1610 1193 aditas
1620 1168 1657 1192 ac
1681 1157 1816 1191 divisas.
1846 1158 1930 1192 Fieri
1944 1160 2020 1193 item
2045 1160 2161 1202 poffit,

340 1208 506 1243 Rationes
534 1204 664 1243 ‘adduxi
690 1206 723 1237 in
744 1203 884 1238 Scholio
907 1204 947 1236 ad
968 1203 1217 1238 decimum-no·
1284 1213 1318 1235 ut
1339 1214 1378 1237 ex
1389 1206 1488 1240 causis
1501 1207 1548 1241 sui
1573 1207 1726 1252 Episcopi
1744 1209 1940 1251 parentelam
1963 1208 2045 1244 nolit
2058 1210 2163 1244 offen-

339 1269 420 1293 num
443 1257 616 1291 Canonem
653 1252 781 1296 septimi
817 1251 994 1287 concilii.
1033 1253 1218 1291 Feudorum
1283 1253 1376 1286 dere.
1406 1256 1500 1290 Hinc
1514 1256 1688 1302 transigere
1700 1257 1864 1300 poterit&
1885 1257 2048 1302 stipulari.
2076 1258 2161 1295 Non

337 1308 503 1352 Exceptio
525 1305 680 1343 fundatur
692 1304 725 1336 in
737 1302 890 1348 singulari
905 1303 1047 1346 ipsorum
1070 1302 1183 1338 indole
1209 1329 1216 1335 .
1285 1303 1494 1339 solummodo
1509 1306 1580 1348 post
1593 1307 1893 1348 consecrationem,
1919 1309 1972 1342 sed
1990 1308 2089 1342 etiam
2103 1307 2163 1343 sta-

1279 1354 1340 1386 tim
1354 1355 1424 1396 post
1448 1355 1642 1404 eleffionem
1655 1377 1664 1388 .
1692 1356 1842 1399 stipulari
1863 1358 1983 1399 poterit
2007 1358 2105 1391 etiam
2117 1357 2160 1395 de

1280 1404 1495 1445 pendentibus
1513 1417 1550 1439 ac
1572 1405 1690 1439 futuris
1712 1406 1980 1440 successionibus.
2011 1407 2083 1442 Nec
2112 1407 2159 1442 ul·

1280 1452 1347 1500 lam¹
1368 1455 1504 1497 patrabit
1525 1454 1724 1489 Simoniam.
1755 1457 1801 1488 At
1825 1456 1899 1489 verti
1916 1456 2154 1492 Monasserium

1281 1501 1377 1537 habet
1390 1503 1472 1537 istud
1486 1505 1591 1547 ipsum
1604 1505 1653 1548 jus
1667 1505 1700 1539 in
1714 1504 1800 1539 bona
1816 1505 1861 1539 sui
1876 1505 2055 1549 profeffuri,
2065 1507 2156 1548 quod

1280 1552 1421 1591 Ecclefia
1443 1554 1478 1588 in
1501 1553 1587 1592 bona
1613 1555 1660 1589 sui
1684 1555 1777 1590 elesti
1802 1555 1952 1599 Episcopi
1967 1569 1988 1601 εἴ
2006 1555 2084 1591 hinc
2120 1555 2157 1591 ὃ(

1278 1602 1362 1638 istud
1386 1606 1503 1648 poterit
1526 1604 1641 1640 eodem
1655 1606 1756 1641 modo
1773 1605 1858 1640 caste
1887 1606 2030 1650 stipulati
2047 1630 2057 1639 .

1329 1654 1372 1688 Et
1395 1657 1552 1698 quoniam
1568 1656 1745 1691 dostiffimi
1761 1655 1915 1698 Sylvessri
1938 1655 2054 1690 incidit
2066 1666 2156 1691 men·

1277 1703 1349 1745 tio,
1377 1706 1480 1748 placet
1502 1706 1571 1748 ejus
1590 1707 1631 1741 de
1656 1705 1708 1741 his
1733 1706 1965 1750 quaestionibus
1992 1705 2155 1749 judicium

1276 1765 1459 1797 exponere.
1490 1756 1544 1790 Ad
1569 1756 1726 1797 verbum,
1759 1757 1888 1790 simonia
1904 1779 1915 1796 ‚
1941 1755 2006 1791 haec
2032 1754 2150 1789 scribit:

1278 1806 1436 1848 ,Quaeritur
1449 1830 1459 1845 ,
1486 1809 1560 1848 quid
1567 1809 1651 1848 juris
1666 1808 1702 1840 de
1717 1809 1844 1839 §lmom'a
1866 1808 1967 1849 quoad
1993 1807 2153 1850 Religionis

1277 1857 1455 1898 ingreffum?
1481 1860 1526 1891 Et
1548 1858 1610 1890 dico
1649 1858 1762 1890 multa.
1790 1859 1941 1890 Primum.
1971 1858 2003 1889 si
2026 1860 2152 1897 receptio

1276 1908 1320 1938 ad
1329 1904 1484 1948 habitum,
1508 1919 1575 1950 quae
1585 1906 1622 1947 est
1635 1907 1776 1949 quadam
1795 1911 1938 1948 promotio
1958 1907 2002 1940 ad
2014 1907 2149 1949 gradum

1272 1953 1485 1999 spiritualem,
1510 1958 1578 1999 effer
1599 1956 1701 1999 divisa
1725 1959 1744 1989 ἃ
1762 1955 1970 1998 sustentatione
1991 1959 2110 1997 Recepti
2136 1978 2150 1995 ‚

1260 2020 1263 2068 1
1270 2004 1343 2046 ficut
1365 2009 1432 2039 olim
1445 2007 1538 2048 aliqui
1551 2005 1685 2049 Religiofi
1691 2006 1871 2047 recipiebant
1888 2008 1932 2038 ad
1944 2005 2080 2038 habitum
2092 2007 2154 2038 Re-

1260 2056 1393 2098 iligionis
1407 2061 1439 2088 in
1453 2067 1564 2095 eremo,
1591 2057 1738 2090 &tamen
1763 2066 1821 2088 non
1843 2063 1928 2088 eram
1952 2055 2072 2099 obligati
2093 2054 2150 2087 alt·

1260 2096 1411 2152 {meritare
1434 2109 1592 2146 Receptum
1616 2129 1627 2144 ,
1660 2104 1719 2148 fed
1739 2105 1822 2138 illum
1843 2106 2046 2138 tantummode
2071 2105 2152 2138 doce-

1277 2155 1371 2195 bant,
1394 2154 1467 2196 ficut
1494 2158 1646 2187 Romanus
1684 2154 1840 2195 recipiebat
1867 2156 1998 2188 Beatum
2021 2154 2153 2188 Benedi-

1278 2203 1356 2236 Hum
1369 2228 1380 2244 ,
1406 2206 1441 2237 Θ
1477 2207 1629 2237 Ματανὶιυ
1650 2205 1723 2236 duos
1747 2202 1942 2244 adolescentes
1964 2228 1974 2243 ,
2001 2206 2035 2238 Θ
2071 2214 2152 2238 nune

1275 2257 1366 2285 etiam
1387 2257 1531 2286 Cannici
1551 2254 1672 2287 elevant
1695 2254 1821 2294 aliquem
1838 2253 1881 2284 ad
1899 2254 2079 2295 dignitatem
2099 2254 2153 2288 vet

1271 2304 1402 2346 gradum
1414 2307 1617 2336 c'anonicaeus
1630 2327 1640 2342 ‚
1665 2313 1750 2344 quem
1761 2312 1860 2336 tamen
1874 2314 1932 2334 non
1957 2302 2044 2335 alunt
2055 2326 2065 2342 ,
2095 2302 2151 2342 Ista

1275 2351 1392 2394 quaestio
1401 2365 1458 2387 non
1469 2352 1591 2387 baberet
1613 2353 1833 2394 difficultatem.
1860 2354 1946 2396 ,Quia
1966 2354 2061 2395 plane*
2084 2353 2149 2395 effer

1274 2405 1425 2443 simonia,
1447 2401 1556 2445 siquid
1574 2407 1738 2446 exigeretur
1760 2412 1813 2436 aut
1836 2409 2008 2443 reciperetur
2028 2410 2084 2444 pro
2105 2412 2148 2434 re·

1273 2459 1422 2495 ceptione3
1448 2454 1482 2487 (9⁸
1498 2453 1592 2494 plane²
1603 2464 1659 2485 non
1672 2452 1755 2496 esset,
1775 2451 1806 2493 fi
1811 2454 1885 2494 quid
1893 2450 2069 2494 acciperetur
2089 2460 2146 2493 pro

1275 2501 1355 2535 va'blu
1367 2525 1378 2541 ,
1396 2502 1468 2544 ficut
1480 2513 1556 2536 nunc
1566 2503 1643 2535 licite*
1654 2504 1674 2534 ᾶ
1688 2502 1832 2545 Religiofis
1846 2508 2029 2544 recipiuntur
2053 2499 2148 2544 bospi-

1273 2562 1337 2585 τη.
1364 2554 1424 2586 Sed
1432 2559 1501 2594 quia
1514 2551 1653 2592 nuncista
1676 2553 1850 2595 regulariter
1855 2551 1929 2594 sunt
1950 2551 2110 2592 conjuranda
2133 2573 2147 2592 ,

1273 2603 1306 2635 ὁ·
1314 2603 1388 2643 jura
1399 2604 1531 2636 clamant
1552 2613 1655 2635 contra
1666 2613 1711 2634 eos
1726 2624 1736 2640 ,
1760 2607 1812 2643 qui
1834 2603 1903 2635 vere*
1913 2599 2147 2644 autpraefump-

331 2661 434 2704 gulam
454 2658 553 2702 sanlli
578 2657 755 2695 Benedilli,
780 2656 925 2690 arbitrio.
953 2655 1106 2698 Postquam
1129 2661 1208 2688 enim
1273 2653 1338 2685 tivi?
1347 2653 1467 2694 aliquid
1475 2658 1596 2696 exigunt
1603 2660 1705 2696 gratia
1717 2656 1904 2693 receptionis,
1934 2653 2071 2693 aliquiea
2079 2656 2147 2684 exl-

334 2708 500 2752 Episcopus
511 2708 688 2745 ordinatur,
715 2706 759 2737 ad
769 2707 864 2738 altare
879 2730 888 2744 ,
914 2707 959 2738 ad
981 2707 1062 2748 quod
1075 2703 1205 2747 sanHifi-
1264 2701 1390 2740 stimant
1403 2704 1480 2746 loqui
1502 2704 1538 2735 de
1565 2703 1807 2735 ala-mentatione.
1833 2704 1879 2734 Et
1900 2700 2067 2740 Canomstae
2081 2724 2091 2740 ,
2111 2697 2145 2742 se

332 2767 420 2793 eatur
432 2784 443 2800 ,
455 2761 497 2795 s&
522 2758 646 2791 itulatur
653 2753 934 2799 ficundiimsamffos
946 2760 1103 2796 canones,
1131 2756 1210 2797 quod
1270 2757 1301 2783 in
1313 2755 1344 2796 J
1348 2759 1408 2785 urii
1429 2751 1660 2795 praesumptione
1664 2751 1834 2792 fundantes
1846 2775 1858 2790 ,
1889 2752 2012 2791 implent
2024 2758 2144 2791 quater-

334 2815 485 2852 acquirere
501 2811 613 2850 poterii
632 2831 644 2847 ,
668 2803 795 2844 restituet
817 2829 824 2835 .
855 2803 1005 2838 Eundem
1032 2806 1205 2839 Canonem
1270 2813 1320 2834 nos
1335 2824 1345 2840 ‚
1368 2804 1402 2837 (9⁶
1423 2808 1582 2836 materlam
1607 2802 1765 2844 aliquando
1786 2811 1844 2833 mn
1866 2800 1938 2834 bene
1951 2797 2104 2842 resolvunt
2134 2820 2146 2831 .

333 2860 394 2894 suo
406 2860 547 2893 Decreto
566 2856 767 2890 inseruerunt
790 2854 995 2892 Burchardus
1016 2854 1205 2898 Episcopus,
1270 2851 1396 2886 Similes
1416 2852 1634 2895 quorumdam
1656 2853 1812 2885 clamores
1834 2851 1934 2885 etiam
1950 2849 2051 2885 hodie
2072 2859 2144 2894 pers

333 2909 367 2942 ὃς
393 2907 583 2943 Monachus
602 2907 797 2945 Gratianus.
825 2905 958 2938 Sanetus
985 2904 1043 2938 lvo
1069 2905 1206 2939 affirmat
1270 2900 1434 2944 strepunt.
1462 2902 1619 2937 Similiter
1631 2913 1671 2935 ex
1691 2901 1946 2943 praesumptione.

334 2960 398 2992 esse
424 2958 595 2991 canonem
619 2955 828 2989 Alteimenfis
854 2954 981 2997 Synodi
1003 2978 1014 2994 ,
1040 2954 1206 2988 celebratae
1317 2951 1429 2996 Pergit
1451 2951 1611 2996 Sylvestet
1636 2965 1647 2984 .-
1675 2952 1838 2984 secundum
1865 2974 1873 2982 .
1911 2950 2072 2993 Quidam,
2108 2959 2144 2984 ut

334 3019 445 3042 coram
468 3007 662 3050 Imperatore
684 3003 855 3039 Conrardo
883 3029 893 3044 ,
929 3005 1045 3048 utique.
1063 3004 1169 3038 Salico
1197 3030 1204 3038 .
1267 3006 1357 3034 etiam
1380 3001 1476 3043 refert
1500 3001 1728 3035 archidiaconus
1751 3024 1761 3039 ‚
1799 3001 1900 3033 dicunt
1924 3001 2007 3041 quod
2025 3001 2143 3044 ingreffo

335 3057 510 3105 Qidquid
522 3056 558 3089 fit
571 3081 581 3096 ‚
591 3055 749 3092 celebrata
760 3055 822 3088 fuit
837 3055 895 3088 ista
908 3053 1062 3096 Synodus
1074 3066 1114 3088 eo
1128 3063 1205 3088 tem·
1269 3051 1477 3091 nonasterium
1487 3059 1632 3093 competat
1639 3054 1671 3095 J
1674 3063 1708 3083 us
1721 3051 1832 3091 duplex
1847 3062 1854 3081 ι
1878 3048 1991 3092 scilicet
2002 3047 2143 3091 spiritua-

334 3118 435 3151 pore,
463 3118 531 3150 quo
551 3105 664 3138 Clerus
702 3105 735 3137 in
764 3104 915 3138 claustro
941 3103 1047 3139 adhuc
1058 3103 1203 3138 servabat
1251 3102 1313 3139 τΙε,
1337 3112 1391 3143 quo
1413 3100 1501 3134 babet
1517 3104 1694 3145 dignitatem
1715 3102 1895 3138 clericatur,
1927 3100 1960 3133 Θ
1980 3110 2077 3132 vocem
2105 3105 2139 3133 in

333 3167 544 3192 communem
558 3153 613 3188 sub
636 3154 787 3197 Episcopi
799 3155 904 3188 oculis
927 3155 1046 3188 vitam.
1074 3154 1204 3188 Consti·
1250 3145 1425 3208 jCapt‘tuh,
1452 3153 1659 3193 &participat
1669 3148 1900 3190 bonafibifabla
1916 3172 1926 3188 ‚
1952 3148 2143 3191 &huiusmo-

333 3207 398 3242 tuit
411 3205 497 3241 varia
511 3229 518 3237 .
546 3204 680 3241 Primo,
705 3202 791 3245 quod
803 3205 913 3238 omnia
928 3205 1115 3247 profitentis
1127 3204 1203 3239 Mo·
1251 3237 1253 3243 ¹
1267 3203 1320 3234 di.
1349 3204 1392 3233 Et
1410 3202 1556 3242 corporale
1572 3215 1578 3233 :
1600 3199 1710 3243 scilicet
1730 3211 1784 3241 quo
1809 3199 1930 3232 debetur
1943 3203 1968 3231 ei
1993 3199 2092 3232 vidus
2106 3201 2141 3233 θ

333 3255 530 3292 „achibona
552 3265 606 3296 per
629 3252 853 3296 profeffionem
876 3254 973 3296 pleno
998 3255 1068 3298 jure
1093 3254 1203 3288 devol.
1252 3246 1389 3289 'vestitus
1407 3252 1427 3282 ἃ
1451 3250 1641 3290 Monasterio.
1670 3251 1751 3292 ,Quae
1773 3251 1849 3290 jura
1869 3260 1945 3282 nunc
1968 3250 2140 3292 regular-lter·

331 3315 450 3341 vantur
486 3306 520 3338 in
544 3303 736 3337 Monasterii
761 3302 945 3338 dominium
969 3328 977 3335 .
1012 3303 1165 3338 Secundo
1191 3329 1201 3344 ,
1252 3299 1483 3344 'conjunguntur
1508 3299 1654 3342 desac‘lo,
1677 3297 1735 3341 sed
1745 3307 1802 3340 per
1812 3303 2004 3332 intentionem
2023 3298 2139 3340 poffunt

330 3356 420 3400 quod
432 3354 545 3391 eadem
560 3354 607 3387 sit*
619 3354 702 3386 ratio
723 3351 886 3386 bonorum
898 3379 907 3393 ‚
934 3365 1004 3397 quae
1029 3365 1069 3387 ex
1091 3354 1199 3396 aliqua
1266 3350 1382 3383 dividi.
1410 3351 1455 3382 Et
1468 3351 1542 3383 dicit
1554 3349 1608 3390 ista
1620 3353 1715 3391 opinio
1728 3372 1738 3388 ,
1766 3350 1849 3390 quod
1862 3357 1917 3390 pro
1933 3346 2138 3391 J'ecundojure

332 3407 404 3448 post
418 3405 641 3448 professionem
665 3401 857 3435 succeffione
879 3404 1018 3444 spestant
1040 3401 1080 3437 ad
1104 3402 1200 3436 isium
1265 3400 1331 3433 licit
1347 3398 1481 3442 pacisci,
1507 3410 1564 3432 non
1573 3407 1629 3441 pro
1648 3404 1767 3440 primo,
1796 3398 1845 3431 ubi
1870 3397 2073 3437 Monasterium
2095 3395 2141 3428 ad

330 3455 537 3490 Monachum
550 3479 557 3486 .
583 3450 725 3490 Tertio,
750 3449 837 3494 quod
848 3451 930 3485 istud
944 3452 1138 3488 Monasterii
1152 3451 1200 3495 jus
1264 3448 1375 3483 vidum
1386 3461 1443 3482 non
1457 3447 1566 3492 sufficit
1588 3474 1595 3481 .
1633 3451 1678 3480 Et
1698 3447 1751 3488 ista
1771 3454 1867 3490 opinio
1887 3448 1925 3488 est
1940 3444 2040 3479 sanai
2066 3444 2140 3478 Tho·

331 3506 426 3540 cesset
439 3515 494 3550 per
505 3501 670 3540 Monachi
691 3500 937 3546 promotionem
959 3502 1001 3537 ad
1021 3503 1202 3547 Episcopa-
1243 3484 1339 3550 lmaeg
1365 3504 1452 3535 Nam
1471 3499 1546 3535 dicit
1568 3504 1601 3532 in
1636 3499 1770 3535 Secunda
1790 3498 1930 3534 Secum&
1942 3519 1955 3540 ν
1979 3494 2134 3591 {Zia-ff·

337 1357 385 1392 Et
407 1370 448 1392 ex
475 1356 539 1392 hoc
563 1353 795 1390 Indultolucet
819 1363 952 1387 manum
971 1363 1132 1390 mortuam
1156 1354 1216 1391 isto

338 1418 486 1452 tempore
498 1406 639 1442 necdum
663 1403 755 1437 fuiffe
776 1402 808 1437 in
830 1402 961 1438 Gallia.
993 1402 1136 1441 Proinde
1159 1404 1214 1439 Ci-

337 1458 520 1495 stercienses
540 1455 581 1490 de
592 1454 687 1490 rebus
707 1464 787 1496 quas
798 1452 868 1496 post
892 1454 939 1487 sui
961 1452 1124 1487 Monachi
1145 1465 1215 1497 pro-

337 1508 504 1542 feffionem
518 1515 622 1550 petere
638 1514 810 1547 poterant,
838 1512 988 1546 poterant
1011 1503 1044 1537 ἀ
1070 1505 1214 1549 transige-

335 1570 371 1592 re
385 1583 392 1590 .
421 1557 531 1591 Etiam
554 1566 629 1592 ante
650 1552 898 1592 devolutionem
917 1563 1067 1597 poterant
1089 1554 1130 1588 de
1157 1556 1214 1589 suo

336 1607 376 1642 ad
389 1608 467 1651 ipsas
483 1608 569 1651 jure.
596 1604 668 1640 Etfi
693 1603 762 1647 post
786 1602 1012 1646 professionem
1027 1636 1035 1643 ,
1064 1615 1121 1641 cur
1145 1616 1211 1640 non

334 1659 368 1692 &
390 1657 465 1692 ante
486 1659 502 1690 ‚2
530 1656 597 1690 Cur
620 1664 758 1698 nequeat
782 1653 862 1697 quid
888 1653 1057 1689 modicum
1079 1654 1113 1688 in
1140 1666 1212 1698 prae·

333 1708 418 1742 senti
439 1710 581 1750 accipere
606 1716 663 1748 pro
679 1704 796 1749 grandi
818 1704 931 1737 futuro
947 1703 964 1739 ἕ
991 1702 1071 1737 Non
1085 1702 1125 1738 de
1138 1705 1209 1739 Mo-

332 1758 451 1794 nastici
475 1756 630 1801 ingressus
651 1765 707 1789 aut
729 1754 932 1797 professionis
943 1754 1067 1796 pretio,
1096 1754 1148 1798 sed
1173 1755 1213 1790 de

332 1809 493 1852 spectante
504 1808 543 1841 ad
559 1807 643 1849 ipsos
654 1806 766 1849 futurae
786 1801 1061 1846 haereditatisjure
1074 1814 1141 1842 erat
1153 1805 1211 1844 ista

332 1859 504 1899 transaaio
515 1882 523 1896 .,
553 1856 645 1897 Hine
656 1854 740 1896 casta
751 1854 784 1894 ἀ
797 1853 1016 1892 immaculata.

535 1959 568 1995 C
593 1959 626 1994 Δ
652 1958 678 1994 P
706 1957 745 1994 U
772 1956 810 1991 T
884 1958 917 1989 X
930 1955 1004 1993 Vl.

357 2062 535 2096 Praecedens
560 2061 679 2104 Affertio
692 2056 845 2099 stabilitur
866 2069 904 2092 ex
926 2058 996 2095 alus
1015 2060 1186 2099 Principiis.

382 2160 538 2205 Nfignem
550 2161 722 2195 Canonem
743 2158 801 2191 suo
824 2158 967 2191 Decreto
989 2156 1122 2190 inseruit
1145 2158 1210 2189 san-

405 2212 472 2244 stus
494 2211 552 2244 lvo
562 2206 991 2250 CarnutenfisEpiscopus:
1019 2208 1173 2238 statutum
1199 2230 1211 2247 ‚

159 2242 245 2278 put*
258 2250 289 2287 5·
333 2261 593 2296 &rationabiliter
615 2258 773 2303 J‘ecundu'cm
796 2256 916 2294 Sanc‘los
932 2259 1040 2289 Patres
1061 2257 1082 2286 ἃ
1103 2257 1211 2292 synodo

161 2293 311 2340 C³P‘343
333 2310 371 2352 est
401 2312 605 2354 confirmatum
623 2335 637 2351 ‚
666 2318 704 2345 ,ut
726 2305 888 2340 Monachus
908 2331 920 2347 ‚
946 2316 1032 2348 quem
1055 2309 1208 2337 canonica

333 2363 430 2397 eleHio
454 2365 554 2405 cijugo
573 2361 701 2404 regulari
711 2355 874 2396 monasticae
882 2356 1057 2397 prffeffionis
1070 2352 1209 2397 absolvit,

333 2414 367 2446 (9
380 2415 469 2445 §acra
481 2415 630 2446 ordinatio
640 2410 677 2442 de
692 2406 833 2445 Monacho
846 2405 1022 2448 Episcopum
1031 2404 1111 2446 facit
1122 2429 1133 2445 ,
1163 2415 1209 2438 ve·

336 2463 376 2496 lut
386 2464 536 2506 legitimus
548 2460 644 2494 baeres
660 2467 824 2500 paternam
836 2455 1040 2489 baeredieatem
1052 2453 1150 2495 postea?
1159 2457 1209 2495 ju·

333 2523 367 2543 re
386 2512 564 2544 vendicandi
576 2508 745 2552 potestatem
757 2506 866 2540 babeat
879 2531 886 2538 .
913 2507 973 2539 Sed
993 2505 1141 2547 quidquia
1163 2516 1206 2537 ac-

335 2559 492 2603 quifierat,
518 2561 566 2593 vel
586 2559 693 2592 babere
707 2557 802 2600 juffus
811 2555 917 2597 fuerat
930 2580 940 2596 ‚
967 2554 1141 2594 monasterio
1165 2565 1208 2587 re-

336 2613 478 2652 linquat,
506 2611 539 2642 ώ·
561 2606 734 2650 abbatissui
748 2631 759 2647 ,
786 2606 972 2649 quisnam,
994 2604 1152 2647 secundum
1165 2616 1207 2638 re-
