2366 3736
637 78 723 121 DE
762 75 978 120 SAcn1s
1014 73 1570 119 Pnocnssmmnon

284 163 409 198 Eadem
431 161 531 207 pietas
551 164 617 208 jam
640 163 765 209 pridem
787 162 874 208 viget
884 161 920 196 in
941 162 1106 198 o'mnilta·

227 213 291 246 lia.
318 213 449 246 Etenim
464 214 497 247 in
525 226 638 256 quarta
653 213 907 256 suasynodoad
920 211 1108 247 titulumde

230 262 468 305 pertinentibus
504 264 544 297 ad
570 265 804 299 sacrosanctum
831 261 1038 298 Eucharistiae
1057 264 1110 297 Sa-

228 322 435 347 cramentum
459 313 564 348 sanxit
587 315 619 348 S.
638 313 779 347 Carolus
796 313 996 347 Borromaeus
1014 324 1021 344 :
1049 317 1109 345 Ca·

229 361 328 394 notrici
348 362 454 407 finguli
476 387 487 403 ,
513 365 550 398 6·
572 368 627 406 qui
653 367 827 407 Dignitates
851 362 987 396 'obtinent
1008 386 1018 402 ,
1042 373 1109 395 cum

224 414 415 453 proceffiones
438 413 590 455 publicas,
616 415 701 447 illam
722 411 895 455 praesertim
927 410 1086 454 solemnem
1099 437 1108 453 ,

226 472 300 503 quae
324 468 358 496 in
382 455 552 496 celebriiate
567 463 663 506 sacrae
678 467 745 495 Diei
769 467 906 505 Corporis
920 465 1040 493 Domini
1050 467 1108 504 agi-

226 520 301 551 tur,
326 521 418 554 atque
442 513 521 544 alias
548 518 617 546 item
636 521 670 547 in
687 515 837 556 portando
857 511 1032 554 sanc‘liffimo
1056 515 1108 545 Sa·

226 571 377 594 eramento
394 561 519 606 finguli's
543 564 688 606 mensibus
712 563 879 603 constitutas
910 562 1038 602 obeunt,
1064 567 1108 594 ln-

225 617 379 644 tortitium
401 611 553 655 accensum
580 620 613 646 in
639 614 793 653 manibus,
818 618 915 654 capite
937 621 1048 654 aperto,
1060 611 1109 654 fe-

223 669 323 692 rant.
353 660 431 694 Istas
464 663 651 698 menstruas·
682 659 899 707 proceffiones
921 673 988 696 non
1016 660 1109 695 insti-

226 710 315 750 tuit,
339 709 391 743 sed
415 712 516 755 palam
538 714 691 757 supponit
714 713 777 756 iam
800 711 924 756 pridem
938 711 1109 744 institui-as.

225 759 289 795 Per
303 771 439 795 omnem
452 762 662 799 Provinciam
680 765 742 797 suae
754 762 981 804 Metropoleos
992 786 999 793 .
1027 760 1107 793 Eanss

224 810 301 842 dem
323 812 476 853 pietatem
500 810 648 848 observat
686 813 825 846 Ecciefia
869 822 907 844 ac
935 811 1109 844 Provincia

227 860 448 895 Bononiensis
464 886 471 894 .
501 862 634 896 Etenim
660 863 751 897 istius
771 861 919 895 Ecclefiae
944 860 1111 903 Archiepi·

227 909 366 952 stopus,
388 911 556 947 Dominus
576 912 710 947 Gabriel
731 912 899 945 Palleotus
925 935 935 950 ,
963 909 1111 954 probavit

230 959 412 994 sanciiffimi
434 962 632 996 sacramenti
663 962 958 995 Confraternitates
982 985 993 1001 ‚
1030 962 1112 1004 ipsas

227 1008 406 1044 obstrinxit
438 1009 480 1045 ad
512 1011 646 1046 fimiiem
676 1011 771 1045 omni
799 1012 908 1045 mense
938 1010 1111 1044 Prot-effin-

230 1069 330 1099 nem‚
352 1059 483 1094 &istud
503 1060 674 1095 vinculum
696 1062 853 1106 perpetuo
875 1060 995 1094 statuto
1018 1059 1111 1094 stabi-

229 1108 304 1141 livit
325 1109 358 1141 in
384 1109 467 1144 libro
482 1110 607 1144 Rituali
626 1112 759 1145 laudatae
771 1111 940 1146 Ecclefiae:
960 1110 1047 1151 Infra
1058 1122 1112 1143 an-

228 1167 301 1190 num
318 1156 446 1203 fingulis
472 1159 616 1202 menfibus
638 1161 915 1205 Confraternitates
930 1161 985 1193 bas
1003 1159 1111 1203 proces-

222 1207 318 1250 fiones
341 1209 533 1243 celebrabunt
560 1216 593 1243 in
618 1222 794 1255 unaquaque
821 1210 967 1244 Parochia
992 1221 1045 1243 aut
1056 1214 1110 1242 Ec-

227 1257 309 1298 clefia
331 1283 341 1298 ,
367 1264 402 1291 in
426 1272 488 1301 qua
514 1261 611 1294 ereda
631 1261 692 1305 fint
714 1287 723 1300 ,
756 1267 857 1303 prima
885 1264 1041 1294 Dominica
1066 1270 1111 1292 cu-

221 1307 348 1349 jmlibet
374 1308 499 1351 menfis,
525 1320 579 1344 aut
606 1314 677 1346 aliis
705 1315 866 1344 Dominicis
893 1310 1014 1348 diebus,
1028 1313 1111 1343 dum-

227 1359 312 1390 modo
338 1359 464 1400 quolibet
489 1360 587 1403 mense
611 1374 646 1395 ea
671 1363 814 1395 celebrent
826 1386 836 1401 ‚
859 1373 897 1394 eo
917 1362 994 1393 cultu
1014 1362 1111 1394 &ve-

228 1413 379 1443 neratione
397 1433 407 1450 ‚
441 1419 476 1443 ut
508 1409 716 1453 sanc‘lifflmum
742 1414 965 1444 sacramentum
1004 1412 1110 1450 majori

222 1465 338 1499 praeter
359 1456 480 1500 solitum
489 1460 634 1493 luminum
647 1472 764 1494 numero
775 1469 946 1494 'reverenter
959 1462 992 1493 Θ
1006 1462 1111 1494 devote

226 1503 398 1548 deferatur.
429 1509 552 1544 Eadem
569 1511 668 1553 pietas
688 1511 875 1546 observatur
897 1512 930 1544 in
957 1510 1108 1543 Romana

226 1557 393 1591 Ecclefia.
419 1558 553 1593 Etenim
579 1561 739 1595 Vaticana
752 1560 889 1594 Basilica
911 1560 1007 1594 habet
1030 1561 1108 1592 simi·

226 1606 290 1640 lem
312 1607 626 1653 Confraternitatem
640 1636 651 1651 ,
670 1613 705 1646 ὅ(
722 1611 816 1645 omni
840 1611 950 1644 mense
972 1609 1109 1642 fimilem

224 1656 465 1692 Proceffionem
482 1682 491 1691 .
520 1659 644 1694 Eadem
668 1661 771 1704 pietas
792 1670 918 1703 magno
939 1670 1014 1691 cum
1041 1659 1108 1691 fru-

222 1708 276 1739 eiu
298 1706 366 1750 jam
387 1707 405 1740 ὲ
428 1708 546 1741 saeculis
568 1708 657 1752 viget
693 1709 727 1742 in
764 1720 905 1753 quatuor
930 1706 1112 1741 Ordinibus

223 1756 377 1791 Fratrum
399 1755 688 1791 Mendicantium.
718 1758 761 1791 Et
785 1758 941 1799 pietatem
970 1758 1110 1799 Aposto-

224 1805 287 1838 nea
309 1804 406 1838 Sedes
428 1804 544 1848 probat
572 1806 606 1839 ἀ
636 1805 847 1840 commendat
880 1804 1028 1849 pluribus
1059 1805 1108 1838 In-

224 1853 426 1898 dulgentiis.
466 1854 591 1888 Eadem
613 1855 715 1898 pieta's
745 1855 853 1889 statim
884 1854 954 1899 post
978 1853 1111 1897 Joannis

223 1902 404 1937 Pontifici&
420 1905 561 1938 Decreta
586 1905 735 1948 implevit
757 1916 894 1939 omnem
911 1905 1010 1938 etiam
1030 1905 1109 1938 Ger-

223 1953 370 1987 maniam
385 1977 391 1985 .
419 1953 630 1989 Colonienfis
644 1955 785 1990 Ecclesia
799 1956 1043 1989 sacrosanctum
1060 1956 1110 1987 Sar

221 2013 428 2038 crementum
443 2029 454 2044 ‚
479 2015 549 2039 non
570 2007 602 2038 in
625 2005 695 2038 solo
719 2005 789 2048 ejus
817 2005 897 2040 festo
913 2004 1111 2042 circumfert,

223 2052 277 2086 sed
299 2053 402 2087 etiam·
423 2054 652 2089 solemniffime
669 2054 748 2089 feria
771 2056 860 2090 sexta
889 2055 959 2099 post
974 2054 1109 2094 Pascha,

221 2107 320 2146 quem
344 2103 438 2136 diem>
455 2103 520 2147 jam
540 2107 557 2138 ἡ
581 2105 698 2139 multis
733 2104 936 2148 temporibus
968 2104 1110 2148 appellat

221 2152 358 2186 Festum
376 2152 602 2197 Theophoriae
621 2179 630 2187 .
670 2154 756 2188 lstud
781 2157 886 2198 ipsum
911 2155 988 2188 facit
1011 2154 1110 2187 etiam

223 2202 258 2235 in
281 2203 354 2236 aliis
378 2204 638 2238 Festivitatibus.
667 2204 770 2240 Nunc
791 2217 846 2249 per
869 2203 966 2247 hujus
987 2228 998 2245 ‚
1018 2214 1110 2237 nunc

222 2262 276 2295 per
302 2252 393 2286 istius
416 2253 553 2287 Bafilicae
575 2255 711 2288 Clerum
729 2266 766 2288 ac
789 2255 947 2300 populum
972 2280 979 2286 .
1017 2254 1110 2288 Hinc

224 2300 294 2343 ejus
317 2300 592 2347 Archiepiscopus
625 2302 801 2349 Adolphus
828 2304 1110 2348 ⁵‚quadragesimo

219 2361 315 2384 nono
336 2363 426 2386 anno
445 2354 541 2396 elapsi
566 2355 693 2393 saculi,
721 2366 761 2388 ex
790 2356 946 2389 mandato
975 2355 1110 2396 Impera—

222 2401 300 2433 toris
321 2400 436 2435 Caroli
459 2402 503 2436 V.
529 2403 569 2437 ad
605 2405 727 2439 vetusta
760 2404 911 2439 Ecclefiae
941 2404 1108 2447 Dogmata

222 2459 340 2483 contra
361 2450 566 2487 Lutlreranas
577 2455 738 2489 novitates
757 2453 950 2489 stabilienda
970 2453 1107 2487 celebra-

220 2499 269 2532 vit
291 2500 351 2534 suae
374 2498 558 2535 Provincia:
588 2504 761 2546 Synodum
786 2528 796 2543 ‚
828 2504 862 2536 δε
884 2503 987 2536 emisit
1019 2501 1108 2536 hunc

222 2550 422 2584 Canonem:
449 2550 576 2591 Ecclefia
602 2554 638 2585 de
664 2552 804 2595 thesauro
831 2557 971 2594 Corporis
997 2551 1107 2592 Christi

216 2602 384 2640 exultans,
407 2601 578 2643 circumfert
601 2602 696 2646 longis
705 2602 919 2643 proceffionibus
946 2611 1036 2634 extra
1056 2601 1105 2644 sa-

216 2659 286 2682 cras
312 2651 417 2682 AEdes
445 2652 577 2692 Hostiam
604 2653 688 2684 illam
709 2649 897 2694 salutarem,
925 2650 1105 2692 videlicetsi'.

215 2700 281 2733 mul
306 2698 525 2743 repraesentans
551 2707 670 2735 itineris
696 2701 809 2743 christi
834 2696 982 2743 historiam
1004 2726 1015 2742 ‚
1051 2708 1105 2743 qui

215 2751 289 2782 dum
315 2756 463 2792 quaereret
483 2750 615 2794 salutem
642 2751 766 2795 nostram
789 2777 800 2792 ,
826 2756 859 2785 in
885 2753 979 2785 medio
1002 2753 1102 2794 populi

214 2795 356 2842 versatus
382 2799 442 2840 est,
469 2803 504 2835 ό*
530 2800 706 2845 universam
735 2805 768 2847 J
772 2803 890 2836 udaeam
911 2802 1103 2844 perambula-

214 2854 265 2882 vit
286 2851 497 2884 comitantibus
521 2850 673 2894 discipulis
693 2878 700 2885 .
724 2852 923 2896 Marginalis
951 2851 1101 2886 scholias-

214 2909 264 2933 tes
289 2900 464 2945 adjungit.-
492 2905 603 2935 Patres
616 2903 691 2935 dant
705 2903 826 2935 &alias
853 2909 983 2943 rjatianes
1000 2927 1010 2942 ,
1031 2914 1099 2944 qua·

214 2959 280 2982 rum
298 2956 454 2992 praecipua
473 2951 510 2992 ql}
522 2976 528 2984 .
555 2953 677 2985 Fideles
693 2977 703 2992 ,
729 2954 847 2994 quando
867 2952 1001 2993 ''pra-lata
1027 2957 1100 2984 Cru-

214 3007 246 3031 te
265 3001 429 3040 procedunt
450 3010 538 3034 extra
564 3001 721 3044 Ecclefiam
744 3026 755 3042 ,
788 3005 820 3037 (ς
846 3003 889 3034 ad
917 3013 982 3035 eam
1002 3013 1097 3035 rever-

213 3057 341 3089 tuntur,
357 3052 511 3084 admoneri
532 3057 713 3085 imitationis
737 3051 870 3091 Christt;
886 3058 939 3094 qui
962 3052 998 3084 de
1016 3050 1101 3094 sum-

213 3110 259 3130 mo
279 3100 347 3132 coelo
369 3101 487 3143 egreffus
508 3108 544 3135 in
567 3103 714 3135 mundum
733 3111 788 3143 per
812 3105 933 3134 Crucem
963 3102 1099 3145 regressus

211 3154 244 3180 in
265 3151 394 3192 glorIam
418 3152 523 3185 Patris
546 3177 553 3184 .
584 3152 736 3194 Utraque
759 3152 910 3198 ratio-est
932 3163 1096 3195 congrua.

211 3198 340 3232 Verum
364 3198 521 3242 posterior
543 3203 578 3236 in
603 3201 820 3246 proceffiones
844 3200 951 3235 fidelis
971 3201 1095 3244 populi,

209 3248 298 3292 prior
316 3249 455 3292 quadrat
479 3249 513 3284 in
539 3251 780 3287 Proceffionesi
788 3244 880 3296 plius*
890 3251 1013 3286 Christi
1029 3253 1096 3286 Do-

207 3299 312 3332 mini:
340 3298 470 3342 Nempe
492 3301 525 3333 in
549 3301 621 3336 illas
645 3327 655 3342 ,
688 3314 758 3346 quae
782 3301 905 3336 sucrum
930 3302 998 3347 ejus
1019 3302 1096 3335 Cor-

203 3359 266 3394 pus
287 3349 478 3385 solemniter
503 3351 736 3387 circumferunt
761 3376 768 3385 .
806 3353 908 3388 Hanc
942 3353 1095 3397 pietatem

1919 84 2022 137 345⁷

1170 162 1279 206 vigere
1306 174 1360 206 per
1381 175 1518 209 omnem
1538 164 1750 198 Germaniam
1777 186 1786 202 ‚
1826 165 1982 201 testantur
2009 168 2046 201 in

1172 212 1236 244 suis
1260 213 1438 255 opusculis
1462 214 1504 248 de
1527 213 1632 248 Sacris
1659 212 1916 250 Proceffionibus
1943 217 2046 252 Nico·

1171 261 1239 295 laus
1265 261 1406 295 Serarius
1430 274 1467 296 ac
1495 263 1631 307 jacobus
1658 264 1848 298 Gretzerus.

1219 311 1354 355 Joannis
1378 312 1549 346 pontificis
1583 324 1772 358 praeceptum
1794 314 1856 347 fuit
1876 318 1894 345 a
1911 314 2046 348 Germe·

1172 358 1222 394 nis
1249 359 1330 394 adeo
1345 361 1524 403 dilectum,
1546 373 1582 396 ut
1603 363 1839 406 processionum
1862 363 1963 407 pietas
1984 374 2048 397 cre-

1170 411 1251 443 verit
1277 411 1309 443 in
1333 413 1494 445 exceflum
1518 437 1529 452 ‚
1564 423 1602 446 ac
1624 412 1685 445 sisti
1707 413 1852 446 debuerit
1874 417 1888 444 .’
1912 413 2046 446 Etenim

1171 461 1203 492 in
1228 461 1281 493 sua
1305 459 1505 503 Metropoli,
1531 462 1584 495 seu
1612 463 1646 495 in
1670 463 1887 496 Ecclefiastica
1900 461 2046 497 Saxoniae

1172 508 1304 543 historia
1325 508 1434 543 scribit
1465 511 1621 545 Albertus
1651 512 1823 546 Crantzius
1848 537 1859 553 ‚
1893 514 2046 546 Decanus

1171 559 1429 604 Hamburgensis
1452 559 1598 594 Ecclefiae
1618 575 1631 595 .·
1659 567 1716 597 His
1738 561 1917 602 temporibus
1941 573 2044 596 memo·
2063 560 2138 596 Lib.
2163 564 2221 600 113

1170 611 1287 641 randus
1299 611 1354 642 diu
1367 614 1437 649 vir,
1464 613 1609 642 Dominus
1623 611 1764 643 Nicolaus
1783 613 1822 644 de
1846 610 1927 653 Cusa⁴
1939 636 1950 652 ,
1969 616 2045 646 Car·
2062 623 2092 647 c.
2113 618 2182 660 39.μ

1175 660 1287 692 dinalis
1313 661 1351 692 de
1378 663 1487 692 Latere
1515 663 1665 702 Legasm,
1691 662 1776 693 venit
1801 667 1833 693 in
1846 664 2048 703 Germaniam,

1172 711 1205 742 δ’
1232 710 1328 742 multa
1354 715 1386 740 in
1415 711 1583 742 Provinciis
1611 708 1753 749 constituit
1772 735 1783 750 ,
1818 721 1886 751 quae
1905 710 1934 751 fi
1956 709 2047 752 obser-

1172 769 1317 791 varentur
1329 782 1339 798 ‚
1367 759 1468 791 melaeus
1489 758 1522 801 se
1541 765 1573 790 in
1583 758 1731 801 plerisque
1742 770 1789 791 res
1799 759 1940 792 baberent
1953 781 1961 791 .
1983 763 2045 793 Lit-

1171 817 1244 841 terae
1268 807 1436 851 servantur
1462 810 1495 840 in
1521 808 1658 843 Archivis
1683 807 1874 849 Ecclefiarum
1888 823 1898 842 .·
1923 812 1979 842 Hoc
1995 808 2049 852 sa-

1172 864 1212 890 tis
1237 858 1290 900 effe
1311 867 1421 899 putant
1436 883 1444 890 .
1470 862 1621 892 Cet-terum
1646 865 1678 891 in
1702 863 1866 893 executione
1891 865 1985 899 operis
1999 863 2049 891 ni·-

1171 907 1218 940 hil
1254 915 1382 949 apparet
1412 932 1419 939 .
1471 912 1582 941 Fertur
1618 910 1697 941 idem
1735 915 1813 941 inter
1855 909 1919 943 alia
1962 907 2050 951 salu-

1172 957 1238 989 bria
1261 956 1427 1000 constituisse
1454 960 1491 990 de
1515 959 1684 992 Venerabili
1710 958 1898 999 Eucharistia
1919 981 1930 997 ,
1965 960 2057 998 cujus·

1172 1016 1238 1039 crat
1266 1017 1337 1040 tunc
1355 1031 1365 1046 ‚
1391 1016 1423 1040 ut
1449 1019 1545 1048 nunc,
1571 1010 1694 1050 quidam
1719 1006 1847 1050 abufits,
1875 1019 1941 1040 cum
1953 1014 2052 1049 inpu-

1172 1057 1277 1089 blicum
1293 1056 1455 1098 defivretur
1480 1064 1511 1089 in
1534 1058 1639 1091 diebus
1654 1061 1687 1103 J
1690 1065 1753 1091 ovis
1775 1066 1833 1099 per
1857 1063 1932 1090 anni
1956 1064 2051 1091 circu·-

1171 1108 1253 1139 lum.
1279 1110 1360 1147 Res,
1381 1117 1414 1139 ut
1436 1113 1539 1149 prima
1558 1108 1889 1151 frontepraetenditur,
1917 1109 2049 1142 devotio-

1173 1163 1205 1188 ni
1222 1165 1356 1197 parata,
1379 1156 1436 1199 sed
1458 1166 1490 1189 ut
1515 1159 1671 1191 evidenter
1682 1160 1785 1192 claruit
1797 1181 1808 1198 ,
1830 1167 1886 1200 per
1907 1157 2046 1191 crebram

1172 1208 1237 1246 ejus
1263 1206 1483 1247 ostentationem
1509 1203 1682 1249 vdesceme,
1709 1219 1777 1249 quae
1797 1206 1914 1251 semper
1939 1209 2052 1240 ardens

1172 1257 1204 1288 i&
1225 1254 1343 1298 summa
1367 1258 1419 1299 esse
1445 1256 1548 1290 debuit
1560 1272 1577 1295 ‚·
1595 1265 1776 1291 reverentia.
1806 1258 1962 1296 Constituit
1984 1258 2050 1300 erg&

1172 1314 1204 1338 ut
1230 1317 1287 1338 non
1312 1311 1344 1338 in
1366 1307 1516 1348 publicum
1541 1306 1713 1347 efferretur,
1741 1306 1797 1348 nifi
1816 1307 1901 1349 infra
1911 1306 2052 1338 octavam

1157 1354 1345 1396 ifestivitaiis
1371 1356 1517 1395 instituta
1532 1357 1585 1388 >ad
1608 1356 1747 1390 bonorem
1772 1359 1824 1388 55.
1846 1355 2050 1394 Eucharistiae.

1156 1399 1347 1451 {Praesertim
1369 1411 1441 1448 quia
1466 1404 1540 1448 usus
1577 1408 1642 1447 ejus
1668 1409 1690 1439 ἀ
1714 1406 1818 1445 coelesti
1843 1405 1983 1446 Magistro
2009 1410 2054 1436 in-

1157 1454 1159 1485 Ι
1166 1454 1290 1494 stitutus
1317 1456 1355 1496 est
1379 1458 1426 1488 ad
1448 1454 1545 1498 esum,
1569 1467 1625 1487 non
1647 1458 1692 1488 ad
1713 1456 1948 1494 ostemationem.
1978 1456 2053 1487 Sunt

1157 1495 1250 1536 lenim
1267 1506 1409 1547 pleraque
1429 1505 1680 1545 interhomines,
1708 1516 1830 1546 quorum
1856 1512 1947 1538 initia
1970 1502 2054 1544 salu·

1157 1542 1254 1585 liaria
1274 1551 1368 1596 sunt,
1386 1552 1444 1595 sed
1463 1556 1625 1595 progressui
1653 1566 1709 1586 non
1735 1560 1780 1586 ita
1796 1578 1803 1585 .
1831 1555 1960 1588 Revera
1975 1565 2053 1595 proe-

1171 1603 1268 1636 ceffio
1293 1603 1350 1637 ista
1363 1611 1432 1636 non
1451 1603 1583 1644 expedit
1595 1603 1687 1636 omni
1706 1604 1826 1644 quintae
1842 1604 1949 1637 feriae.
1971 1604 2054 1636 Haec

1155 1663 1281 1707 3tamen
1306 1650 1422 1691 verba,
1444 1655 1517 1685 Non
1543 1653 1586 1683 ad
1609 1651 1825 1691 ostentationem
1846 1675 1856 1691 ‚
1883 1664 1950 1686 non
1972 1652 2055 1687 bene

1145 1701 1282 1747 ⁴olent.
1310 1702 1392 1734 Sunt
1421 1710 1522 1732 unum
1549 1712 1590 1733 ex
1616 1702 1814 1743 argumentis
1851 1702 2055 1735 Lutherano-

1172 1761 1240 1781 rum
1262 1747 1585 1782 &Calvinistarum
1616 1749 1807 1783 Antidoton
1830 1750 1930 1784 habes
1953 1753 1984 1784 in
2009 1753 2054 1786 se-

1170 1799 1283 1831 cundo
1302 1799 1514 1842 Apologetici
1543 1798 1660 1832 Tomo
1686 1799 1891 1835 Venerabilis
1910 1800 2050 1836 Guiliel-

1172 1849 1218 1882 mi
1240 1847 1406 1886 Lindani,
1434 1849 1583 1891 Episcopi
1616 1850 1893 1883 Ruremondensis
1909 1873 1916 1883 .

1222 1899 1321 1931 Hanc
1345 1898 1579 1931 Germanicam
1604 1899 1754 1940 pietatem
1782 1900 1938 1934 debemus
1965 1901 2051 1935 Sere·

1173 1948 1304 1980 nillimae
1330 1949 1364 1981 ὃ(
1386 1946 1665 1981 Christianiffimae
1700 1949 1827 1983 Domui
1854 1951 2048 1992 Austriacae,

1171 1998 1213 2031 de
1251 1997 1344 2039 cujus
1366 1997 1569 2031 nobiliffimo
1597 1998 1723 2038 Ram,
1749 2011 1805 2032 aut
1834 2001 1942 2043 potius
1968 2001 2050 2034 radi·-

1171 2059 1232 2087 ce,
1256 2046 1438 2090 Rodulpho
1464 2047 1486 2079 l.
1510 2047 1731 2090 imperatore5
1758 2050 1840 2092 apud
1870 2050 2052 2085 Nicolaum

1172 2096 1333 2131 Serarium
1361 2099 1396 2130 in
1419 2095 1629 2142 Moguntinae
1651 2098 1799 2132 Ecclesiae
1823 2099 1954 2133 historia
1978 2101 2051 2133 scri·

1173 2147 1222 2180 bit
1246 2146 1481 2189 manuscriptus
1506 2147 1622 2180 Codex
1645 2149 1805 2191 incogniti
1837 2151 1954 2182 Fratris
1985 2150 2052 2182 Mi-

1173 2197 1282 2230 noris:
1312 2196 1485 2238 Rudolphus
1501 2201 1605 2230 Comes
1619 2204 1651 2228 in
1675 2198 1832 2242 Habspurg
1849 2202 1946 2238 juxta
1967 2201 2050 2243 Brug

1171 2252 1203 2279 in
1227 2254 1371 2289 Hergovv
1383 2270 1392 2285 ‚
1413 2253 1464 2279 vir
1484 2252 1590 2279 timens
1609 2249 1720 2286 Deum,
1753 2249 1801 2280 die
1811 2250 1939 2289 quodam
1956 2272 1966 2289 ,
1980 2256 2053 2290 opti·

1170 2308 1216 2328 mo
1231 2294 1338 2337 sedens
1364 2307 1434 2337 equo
1451 2321 1461 2335 ,
1487 2307 1573 2328 trans
1597 2306 1732 2337 campum
1753 2302 1891 2339 equitans
1912 2309 1974 2329 cum
1985 2310 2052 2340 quo»

1170 2348 1243 2378 dam
1259 2345 1352 2389 servo
1376 2347 1561 2378 Sacerdotem
1573 2350 1733 2387 quemdam
1753 2350 1975 2379 5acramrntum
1987 2351 2051 2380 Eu·

1133 2399 1142 2411 Χ
1169 2394 1318 2435 charisiiae
1340 2397 1384 2426 ad
1404 2396 1551 2436 infirmum
1573 2405 1744 2436 portantem
1757 2419 1767 2434 ,
1784 2399 1972 2436 praecedente
1985 2400 2049 2429 Mi-

1170 2445 1259 2484 nistro
1282 2469 1292 2484 ‚
1312 2445 1430 2477 obvium
1449 2444 1573 2477 habuit.
1595 2449 1653 2476 Cui
1673 2449 1777 2477 Comes
1794 2451 1839 2477 ait
1865 2458 1872 2478 :
1905 2457 1954 2478 cur
1977 2447 2049 2480 bone

1170 2497 1311 2534 Domine,
1335 2504 1397 2526 tam
1415 2494 1507 2536 digna
1529 2493 1651 2536 sarcina
1673 2504 1789 2528 onerate
1814 2518 1825 2534 ,
1854 2494 1993 2537 asperum
2015 2498 2048 2529 ὢ·

1167 2546 1310 2578 lubricum
1335 2550 1393 2577 iter
1417 2555 1475 2576 non
1498 2549 1640 2585 equitatu
1655 2544 1671 2574 ἕ
1690 2547 1735 2576 Et
1755 2546 1804 2577 ille
1831 2550 1949 2586 inquit:
1976 2550 2049 2579 Non

1153 2585 1256 2628 'babeo
1274 2594 1473 2636 pmhendam
1492 2595 1605 2626 valoris
1627 2590 1785 2634 tanti,'ut
1804 2596 1918 2641 possim
1941 2607 2049 2637 equum

1166 2654 1339 2686 comparare
1354 2668 1361 2675 .
1389 2647 1433 2676 Ee
1446 2647 1549 2676 Comes
1564 2657 1574 2676 .-
1598 2649 1724 2685 Accipite
1736 2640 1812 2677 hunc
1822 2657 1918 2678 meum
1930 2658 2047 2688 equum,

1168 2698 1200 2729 (Ὺ
1227 2705 1257 2727 eo
1277 2695 1413 2735 deinceps
1433 2703 1489 2735 pro
1513 2696 1568 2726 Dei
1590 2691 1695 2726 bonore
1717 2700 1868 2726 utamini.
1897 2699 2044 2736 Campan-

1164 2744 1231 2777 llus
1259 2750 1292 2777 in
1318 2743 1368 2776 boc
1403 2743 1489 2786 fado
1525 2742 1620 2787 socius
1646 2743 1773 2777 'itineiis
1813 2765 1823 2782 ,
1849 2745 1883 2776 Θ
1915 2744 1976 2787 ipse
1993 2744 2047 2788 su-

1164 2806 1215 2828 um
1244 2794 1391 2827 caballum
1427 2793 1511 2827 dedii
1539 2792 1708 2827 *sacerdotis
1731 2793 1864 2830 Ministro
1886 2817 1893 2824 .
1914 2798 2045 2838 Cumque

1164 2845 1307 2887 veniffent
1335 2845 1379 2876 nd
1397 2844 1553 2887 quandam
1570 2841 1735 2885 inclusam,
1759 2849 1805 2875 cui
1821 2846 1900 2875 Deus
1925 2842 1988 2877 baec
1999 2857 2047 2878 re-

1164 2898 1344 2934 velaverat,
1363 2900 1439 2927 inter
1453 2895 1514 2926 alia
1532 2893 1689 2925 audierunt
1702 2892 1740 2924 ab
1763 2905 1798 2924 ea
1810 2905 1821 2925 :
1846 2896 1971 2926 Domine
1983 2898 2045 2928 Ru.

1163 2945 1290 2986 dolphe,
1310 2956 1365 2977 vos
1390 2944 1473 2976 hodie
1493 2941 1651 2981 honorastis
1676 2946 1770 2975 Deum
1793 2948 1826 2974 in
1842 2953 1915 2983 equo
1937 2968 1947 2983 ,
1982 2955 2044 2979 ecce

1163 2997 1259 3027 D‘eus‘
1271 2995 1372 3039 largus
1395 2998 1609 3026 Remunerator
1632 2992 1715 3034 infra
1736 2995 1864 3035 triginta
1884 3004 1976 3026 annos
1987 3006 2041 3027 vos

1161 3045 1317 3078 honorabit
1329 3068 1339 3084 ,
1363 3047 1396 3077 o·
1416 3046 1460 3075 ad
1469 3054 1609 3086 magnum
1619 3041 1753 3075 honorem
1775 3041 1942 3085 ascendetis
1955 3069 1962 3076 .
1980 3048 2042 3078 Fa-

1161 3096 1224 3128 θαι
1244 3095 1279 3135 est
1299 3100 1374 3128 enim
1390 3094 1488 3134 posted
1509 3097 1674 3134 Imperator
1694 3117 1704 3133 ,
1735 3092 1796 3134 post
1832 3098 1942 3136 viginti
1964 3097 2040 3126 duos

1160 3157 1254 3179 annos
1282 3170 1289 3177 .
1329 3143 1407 3177 Hoc
1438 3147 1540 3185 ipium
1576 3143 1716 3176 referunt
1738 3141 1931 3176 Chronicon
1971 3144 2040 3177 Do·

1161 3207 1232 3229 mus
1260 3194 1455 3234 Austriacae,
1477 3193 1510 3225 δε
1536 3191 1742 3226 Chronicum
1765 3192 2035 3226 Helveticorum.·

1160 3246 1357 3289 Rudolphus
1383 3244 1566 3286 lmpeiium·
1584 3245 1709 3285 accepit
1735 3242 1852 3275 decimi
1880 3243 1965 3275 tertii
1990 3244 2039 3276 sae·

1159 3297 1223 3329 culi
1243 3306 1331 3329 anno
1344 3290 1575 3336 septuagesimo
1589 3294 1684 3326 tertio
1696 3316 1706 3332 ‚
1733 3302 1847 3324 novem
1860 3293 1954 3325 annis
1967 3293 2036 3335 post

1160 3347 1344 3381 institutum
1366 3344 1497 3378 Festum
1516 3342 1711 3379 §amsancti
1735 3340 1886 3384 Mysterii
1903 3367 1910 3374 .
1938 3342 2034 3376 Hinc

1886 3402 1988 3437 igitur
