2366 3736
328 197 394 229 22
812 175 1446 224 Dis-suaratto

282 265 351 308 ipsa
363 272 503 300 erramus
515 276 555 300 ac
577 272 767 309 operamur,
794 273 864 298 non
888 263 993 307 potest
1014 274 1081 297 non
1103 263 1166 296 efl'e

282 315 438 350 vitiosum
460 328 556 359 atque
570 323 750 358 peccatum.
777 311 889 346 Palam
902 314 1049 357 loquitur
1061 312 1102 346 de
1122 314 1167 345 so-

282 365 314 401 la
329 366 483 400 naturalis
504 364 580 407 juris
603 362 806 407 ignorantia.
836 364 916 398 Haec
941 373 1082 404 namque
1098 362 1167 397 sola

280 415 327 450 est
341 416 436 450 nobis
448 413 607 459 originale
619 412 735 446 vitium
748 424 845 457 atque
855 424 1023 456 peccatum
1038 438 1046 446 .

287 495 290 497 .
335 466 391 500 Est
431 462 633 499 communis:
647 463 799 497 omnium
827 463 959 499 Patrum
983 462 1131 497 doctrina
1162 487 1168 495 .

283 515 418 550 Etenim
432 515 466 547 in
482 512 722 546 Admonitione
732 512 772 547 ad
787 513 910 550 Gentes
923 512 1030 547 scribit
1042 514 1169 546 sanstus

283 565 441 599 Clemens
454 561 717 597 Alexandrinus:
746 564 880 605 Lapides
893 561 1098 606 &lignasunt
1123 568 1168 595 in-

275 614 417 655 fipientes
426 637 433 644 .
461 613 615 646 Praesereci
627 621 726 646 autem
736 613 886 654 lapidibus
900 624 1011 655 quoque
1026 612 1063 652 est
1073 611 1155 655 insin

274 661 384 705 fibilior
409 662 510 703 bomo,
538 668 590 705 qui
602 661 640 699 es}
661 661 772 695 trullus
790 667 978 706 ignorantia.
1002 661 1094 702 Testis
1115 673 1170 695 no·

280 713 329 747 bis
354 714 476 746 accedat
501 724 562 746 vox
590 710 789 754 Prophetica,
815 719 942 746 veritati
979 717 1131 746 concinens
1158 736 1167 753 ‚

278 775 347 805 quae
371 760 526 805 miseretur
538 773 635 794 eorum
646 785 657 802 ,
683 761 813 804 quisunt
824 767 943 796 contriti
953 766 985 794 in
998 767 1167 805 ignorantia

279 815 315 847 ό·
328 818 462 846 amentia
476 836 484 843 .
513 814 622 844 Potens
635 811 672 851 est
692 817 770 845 enim
790 813 870 846 Deus
894 820 933 846 est
956 812 1003 845 bis
1013 812 1165 853 lapidibus

276 861 419 908 suscitare
427 861 503 904 filios
519 861 649 894 Abrabae
665 882 670 890 ι
697 863 763 905 ,Qui
775 861 933 905 miseratus
945 863 1071 899 multam
1083 860 1166 904 insci·

280 919 378 953 riam,
404 913 547 946 &cordis
573 913 715 946 duritiem
735 922 856 951 eorum,
882 918 933 955 qui
952 913 1167 955 lapidaverunt

281 964 433 997 adversus
454 968 618 995 veritatem
643 986 654 1002 ,
678 966 826 995 excitavit
858 961 961 1006 semen
983 967 1108 1004 pietatis
1133 967 1165 994 in

280 1018 379 1047 Deum
394 1038 403 1052 ,
429 1014 670 1055 quod-,virtutem
678 1010 823 1054 sentiret,
849 1024 887 1046 ex
907 1012 1056 1054 lapidibus
1069 1011 1129 1052 istis
1155 1036 1166 1052 ,

280 1066 385 1105 nempe
399 1063 536 1108 gentibus
549 1087 559 1103 ‚
585 1073 654 1105 quae
679 1064 868 1095 crediderunt
887 1061 1036 1105 lapidibus
1048 1087 1055 1094 .
1083 1060 1166 1108 Qi-

279 1113 410 1148 nimine>
427 1113 472 1147 est
486 1113 593 1148 lucida
617 1112 766 1147 doctrina
784 1113 953 1158 Evangelii
965 1122 1063 1158 atque
1077 1111 1167 1155 Apo-

278 1162 374 1196 stoli.
406 1163 538 1197 Etenim
561 1163 780 1207 Evangelium
817 1162 990 1198 manifeste
1027 1162 1166 1198 affirmat

278 1213 469 1247 Dominum
489 1222 607 1247 metere
628 1213 831 1254 etiamillic,
859 1213 917 1247 ubi
940 1222 1010 1247 non
1032 1210 1167 1246 semina-

279 1263 348 1296 vit.
377 1263 455 1296 Hoc
474 1263 541 1302 est,
570 1263 627 1296 ubi
649 1273 717 1296 non
738 1263 831 1296 dedit
845 1263 972 1306 legem,
1002 1271 1166 1305 perquam

281 1312 327 1346 est
339 1310 491 1355 cognitio
505 1311 631 1353 peccati
642 1335 649 1341 .
681 1312 773 1343 Idem
795 1311 1015 1355 Evangelium
1028 1311 1166 1344 affirmat

280 1361 473 1396 Dominicae
483 1360 662 1394 voluntatis
674 1359 842 1394 conscium
854 1361 985 1400 multis,
1015 1360 1105 1394 istius
1118 1371 1169 1393 au·

280 1421 347 1446 tem
361 1412 512 1455 ignarum
535 1411 659 1444 servum
685 1409 836 1453 vapulare
859 1411 988 1454 paucis.
1017 1410 1165 1453 Exponit

280 1462 316 1496 in
328 1461 483 1495 Trastatu
494 1460 533 1494 de
555 1459 733 1504 Virginum
748 1459 864 1494 habitu
890 1461 1016 1494 sanstus
1034 1458 1169 1504 Cypria-

280 1524 342 1547 nus
357 1526 374 1548 .·,
394 1514 492 1544 Minor
502 1511 588 1552 culpa
598 1510 635 1550 est
657 1510 804 1552 deliquisse
815 1519 885 1543 ante
907 1510 1006 1545 fidem
1030 1509 1064 1544 &
1090 1509 1172 1553 Bap-

280 1563 303 1597 ti
311 1564 374 1596 sma
386 1587 396 1602 ,
422 1561 485 1594 cum
496 1561 616 1594 necdum
629 1558 720 1603 noscis
734 1558 921 1603 disciplinam
938 1562 1010 1594 Dei.
1043 1559 1170 1594 Eodem

280 1611 382 1647 modo
404 1610 588 1645 constanter
611 1610 750 1654 exponit
771 1611 896 1644 sanstus
931 1609 1134 1654 Augustinus
1164 1634 1171 1642 .

102 1670 184 1717 09,
199 1681 231 1717 7,
281 1663 324 1698 Et
337 1661 516 1705 Apostolus
537 1659 647 1694 scribit
668 1660 708 1694 ad
732 1660 907 1695 Romanos
923 1673 933 1693 .·
961 1658 1171 1703 concupissen-

262 1719 355 1746 =tiam
367 1710 528 1754 nesciebam
541 1735 551 1751 ,
577 1709 634 1751 nisi
646 1711 696 1744 lex
718 1712 828 1745 diceret
845 1735 855 1750 ,
883 1722 941 1743 non
953 1709 1132 1754 concupisces
1159 1736 1166 1743 .

280 1763 416 1797 Hilarus
435 1760 595 1796 Romanae
628 1761 772 1794 Ecclesiae
805 1760 976 1795 Diaconus
997 1762 1135 1804 exponit
1161 1772 1168 1792 :

281 1815 412 1856 Simplex
437 1810 603 1846 videbatur
626 1809 735 1854 causa,
761 1809 950 1854 concupiscere
971 1813 1087 1854 aliquid
1104 1820 1173 1853 pro·

107 1877 191 1923 cap,
202 1889 233 1925 7,
281 1871 374 1899 ximi.
402 1867 461 1897 Hoc
472 1873 570 1897 autem
582 1865 650 1895 Lex
660 1862 796 1904 prodidit
810 1864 860 1906 effe
869 1871 1022 1905 peccatum
1035 1887 1042 1894 .
1068 1862 1111 1896 Et
1125 1863 1172 1896 ni-

282 1914 464 1950 hilominus
482 1914 625 1956 quisquis
637 1922 712 1946 ante
734 1911 819 1947 hanc
845 1914 1069 1956 proditionem
1093 1923 1174 1946 con-

281 1965 425 2010 cupivit,
450 1962 591 1998 omnino
608 1963 769 2006 peccavit.
795 1963 885 1998 Idem
897 1964 941 1997 est
955 1962 1169 1997 constantissi-

281 2028 354 2051 mus
365 2015 472 2049 sensus
483 2014 566 2048 beati
581 2012 776 2058 Augustini.
803 2013 952 2047 Laudata
966 2014 1046 2047 item
1060 2013 1093 2045 in
1107 2013 1173 2053 epi·

108 2073 236 2124 Cap‘2.
282 2068 364 2101 stola
375 2063 482 2098 scribit
499 2062 695 2105 Apostolus:
723 2064 789 2104 ‚Qui
802 2060 933 2104 finelege
939 2067 1139 2102 peccaverunt
1158 2082 1169 2099 ,

185 2108 192 2115 ”
278 2117 340 2160 fine
360 2117 418 2158 lege
439 2113 597 2155 peribunt.
626 2111 792 2154 Adiungit
804 2110 891 2149 quod
904 2109 1052 2142 Gentiles
1063 2109 1169 2152 legem

286 2164 473 2201 naturaliter
486 2161 628 2196 faciant,
656 2159 797 2200 ideoque
811 2157 926 2200 sibiipsi
940 2157 1002 2191 sint
1014 2157 1066 2190 lex
1081 2180 1089 2189 .
1117 2156 1173 2190 Ad

287 2227 356 2261 quat
371 2210 464 2246 verba
480 2209 560 2252 relic
574 2207 683 2241 scribit
696 2208 731 2240 in
745 2207 851 2250 primo
864 2218 960 2242 contr
978 2219 994 2239 a
1007 2207 1142 2241 Celsum
1160 2207 1183 2239 li

290 2267 350 2301 bro
366 2263 549 2306 Origenes:
577 2259 807 2291 Introducentes
819 2256 933 2298 justum
947 2259 1003 2290 Dei
1017 2258 1165 2298 judicium

291 2315 519 2358 explodercntur
535 2310 594 2342 una
609 2319 672 2341 cum
695 2307 763 2349 ipfis
790 2312 1080 2349 peccatorumpoenis
1092 2330 1104 2347 ,
1130 2304 1188 2348 nist

292 2368 450 2400 communis
464 2366 590 2393 omnium
611 2356 717 2401 sensus
731 2355 996 2400 praesumptionem
1015 2358 1053 2390 de
1074 2359 1182 2389 morali

293 2415 449 2460 distiplina
461 2410 581 2444 baberet
594 2408 710 2451 infixam
722 2431 729 2439 .
756 2409 948 2450 ‚Quapropter
956 2418 1013 2439 non
1023 2406 1061 2447 est
1071 2411 1182 2439 miran-

294 2470 367 2503 dum
381 2489 392 2505 ,
417 2467 511 2495 Deum
524 2470 622 2494 eorum
641 2483 652 2499 ,
678 2469 745 2500 quae
750 2466 808 2499 per
823 2456 990 2498 Prophetas
1003 2458 1037 2491 δ’
1048 2458 1182 2490 Servato-

295 2526 357 2553 >nm
373 2516 471 2547 docuit
483 2535 494 2550 ,
515 2508 632 2552 simina
643 2508 778 2550 indidiffi·
790 2513 919 2540 omnium
932 2508 1102 2540 mortalium
1112 2512 1183 2540 ani-

298 2572 356 2603 mis
371 2589 381 2605 ‚
407 2572 438 2595 ut
452 2567 482 2593 in
497 2563 608 2592 Divino
623 2562 654 2602 J
658 2560 752 2591 udicio
768 2556 807 2598 fit
820 2555 1048 2600 inexcusabilis,
1069 2556 1182 2591 babens

298 2615 475 2653 mandatum
497 2612 585 2652 Legis
613 2608 756 2650 scriptum
776 2613 809 2639 in
829 2605 878 2649 suo
899 2610 1002 2641 corde.
1031 2606 1183 2641 Affirmat

300 2667 426 2702 nullam
438 2684 448 2701 ‚
474 2661 586 2702 utique
598 2657 752 2692 naturalis
765 2657 844 2700 legis
856 2679 866 2694 ‚
891 2657 1112 2701 ignorantiam
1122 2657 1184 2691 effe

298 2714 495 2753 innoxiam,
523 2709 660 2750 ideoque
671 2718 731 2741 nos
741 2717 794 2749 per
809 2707 911 2749 ipsam
923 2707 940 2739 ὲ
967 2717 1098 2750 peccato
1115 2719 1182 2741 non

302 2754 468 2802 excusari.
497 2759 538 2792 Et
551 2757 636 2792 certe
656 2757 703 2790 uti
727 2755 816 2790 nulla
828 2757 1113 2799 concupiscentia,
1141 2758 1184 2792 ita

304 2816 395 2851 nulla
423 2808 605 2846 istiusmodi
643 2804 832 2851 ignorantia
868 2805 913 2839 est
949 2806 1152 2841 invincibilis
1178 2832 1185 2839 .

306 2868 399 2902 Hinc
413 2857 632 2904 utiquidquid
655 2868 709 2900 per
731 2855 825 2889 istam
841 2879 852 2895 ,
879 2856 924 2888 ita
948 2856 1109 2900 quidquid
1134 2869 1188 2900 per

308 2917 392 2951 hanc
404 2915 462 2952 fit,
487 2910 530 2944 est
555 2905 695 2942 omnino
717 2915 904 2950 peccatum.
933 2905 1092 2952 Qisquis
1113 2918 1187 2940 con-⁴

308 2978 356 3001 tra
370 2964 466 3007 ipsam
480 2961 577 2993 docet
588 2982 598 2998 ,
625 2957 733 2991 suadet
745 2980 755 2995 ,
781 2966 932 2999 operatur
945 2979 956 2995 ,
982 2957 1124 2990 omnino
1135 2957 1189 2990 de·

312 3014 452 3056 linquit.
482 3008 581 3044 Nulla
594 3007 720 3040 excusat
733 3006 892 3039 sententia
905 3005 1099 3048 probabilis,
1122 3007 1191 3039 nul-

313 3067 363 3100 lus
383 3064 501 3096 Canon
517 3083 527 3098 ‚
555 3057 676 3091 nullius
696 3055 799 3089 Patris
834 3053 1036 3097 authoritas,
1068 3056 1192 3090 nullius

315 3112 476 3156 Praepositi
489 3108 677 3141 mandatum
692 3130 698 3138 .

369 3159 492 3197 Verum
506 3157 555 3191 his
565 3155 695 3190 obstant
717 3157 803 3190 varia
814 3181 822 3187 .
855 3154 987 3190 Etenim
998 3154 1038 3189 ad
1050 3155 1193 3190 sanetum

144 3223 174 3256 Ε
223 3231 236 3256 1
317 3215 565 3254 Hieronymum
589 3206 694 3240 scribit
718 3206 840 3239 sanctus
860 3205 1086 3250 Augustinus:
1110 3207 1140 3238 51·
1160 3219 1194 3240 ea

147 3234 214 3316 εἰς,
237 3231 273 3306 Ξ
320 3271 351 3297 in
364 3274 407 3296 me
422 3258 660 3303 reprehenderis,
687 3266 750 3296 quae
774 3254 1158 3298 reprehendendanonsunt
1185 3280 1195 3295 ,

323 3325 350 3347 η
363 3315 448 3347 laedis
462 3315 555 3352 magis
567 3308 657 3348 quam
678 3317 741 3339 me.
774 3307 864 3347 ‚Quod
882 3304 953 3345 abfit
974 3308 993 3338 ἃ
1015 3306 1147 3339 moribus
1164 3307 1197 3340 ό*

322 3362 422 3406 [αηέίο
436 3356 576 3401 Proposito
586 3365 653 3395 tuo,
679 3365 712 3387 ut
735 3354 786 3388 boc
799 3355 902 3396 facias
916 3356 1068 3388 voluntate
1088 3356 1197 3389 laeden-

326 3414 380 3451 di,
407 3411 527 3450 culpans
551 3413 584 3439 in
606 3417 651 3438 me
676 3406 792 3446 aliquid
815 3407 903 3437 dente
927 3406 1068 3438 maledico
1085 3429 1096 3445 ,
1121 3408 1200 3448 quod
1252 3404 1440 3440 obedientia
1451 3405 1590 3440 omnino
1602 3406 1638 3440 fit
1649 3416 1690 3439 ex
1711 3405 1886 3449 charitate,
1914 3419 1976 3451 qua
1998 3407 2133 3441 mandat

327 3469 424 3495 mente
437 3459 566 3491 vendica
579 3455 630 3499 effe
634 3453 695 3496 scis
708 3465 765 3486 non
786 3455 983 3495 culpandum.
1013 3460 1051 3487 Ac
1069 3463 1125 3496 per
1148 3455 1199 3488 boc
1257 3454 1433 3498 Apostolus
1461 3465 1520 3489 nos
1550 3467 1616 3489 non
1654 3456 1822 3491 dumtaxat
1857 3457 2051 3501 praepositis,
2076 3456 2131 3492 sed

328 3520 382 3544 aut
396 3509 531 3544 benevolo
551 3507 641 3543 cordt
671 3515 804 3550 arguas,
828 3503 941 3547 etiamst
961 3515 1039 3540 caret
1058 3504 1160 3541 delicio
1187 3529 1198 3549 ,
1255 3506 1353 3542 etiam
1367 3503 1515 3552 Regibus
1526 3505 1681 3550 obedire,
1705 3517 1742 3544 ac
1754 3507 1930 3553 subjacere.

1228 272 1313 304 quem
1323 263 1511 308 arguendum
1516 269 1611 306 putas
1622 275 1633 307 ς
1660 269 1713 298 aut
1720 271 1848 307 paterno
1857 267 1963 308 affifla
1973 266 2115 308 mulceas,

1228 324 1315 354 quem
1336 315 1465 354 adiicere
1484 324 1630 355 nequeas.
1648 315 1750 355 ‘Potest
1770 322 1848 350 enim
1867 317 1938 360 fieri
1955 346 1966 362 ‚
2002 328 2037 355 ut
2061 318 2118 352 tibi

1229 364 1320 397 aliud
1337 365 1501 404 videatur,
1528 365 1621 407 quam
1640 371 1757 400 veritas
1782 366 1871 400 babet
1885 391 1898 407 ,
1922 370 1992 403 dum
2015 378 2118 405 tamen

1230 412 1284 445 abs
1292 422 1324 446 re
1334 414 1420 447 aliud
1429 413 1551 455 nonfias
1565 437 1576 454 ,
1590 410 1679 456 qudm
1688 414 1822 450 charitas
1832 416 1922 451 babet
1934 442 1941 449 .
1967 420 2122 455 Affirmat

1231 462 1529 506 reprehensionem,
1554 474 1625 506 quae
1645 475 1686 498 ex
1711 465 1903 511 dogmatico
1924 469 2008 503 circa
2027 468 2123 503 Divi-

1232 513 1369 555 numius
1379 524 1485 549 errore
1495 514 1642 557 procedit
1653 538 1665 554 ‚
1692 518 1781 558 posse
1794 529 1834 551 ex
1845 517 2002 552 charitate
2028 518 2123 559 fieri,

1232 562 1371 606 ideoque
1385 564 1454 597 -esse
1477 563 1659 597 immunem
1680 564 1722 598 ab
1743 568 1836 601 omni
1862 578 1996 611 peccato
2009 593 2016 601 .
2045 567 2119 601 Ere-s

1233 613 1300 646 nim
1324 612 1463 648 charitas
1485 624 1546 648 nec
1565 623 1704 656 peccat,
1728 626 1791 649 nec
1811 628 1940 659 peccare
1982 618 2087 662 potest
2114 641 2124 650 .

1234 662 1275 696 Et
1296 661 1382 697 istud
1406 663 1511 706 ipsum
1535 662 1634 698 habet
1660 664 1770 699 iocurn
1786 665 1869 701 circa
1890 666 1942 710 jus
1963 678 2087 703 naturae
2116 692 2124 701 .
2172 680 2180 687 ·

1233 712 1325 747 Hinc
1339 713 1427 749 idem
1445 713 1650 758 Augustinus
1663 714 1772 748 scribit
1791 716 1827 750 in
1840 726 1956 760 quarto
1969 717 2011 752 de
2040 718 2122 761 Bap-

1233 763 1363 799 tismate
1372 773 1488 798 contra
1502 764 1693 798 Donatistas
1704 764 1808 799 libro:
1838 767 1931 810 ,Quid
1941 768 2123 810 quodetiam

1231 817 1339 849 mirum
1359 811 1399 852 est
1414 836 1425 853 ‚
1450 815 1529 856 quod
1538 816 1669 847 accidere
1674 816 1751 858 poffe
1760 821 1882 849 invenit
1896 840 1908 856 ,
1933 824 1984 859 qui
1996 818 2123 861 diligen-

1231 871 1278 896 ter
1290 864 1428 897 advertit
1443 886 1454 903 ,
1480 862 1625 907 quosdam
1631 863 1724 907 salva
1738 865 1883 900 charitate
1894 866 1994 901 docere
2003 868 2124 910 aliquid

1232 913 1336 946 inutile
1351 934 1362 952 ,
1380 911 1455 954 ficut
1469 915 1692 958 Petrus·genses
1706 915 1820 959 cogebat
1834 918 2000 957 judaizare
2013 940 2026 957 ,
2043 916 2121 960 ficut

1232 961 1296 1005 ipse
1305 966 1473 1004 cyprianus
1483 962 1639 997 baereticos
1651 966 1747 999 denua
1761 966 1930 1009 baptizari.
1957 967 2046 1001 Unde
2071 976 2121 1001 ta-

1230 1012 1306 1045 libus
1327 1011 1411 1046 bonis
1434 1014 1573 1047 membris
1594 1019 1629 1047 in
1650 1014 1797 1050 charitate
1818 1018 1968 1051 radicatis
1980 1040 1994 1057 ,
2028 1018 2064 1052 θ
2083 1022 2122 1050 in

1231 1063 1328 1104 aliquo
1338 1074 1395 1096 non
1406 1062 1483 1097 reae
1504 1065 1757 1107 ingredientibus,
1784 1068 1857 1101 dicit
1881 1067 2030 1109 Apostolus
2052 1079 2063 1100 e
2088 1068 2124 1100 Si

1230 1114 1307 1155 quid
1316 1113 1402 1147 aliter
1410 1111 1523 1155 sapitis
1535 1139 1546 1154 ,
1575 1115 1613 1147 id
1620 1126 1732 1158 quoque
1743 1116 1827 1150 vobis
1839 1119 1918 1151 Deus
1931 1115 2081 1151 revelabit
2108 1140 2119 1150 .

1233 1161 1456 1207 Rursum-agit
1468 1163 1508 1196 de
1518 1163 1708 1208 ignorantia
1732 1167 1817 1201 circa
1839 1167 1890 1210 jus
1912 1168 2081 1203 Divinum
2106 1190 2117 1200 .

1232 1210 1275 1244 Et
1288 1213 1432 1245 sanetum
1446 1213 1654 1257 Cyprianum
1668 1240 1678 1255 ,
1706 1217 1765 1257 qui
1777 1227 1817 1250 ex
1830 1218 2013 1253 istiusmodi
2034 1227 2123 1252 erro-

1231 1272 1263 1295 re
1275 1271 1427 1305 operatus
1439 1262 1484 1295 est
1494 1285 1505 1300 ,
1529 1265 1668 1298 affirmat
1681 1265 1775 1301 fuisse
1786 1268 1820 1301 in
1834 1267 1992 1302 charitate
2003 1267 2125 1302 radica·

1231 1321 1303 1345 tum
1316 1334 1328 1352 ,
1355 1311 1495 1354 ideoque
1509 1323 1578 1345 non
1590 1315 1750 1355 peccasse.
1777 1317 1882 1360 Qiod
1905 1318 1992 1350 istud
2012 1318 2125 1360 ipsum

1230 1359 1271 1394 de
1284 1360 1395 1393 sancto
1405 1358 1504 1393 Petro
1515 1359 1617 1401 dicit,
1643 1374 1713 1404 non
1727 1363 1773 1398 est
1794 1365 2000 1408 probandum
2013 1390 2021 1399 .
2049 1365 2126 1400 Ete-

1233 1410 1302 1445 nim
1318 1407 1470 1452 Apossoli
1485 1408 1639 1444 delictum
1654 1422 1722 1444 non
1745 1411 1993 1448 Praedicationis
2003 1414 2099 1449 fuiffe
2109 1437 2124 1455 ,

1234 1457 1286 1494 sed
1308 1459 1406 1493 solius
1430 1459 1687 1494 conversationis
1706 1484 1716 1501 ,
1751 1460 1883 1496 abunde
1904 1463 2124 1498 monstratum

1232 1508 1278 1544 est
1306 1510 1340 1543 in
1366 1507 1507 1544 Scholiis
1529 1509 1570 1543 ad
1609 1509 1860 1553 praescriptiones
1884 1511 2087 1547 Tertulliani
2112 1537 2124 1546 .

1235 1559 1323 1595 idem
1336 1558 1543 1603 Augustinus
1556 1560 1588 1592 in
1603 1558 1688 1593 libro
1695 1558 1736 1594 de
1746 1560 1811 1595 fide
1824 1573 1862 1596 ac
1874 1562 2028 1605 operibus
2040 1562 2126 1596 affit-

1234 1619 1302 1644 mat
1314 1609 1408 1643 illum
1421 1633 1432 1649 ,
1459 1609 1566 1653 quiex
1577 1609 1672 1644 fimili
1692 1621 1797 1645 errore
1807 1611 1852 1645 est
1864 1612 1971 1655 lapsus
1981 1614 2016 1647 in
2030 1611 2126 1647 adul·

1235 1660 1376 1694 terinum
1386 1659 1602 1703 conjugium,
1627 1670 1695 1693 non
1720 1662 1806 1704 poffe
1831 1662 1972 1706 repelli&
1994 1661 2126 1706 Baptis-

1236 1721 1291 1745 mo
1302 1732 1314 1749 ‚
1336 1710 1475 1751 ideoque
1488 1710 1639 1752 supponit
1650 1710 1713 1743 esse
1724 1712 1758 1744 in
1770 1712 1886 1746 asinali
1901 1737 1912 1754 ,
1935 1723 2006 1756 quae
2015 1711 2059 1747 ad
2069 1712 2124 1746 Sa-

1235 1760 1395 1796 cramenti
1426 1759 1577 1796 effestum
1611 1760 1747 1796 sufficiat
1765 1785 1778 1804 ,
1816 1762 1882 1797 Dei
1917 1762 1952 1797 &
1978 1761 2125 1807 proximi

1235 1810 1393 1848 charitate
1410 1838 1417 1846 .

1286 1861 1361 1897 Nec
1373 1863 1490 1898 desunt
1502 1862 1617 1898 similia
1628 1865 1778 1910 exempla
1799 1866 1884 1901 circa
1901 1866 1955 1910 jus
1973 1874 2094 1901 naturae
2115 1866 2128 1898 .'

1238 1912 1370 1947 Etenim
1384 1923 1440 1948 aut
1454 1925 1595 1959 magnus
1607 1915 1805 1950 Athanasius
1820 1927 1877 1951 aut
1900 1927 2041 1962 magnus
2060 1916 2125 1951 Ba·

1235 1963 1320 1997 filius
1343 1987 1355 2004 ,
1391 1964 1469 1998 dum
1489 1965 1573 1998 circa
1595 1967 1767 2000 memorati
1783 1966 1927 2010 superius
1952 1962 2130 2010 juramenti

1235 2012 1477 2053 obliga-tionem
1502 2015 1680 2044 sanxerunt
1691 2035 1703 2050 ‚
1728 2017 1763 2046 ἀ
1783 2015 1944 2048 observari
1962 2016 2130 2058 ‘jusserunt
2146 2011 2149 2015 ²

1236 2058 1423 2099 contraria,
1449 2059 1631 2102 impegitin
1644 2060 1695 2102 jus
1715 2072 1853 2111 naturae7
1881 2064 1985 2111 Qod
2008 2065 2131 2108 praeser·

1237 2108 1297 2142 tim
1316 2117 1427 2140 vetum
1444 2107 1495 2144 est,
1518 2107 1561 2141 de
1601 2119 1727 2154 magno
1764 2111 1964 2147 Athanasio.
1992 2113 2130 2147 Etenim

1239 2157 1457 2190 Dracontium
1478 2157 1685 2191 Monachum
1707 2169 1821 2193 contra
1843 2163 2006 2203 propriam
2029 2163 2130 2204 ipsius

1240 2206 1432 2240 sententiam
1445 2206 1607 2249 compulit
1627 2206 1668 2240 ad
1690 2208 1929 2251 suscipiendum
1955 2209 2131 2254 Episcopa-

1239 2265 1312 2290 tum
1331 2281 1338 2288 .
1359 2256 1502 2290 Admisit
1515 2256 1571 2289 ille
1586 2255 1815 2301 Episcopatum
1829 2270 1931 2303 parvae
1942 2259 2134 2304 Hermopo-

1240 2307 1280 2340 lis
1293 2330 1301 2338 .
1329 2307 1432 2340 Lucet
1442 2317 1486 2339 ex
1500 2304 1671 2340 Athanasii
1693 2306 1809 2343 litteris
1821 2309 1861 2343 ad
1876 2307 2129 2345 Antiochenses.

1242 2356 1284 2390 Et
1299 2357 1380 2400 quin
1393 2366 1507 2390 omnes
1521 2365 1582 2389 tres
1590 2368 1630 2390 ex
1643 2355 1801 2392 charitate
1812 2359 1958 2404 egerint,
1986 2370 2054 2394 non
2078 2359 2127 2395 est

1239 2405 1477 2441 dubitandum.
1504 2405 1685 2441 Praesertim
1698 2407 1915 2445 Dracontius.
1944 2410 2024 2455 Egit
2035 2410 2128 2446 enim

1239 2456 1338 2499 jussus
1353 2467 1393 2490 ex
1419 2454 1624 2491 obedientia.
1651 2458 1754 2504 Qod
1779 2459 1882 2502 ipsum
1905 2460 2013 2495 videre
2023 2460 2069 2495 est
2090 2461 2128 2495 in

1241 2505 1416 2550 probabilis
1453 2506 1623 2541 dumtaxat
1649 2506 1775 2550 justitiae
1800 2509 1906 2545 bello.
1933 2510 2068 2545 Etenim
2091 2511 2129 2544 in

1240 2567 1357 2591 omnes
1375 2556 1449 2589 suos
1461 2555 1623 2590 Varianos
1636 2557 1747 2592 statuit
1768 2560 1849 2594 olim
1873 2571 2014 2605 magnus
2025 2562 2130 2605 Impe-

1243 2708 1347 2747 ditur,
1375 2716 1430 2740 aur
1440 2707 1476 2739 de
1498 2714 1629 2741 exercitu
1643 2708 1752 2752 fugit,
1778 2709 1940 2749 testimonio
1962 2712 2124 2754 dignitatis

1238 2755 1304 2800 suae
1320 2755 1359 2798 fit
1375 2757 1606 2790 irrevocabiliter
1627 2768 1732 2791 carens
1747 2782 1757 2798 ,
1783 2764 1830 2792 ira
1852 2768 1885 2792 ut
1907 2759 2127 2809 inquikiasdam

1244 2808 1378 2847 villulis,
1394 2805 1448 2850 seu
1466 2812 1648 2849 territoriis,
1670 2807 1723 2851 seu
1738 2814 1814 2842 vicis
1834 2832 1845 2849 ,
1865 2809 1957 2852 pestis
1971 2809 2058 2852 buJus
2081 2813 2130 2844 s'n-

1238 2856 1422 2896 famationis
1447 2856 1628 2891 habitatores
1641 2857 1768 2900 ipsorum
1784 2860 1907 2893 locorum
1923 2859 1984 2902 finc
2007 2861 2130 2905 degene-

1245 2918 1314 2945 res,
1339 2907 1373 2940 Θ
1394 2904 1784 2951 testificandi&accusandi
1807 2910 1923 2942 nullam
1943 2909 2071 2944 babeant
2092 2912 2132 2944 li·

1246 2963 1393 2992 centiam·
1422 2957 1490 2990 Eos
1512 2957 1684 3000 proscribit
1710 2959 1751 2992 ad
1763 2959 1900 2993 infames
1923 2960 2044 3004 pestes.
2074 2960 2131 2994 Est

1248 3007 1300 3040 lex
1325 3008 1512 3040 communis
1549 3009 1701 3041 omniurn
1724 3007 1918 3053 Regnorum
1942 3034 1950 3042 .
1978 3011 2022 3044 Et
2040 3010 2132 3055 quod

1249 3057 1348 3091 etiam
1360 3057 1395 3090 in
1410 3055 1586 3100 probabilis
1595 3057 1722 3099 justitiae
1735 3057 1821 3092 bello
1843 3059 1986 3094 subditos
1998 3060 2134 3094 adstrin-

1250 3116 1325 3152 gat,
1350 3105 1395 3140 est
1407 3107 1573 3140 unanimis
1583 3107 1616 3140 δε
1629 3117 1715 3141 certa
1728 3109 1871 3143 destrina
1885 3133 1894 3141 .
1923 3110 2056 3144 Etenim
2079 3121 2135 3156 ge-

1252 3156 1386 3190 neratim
1398 3156 1595 3200 cuicumque
1617 3157 1804 3200 Superiori,
1829 3159 1913 3193 circa
1927 3160 2130 3203 probabilem

1252 3207 1406 3240 naturalis
1418 3207 1516 3240 etiarn
1529 3206 1607 3249 juris
1618 3208 1783 3241 materiam
1795 3208 1942 3250 jubenti,
1968 3211 2013 3245 est
2025 3211 2135 3244 omni·

1251 3256 1296 3289 no
1319 3254 1627 3299 obtemperandum.
1657 3257 1820 3301 Alioquin
1851 3259 1886 3292 δε
1900 3259 2075 3295 Ecclesiam
2098 3259 2132 3292 &

1252 3305 1502 3349 Rempublicam
1517 3306 1724 3349 implebimus
1733 3310 1941 3343 contumacia
1951 3334 1962 3350 ,
1986 3308 2134 3344 rebellio-

1253 3367 1320 3396 ne,
1351 3355 1508 3389 violentia
1531 3379 1541 3395 ,
1567 3355 1726 3390 discordia
1747 3382 1759 3397 ,
1789 3359 1962 3393 scandalis.
1990 3359 2035 3393 Et
2072 3357 2132 3392 ista.

1951 3557 2023 3593 Res
2018 3567 2097 3602 pou-

2139 798 2221 843 Cap.
2236 788 2292 835 tt.

1242 2617 1327 2641 rator
1339 2606 1494 2640 Carolus:
1521 2608 1637 2640 Placuit
1649 2616 1682 2641 ut
1690 2614 1786 2642 omnis
1797 2633 1808 2650 ,
1835 2616 1887 2652 qui
1897 2621 1949 2644 aus
1959 2617 1992 2643 in
2003 2612 2126 2653 expedi·
2141 2603 2215 2639 Lib·
2228 2607 2264 2641 6·

1242 2663 1350 2690 tionem
1362 2662 1509 2690 exercitus
1522 2655 1633 2699 absque
1641 2665 1737 2702 gravi
1750 2661 1908 2700 neceffitate
1931 2671 1988 2693 non
2005 2669 2127 2705 progre·
2139 2667 2208 2700 caP·
2223 2665 2266 2702 25
2271 2664 2301 2702 3·
