2366 3736
638 121 706 152 Dr,
743 114 951 153 sAcnls
980 106 1545 158 ΡκοεεεειοΝῐΒυε.

204 181 342 227 lutense
362 192 523 238 sparfiffent
539 219 549 235 ,
567 196 603 229 ἐν
618 196 747 238 publicis
764 198 835 232 loeis
847 221 857 238 ,
879 194 987 239 ipsique
997 205 1089 233 ctiam

208 245 295 286 Regio
317 244 436 277 Palatio
454 246 607 288 affixissent
625 270 636 287 ,
660 258 693 279 re
715 254 865 287 comperta
884 245 1016 291 ejusdem
1035 254 1089 281 cri-

209 298 299 325 minis
320 304 380 327 reos
405 295 566 339 diligenter
582 301 717 338 perquiri
732 320 743 335 ,
767 298 800 331 (δ’
817 296 1021 339 comprehendi
1025 297 1089 341 jus-

202 340 262 382 fit.
285 342 352 387 Ipse
373 347 441 378 Rex
468 344 586 384 Parisiis
607 343 763 389 praesens,
773 347 917 388 placandi
933 345 1012 389 sacri
1022 352 1089 382 Nu-

208 398 301 426 minIs
320 399 424 437 gratia
448 418 459 433 ‚
490 392 635 436 praesenti
657 407 736 427 anno
758 420 769 435 ,
800 398 911 430 decimo
932 385 1089 432 Kalendas

209 442 390 483 Februarii,
415 445 464 477 die
477 447 594 488 jovis,
621 445 840 480 celeberrimam
858 451 971 490 peregit
978 445 1089 489 suppli-

207 498 350 526 tationem
372 493 410 525 ab
433 492 558 533 Ecclesia
583 498 611 527 5.
627 497 768 528 Germani
793 498 836 528 ad
844 496 1014 540 Beatiffmae
1025 502 1089 530 Vir-

202 548 288 587 ginis
312 567 321 581 ,
346 553 409 576 cum
429 545 682 584 Venerandiffimae
713 545 910 583 Eucharistiae
930 555 985 588 per
988 551 1088 592 Joan·

208 603 275 626 nem
307 593 459 631 Bellajum
491 593 669 636 Episcopum
702 593 892 638 Parifiensem
917 619 928 635 ‚
958 598 992 631 (w
1014 599 1090 631 Reli-

207 647 346 684 quiarum
369 640 567 686 Sacrosanc‘lae
593 646 749 686 Capellae,
775 646 963 690 aliarumque
985 653 1090 688 praeci-

203 699 335 733 puarum
355 695 503 725 Civitatis
525 693 682 738 gestatione
703 719 710 726 .
736 698 796 728 Cui
819 707 883 728 cum
899 708 989 730 uxore
1006 698 1039 731 <5
1057 698 1089 729 li-

206 740 286 773 beris
309 764 318 779 ,
347 750 436 784 atque
460 746 553 786 Regni
588 745 775 786 Principibus
800 770 811 785 ‚
848 748 883 778 (ν’
903 756 1091 780 externorum

209 793 332 834 Legatis
344 816 353 831 ,
381 792 480 826 mulm
489 794 705 827 Cardinalibus
718 819 727 834 ,
756 793 909 837 Episcopis
922 819 932 835 ‚
961 797 995 829 <5
1010 799 1091 829 Prae·

204 842 279 874 latis
292 865 302 881 ,
328 853 393 873 cum
417 849 530 876 caeteris
550 842 768 885 Ecclefiaslicis,
793 855 857 877 tam
883 847 1091 887 sacularibus,

205 892 298 934 quam
326 888 541 934 Reguluiffiics,
566 893 728 933 interfuit,
747 893 852 934 facem
881 897 1037 928 ardentem
1047 908 1091 929 ca-

201 945 269 983 pite
290 942 396 974 detello
409 942 532 986 gestans
548 966 561 982 ,
587 943 800 987 umbellamque
818 943 913 986 supra
934 947 1093 986 sacratiffi·

205 1002 286 1023 mam
309 989 526 1032 Eucharistiam
540 991 711 1035 ferentibus
726 1017 735 1033 ‚
763 993 912 1036 Delphina
924 1018 935 1034 ‚
961 996 1090 1028 Ducibus

205 1040 411 1082 Aurelianense*
430 1043 465 1074 (5
493 1041 720 1085 Engolismensi,
743 1042 817 1085 filiis
840 1047 947 1087 Regis,
973 1047 1008 1078 Θ
1029 1049 1092 1079 Du-

204 1100 235 1123 ce
259 1089 494 1132 Vindoc1nenfi‚'
505 1097 606 1134 primo
633 1096 715 1135 Regii
734 1091 894 1138 sanguinis
923 1097 1060 1138 Principe
1083 1120 1089 1127 .

205 1141 395 1181 Gravemque
421 1142 490 1173 inde
506 1137 583 1174 *Rex
606 1148 764 1175 orationem
791 1143 895 1178 babuit
918 1170 927 1185 ,
953 1157 1013 1186 qua
1034 1154 1088 1187 pa-

203 1190 267 1222 lam
297 1189 419 1228 testatus
448 1190 487 1227 est
509 1191 597 1234 suum
623 1204 733 1234 quoque
751 1193 906 1228 brachium
927 1193 959 1237 se
981 1195 1090 1239 excisu-

138 1266 151 1269 ,
204 1250 291 1277 rum,
312 1238 342 1281 fi
362 1250 399 1271 ex
417 1251 453 1273 ea
475 1240 547 1282 peste
568 1241 710 1282 infec‘lum
721 1241 829 1285 foret,
855 1255 944 1288 atque
953 1246 989 1278 id
997 1245 1090 1288 ipsum

203 1292 237 1321 in
255 1295 392 1330 proprios
414 1291 494 1334 filios
505 1292 723 1332 praestiturum.
755 1293 901 1327 Eandem
922 1297 1087 1337 proceffio-

203 1350 279 1373 nem
304 1339 398 1373 refert
418 1351 456 1373 ac
478 1340 588 1375 laudat
611 1343 644 1375 in
681 1343 745 1376 suis
771 1344 959 1378 Annalibus
982 1345 1088 1378 Vene-

203 1388 313 1423 (abilis
335 1389 502 1424 Henricus
531 1391 724 1435 Spondanus
745 1416 755 1431 ‚
796 1393 977 1436 Episcopus
1006 1394 1090 1437 Apa·

202 1439 362 1473 mirensis.
392 1439 444 1474 Ex
467 1440 533 1483 ipsa
553 1440 637 1482 clare
657 1443 812 1477 docemur
822 1445 942 1478 avitam
954 1446 1089 1478 consue·

202 1488 353 1523 tudinem
379 1490 561 1525 Gallicanae
587 1492 745 1527 Ecciefiae.

253 1538 376 1574 Eadem
401 1540 501 1579 pietas
527 1543 649 1582 semper
675 1542 781 1586 viguit
805 1542 839 1577 in
864 1543 998 1588 Belgica
1023 1543 1087 1577 Ec-

200 1588 315 1622 clesia.
342 1588 453 1624 Habet
480 1601 543 1624 tres
566 1592 844 1635 Metropolitanas
863 1595 985 1634 Sedes,
1013 1605 1085 1635 qua·

199 1648 272 1672 rum
291 1638 381 1674 nulla
398 1639 444 1673 est
467 1638 688 1679 primatialis,
715 1641 769 1675 sed
792 1653 908 1676 omnes
928 1653 990 1675 tres
1012 1643 1085 1675 sunt

200 1690 322 1721 sorores
341 1713 352 1728 ,
380 1688 520 1733 ideoque
543 1690 788 1723 consecratione
821 1690 930 1724 senior
949 1690 1086 1734 Episco-

198 1748 260 1779 pus
286 1735 384 1771 habet
407 1736 659 1783 Praerogativam
680 1739 745 1773 ioci
767 1739 800 1773 &
827 1740 981 1774 honoris.
1005 1742 1087 1773 Haec

197 1787 242 1820 est
265 1785 484 1829 antiquiffima
506 1789 611 1820 forma
624 1788 714 1820 istius
732 1787 882 1821 Ecclefiae
895 1811 903 1819 .
931 1788 965 1821 Si
977 1798 1084 1822 tamen
1100 1755 1104 1835 i

198 1836 416 1877 Episcopatus
452 1834 618 1880 originem
654 1837 771 1880 spestes
801 1861 811 1877 ,
849 1837 1085 1874 Cameracensis

196 1884 245 1917 vest
270 1883 358 1927 prior
379 1885 413 1919 &
433 1883 586 1929 dignior.
614 1885 718 1934 Qod
741 1894 849 1922 autem
869 1887 902 1921 in
913 1889 1085 1931 omniejus

198 1933 341 1969 DEoecefi
373 1934 614 1970 Sacrosanstum
649 1937 892 1971 Sacramentum
915 1938 1083 1972 circumfe-

198 1995 287 2021 ratur
306 1995 382 2018 cum
405 1987 575 2020 numerosa
595 1987 752 2021 sacrarum
774 1987 962 2032 Imaginum
975 1999 1010 2021 ac
1025 1988 1084 2023 Re-

198 2034 375 2078 liquiarum
397 2046 538 2078 pompa,
563 2035 608 2070 est
631 2036 784 2070 omnium
808 2036 913 2071 oculis
937 2039 1080 2081 explora-

198 2084 353 2118 tiffimum
368 2109 375 2115 .
403 2082 491 2118 idem
513 2087 674 2119 servatum
698 2086 822 2129 pridem
847 2087 911 2122 fuit
937 2088 971 2121 in
996 2087 1084 2122 Dioe·

195 2134 255 2167 cest
283 2145 321 2167 ac
341 2133 516 2169 Provincia
528 2135 758 2170 Mechlinienfi
772 2161 779 2168 .
795 2135 981 2172 'Catholica
998 2136 1083 2178 apud

196 2183 313 2228 Belgas
335 2183 413 2217 fidei
445 2197 482 2219 ac
506 2185 670 2229 sapientiae
694 2185 782 2220 sedes
803 2186 849 2219 est
868 2187 969 2221 Alma
992 2186 1086 2221 Uni-

197 2235 325 2268 verfitas
362 2233 604 2269 Lovanienfis:
644 2235 755 2270 Etiam
791 2236 858 2278 ipsa
881 2237 915 2271 in
940 2236 1085 2281 pluribus

196 2281 454 2328 processionibus
479 2285 601 2328 semper
626 2285 829 2319 circumtulit
851 2311 861 2327 ,
889 2288 922 2321 δε
938 2287 1083 2320 constan·

201 2343 249 2367 ter
263 2333 470 2367 circumferre
494 2334 596 2379 pergit
610 2346 684 2368 cum
698 2335 827 2370 sublimi
850 2335 911 2370 isto
922 2334 1084 2379 Myfferio

198 2383 301 2417 sacras
314 2378 476 2426 Imagines
485 2408 494 2417 .
506 2383 655 2418 Eremitae
667 2383 871 2429 Augustinen
878 2388 923 2420 ses
936 2386 1082 2420 ibidem&

198 2432 300 2465 tribus
322 2431 441 2466 saeculis
467 2431 589 2468 habent
600 2435 728 2469 Sacram
743 2435 885 2470 Carnem
899 2459 909 2476 ‚
937 2435 968 2469 in
985 2447 1082 2479 quam

196 2481 284 2525 apud
304 2478 470 2515 Zelandiae
492 2482 766 2528 Middelburgum
790 2487 945 2519 conversa
958 2485 1019 2519 fuit
1032 2487 1083 2520 Sa·

195 2532 362 2566 crosanesta
390 2531 557 2565 Historia.
587 2532 630 2567 Et
642 2533 741 2575 ipsam
753 2535 931 2576 quotannis
944 2536 1083 2568 circum-

195 2582 307 2616 ferunt
338 2591 416 2615 cum
448 2579 585 2616 solemni
610 2594 649 2618 ac
687 2582 805 2616 devota
843 2584 1043 2626 proceffione
1068 2608 1076 2618 .

195 2631 301 2674 Ipsam
325 2628 473 2674 probavit
493 2632 527 2667 ὅ(
551 2631 762 2666 confirmavit
781 2643 920 2677 magnus
940 2633 994 2666 ille
1007 2634 1080 2668 Car-

195 2680 318 2715 dinalis
345 2679 493 2724 Julianus
515 2681 694 2715 Caesarinus
711 2705 722 2721 ‚
748 2681 766 2715 ὸ.
794 2682 912 2718 Latere
938 2682 1080 2726 Eugenii

1149 199 1286 239 inclytam
1318 203 1554 235 Frater-nitatem
1586 204 1728 243 Corporis
1755 201 1870 243 Christi
1894 211 2031 243 Conven-

1150 257 1200 281 tus
1224 252 1368 282 Fratrum
1394 253 1594 286 Eremitarum
1614 255 1643 284 5.
1672 251 1819 295 Augustini
1841 258 1951 294 Oppidi
1976 262 2030 292 Lo.

1152 303 1272 331 vanien.
1301 300 1453 339 Leodiens.
1481 300 1609 340 Dioeeefis
1634 300 1917 344 repraesentantibus
1939 305 2029 347 salu-

1150 358 1209 381 tem
1228 353 1262 379 in
1288 352 1370 381 Dom.
1399 351 1447 381 Ad
1463 361 1498 383 ea
1520 362 1587 393 quae
1609 350 1718 389 Chr-isli
1742 353 1890 386 Fidelium
1902 352 2030 396 salutem

1151 396 1308 440 respiciunt
1329 397 1453 431 libenter
1476 401 1660 433 intendimus
1673 425 1683 440 ,
1711 402 1818 443 illaque
1827 402 2030 447 prosequimur

1146 447 1306 489 favoribus
1327 455 1518 489 opportunis.
1548 449 1699 483 Exhibita
1716 449 1857 493 liquidem
1875 454 1960 486 nobis
1974 462 2031 495 pro

1148 505 1237 541 parte
1263 497 1370 534 vestrae
1398 502 1909 541 Fraternitatispetitiocontinebat
1930 504 2034 546 ‚quod

1152 557 1215 579 cum
1235 551 1268 578 in
1294 547 1372 579 diuo
1400 551 1560 580 conventu
1585 550 1754 588 Monasierii
1783 555 1930 585 Fratrum
1956 557 2033 587 Ere·

1152 603 1293 628 mitarum
1319 596 1420 629 santii
1452 597 1600 640 Augustini
1628 601 1737 631 Domus
1765 601 1954 641 Lovanienfis
1980 614 2033 637 re·

1148 651 1283 689 periatur
1309 650 1422 687 Corpus
1445 650 1564 680 Domini
1591 647 1689 686 Nostri
1716 648 1797 692 Jesu
1819 650 1925 690 Christi
1948 662 2032 687 tran·

1147 695 1311 741 smutatum
1337 698 1371 729 <vt
1396 696 1698 738 transsubstantiatum
1719 703 1751 728 tn
1772 710 1875 732 verum
1901 706 2031 742 Corpus,

1137 744 1186 792 ξύ·
1211 748 1384 790 sanguinem
1404 744 1534 788 eiusdem
1557 770 1567 785 ,
1592 752 1638 778 cui
1651 752 1682 777 1'n
1705 747 1911 781 exhibitionem
1939 751 2032 785 debiti

1138 793 1270 828 'honoris
1299 806 1333 827 ac
1356 802 1533 832 reverentia*
1564 798 1666 828 eadem
1695 800 1886 831 Fraternitas
1915 806 1946 832 in
1972 798 2032 846 qua

1151 843 1301 887 utriusque
1306 843 1401 889 sexus
1426 845 1533 885 christi
1554 848 1695 889 Fideles,
1722 848 1852 888 Clerici,
1881 852 2035 891 Lanu&

1154 895 1319 933 Presbyteri
1337 894 1426 936 fimul
1449 902 1480 927 in
1511 897 1663 928 devotione
1695 901 1769 929 uniti
1792 899 1825 931 (ν’
1845 898 1955 939 astricta·
1975 906 2035 932 exi·

1149 945 1230 983 fiant
1248 946 1308 976 una
1334 956 1398 979 cum
1424 946 1584 978 Fratribus
1597 946 1671 978 dtc‘t'i
1681 949 1877 986 Conventus,
1907 947 2031 990 aliisque

1152 994 1267 1027 devotis
1295 995 1476 1035 Presbyteris
1503 997 1536 1028 (θ’
1559 994 1693 1037 personis
1725 995 1808 1037 soliti
1829 996 1902 1039 sunt
1930 1000 2036 1031 Solem-

1151 1055 1217 1076 nem
1241 1045 1430 1085 proceffionem
1461 1056 1526 1078 cum
1563 1049 1689 1086 Corpore
1710 1049 1858 1080 Dominico
1872 1048 1912 1088 fic
1931 1048 2035 1091 trans·
2083 1063 2087 1065 ⁴

1149 1092 1342 1136 substantiata
1358 1094 1463 1135 facere
1489 1097 1523 1131 (θ’
1549 1101 1716 1128 continuare
1743 1101 1775 1127 in
1805 1097 1948 1130 Parochia
1960 1100 2038 1132 san-

1152 1144 1192 1175 δῖι·
1213 1147 1295 1177 Petri
1321 1143 1450 1187 ejusdem
1487 1146 1599 1185 Oppidi
1629 1145 1823 1188 Lovanienfis
1845 1171 2036 1183 ..........

1154 1197 1230 1225 Cum
1249 1201 1348 1227 autem
1365 1218 1376 1233 ,
1409 1194 1484 1235 ficut
1525 1196 1628 1227 cadem
1661 1200 1767 1237 petitio
1798 1195 1995 1243 subiungebat
2022 1222 2034 1240 ‚

1149 1240 1299 1287 plerisque
1324 1243 1505 1288 temporibus,
1529 1250 1561 1276 in
1587 1245 1663 1276 dicqo
1686 1247 1744 1278 loco
1770 1257 1807 1279 ex
1834 1248 1943 1279 divina
1967 1258 2033 1290 ope-

1154 1298 1268 1326 ratione
1293 1292 1362 1336 visa
1397 1293 1471 1338 sunt
1508 1296 1656 1327 Miraeula
1690 1295 1760 1336 fieri
1790 1305 1880 1335 prout
1898 1298 1978 1338 fiunt
2003 1303 2035 1331 in

1154 1344 1216 1375 dies
1243 1366 1255 1383 ,
1288 1352 1411 1384 propter
1435 1346 1514 1385 quod
1537 1345 1653 1377 devotio
1679 1346 1787 1384 Populi
1813 1353 1908 1389 magis
1943 1358 2036 1379 accre-

1147 1391 1226 1434 scit,
1253 1391 1411 1437 corpusque
1438 1395 1622 1437 Qominicum
1643 1399 1674 1426 in
1699 1403 1787 1428 tanta
1810 1397 1917 1435 majori
1929 1394 2038 1429 babea-

1151 1450 1199 1474 tur
1224 1450 1414 1477 reverentia.
1442 1443 1536 1476 Nobis
1556 1443 1621 1486 fuit
1647 1443 1801 1477 humiliter
1820 1443 2038 1488 supplicatum,

1150 1499 1183 1523 ut
1203 1503 1260 1531 ea,
1287 1503 1353 1533 quae
1377 1494 1422 1526 ad
1444 1503 1632 1537 augmentum
1658 1497 1761 1526 divini
1789 1497 1896 1528 Cultus
1910 1519 1920 1533 ‚
1936 1496 2038 1529 &Do-

1133 1519 1251 1572 iminici
1276 1544 1413 1582 corporis
1448 1547 1480 1574 in
1507 1542 1643 1574 honorem
1670 1554 1704 1575 ac
1727 1552 1932 1577 reverentiam
1953 1545 2037 1588 gesta

1146 1589 1242 1633 sunt,
1268 1599 1338 1623 rata
1362 1601 1454 1633 atque
1474 1600 1568 1632 grata
1596 1590 1721 1630 habere,
1750 1594 1959 1625 Fraternitati
1985 1605 2040 1628 've-

1133 1648 1137 1678 ι
1145 1639 1215 1680 strae
1241 1640 1378 1681 deinceps
1401 1639 1495 1682 supra
1508 1639 1677 1682 hujusmodi
1682 1643 1848 1680 proceffione
1861 1648 2039 1676 continuari·

1133 1687 1190 1720 ‘da
1216 1690 1364 1721 licentiam
1392 1691 1426 1722 (5
1451 1689 1657 1720 auc‘loritatem
1683 1695 1836 1730 impartiri
1855 1703 1947 1731 atque
1973 1704 2036 1726 con·

1148 1740 1247 1769 cedere
1261 1762 1270 1776 ‚
1299 1740 1332 1770 Cu·
1359 1744 1392 1768 in
1414 1740 1568 1778 praemiffis
1588 1742 1750 1778 opportune?
1765 1744 1929 1779 providere
1941 1743 1977 1774 de
1989 1744 2038 1777 be-

1148 1791 1295 1829 nignitate
1316 1785 1410 1825 nostra
1437 1788 1647 1829 dignaremur.
1675 1793 1743 1821 Nos
1756 1795 1845 1830 igitur
1856 1797 1908 1833 qui
1920 1796 1954 1822 in
1961 1801 2036 1833 par—

1149 1845 1208 1869 tem
1228 1834 1429 1877 solicitudinis
1450 1839 1586 1877 deputati
1606 1835 1734 1885 salutem
1759 1839 1869 1878 Christi
1884 1841 2035 1877 Fidelium

1148 1885 1272 1927 intensis
1299 1886 1449 1928 defideriis
1476 1886 1648 1928 affec‘iamus
1673 1913 1682 1928 ‚
1717 1889 1848 1922 volentes
1874 1895 1964 1923 etiam
1991 1892 2035 1924 dt·

1148 1942 1258 1968 vinum
1285 1938 1431 1975 Cultum,
1458 1943 1651 1979 quantumin
1675 1939 1759 1970 nobis
1785 1938 1844 1980 est,
1873 1941 2032 1981 amplt'are‚

1148 1985 1252 2024 'vestris
1273 1984 1542 2028 supplicationibus
1568 1993 1600 2019 in
1622 1986 1676 2019 bac
1694 1996 1787 2029 parte
1818 1999 1972 2032 tamquam
1985 2003 2034 2024 ra-

1148 2031 1515 2076 tionabilsbus'tnclinatr‚
1543 2048 1577 2069 ea
1598 2035 1695 2068 omnia
1723 2040 1755 2070 (9⁶
1775 2036 1888 2082 singula
1899 2049 2030 2082 quaeper

1148 2085 1275 2125 vestram
1302 2089 1537 2119 Fraternitatem
1557 2092 1589 2118 in
1622 2090 1729 2120 Divim‘
1764 2090 1872 2121 Cultus
1893 2101 2033 2133 augmen-

1145 2142 1209 2169 tum
1234 2146 1268 2167 ac
1294 2138 1433 2177 Corporis
1458 2140 1603 2169 Dominiei
1622 2143 1820 2169 reverentiam
1844 2139 2028 2173 &honorem

1141 2182 1212 2225 st‘cut
1231 2185 1399 2227 praefertur
1416 2186 1497 2228 gesta
1518 2185 1613 2228 sunt,
1640 2195 1708 2218 rata
1730 2186 1874 2223 habentes
1901 2213 1911 2228 ,
1936 2198 2029 2232 atque

1141 2244 1234 2279 grata
1258 2259 1267 2273 ,
1290 2236 1447 2276 praedieiae
1469 2235 1574 2274 vestra·
1601 2235 1858 2277 Confraternitatt
1884 2239 1920 2270 de
1946 2249 2028 2272 caete-

1139 2289 1178 2317 ’ro
1197 2283 1322 2327 singulis
1349 2291 1439 2317 annis
1464 2309 1470 2316 .
1496 2310 1502 2317 .
1597 2293 1652 2326 per
1673 2293 1766 2318 totum
1792 2289 1946 2328 Oppidum
1973 2292 2028 2322 Lo-

1147 2332 1288 2376 vaniense
1317 2333 1486 2375 hujusmodi
1510 2336 1704 2375 proceffionem
1732 2346 1797 2368 cum
1820 2339 1945 2378 Corpore
1966 2340 2023 2370 Do-

1146 2388 1252 2416 minico
1277 2394 1313 2415 ac
1344 2384 1529 2417 Sanstarum
1559 2384 1785 2423 Reliquiarum
1824 2386 2024 2428 deportatio-

1147 2445 1210 2472 ne,
1236 2431 1358 2474 aliisque
1383 2439 1553 2466 ceremoniis
1579 2433 1612 2467 Θ
1637 2431 1876 2474 solemnitatibus
1905 2441 1937 2468 in
1956 2439 2026 2471 tall·

1146 2483 1201 2516 bus
1223 2481 1289 2525 fieri
1315 2480 1481 2524 consuetis,
1501 2481 1640 2522 faciendi
1669 2484 1702 2516 (τ
1720 2486 1916 2517 continuandi
1927 2510 2023 2520 .....

1144 2541 1241 2565 tenore
1263 2533 1457 2574 praeftntlum
1478 2532 1600 2574 plenam
1627 2533 1660 2565 (9
1685 2535 1881 2566 omnimodam
1891 2538 2023 2569 concedi-

1144 2594 1210 2615 mus
1228 2582 1410 2623 facultatem
1427 2604 1437 2619 ,
1462 2581 1690 2615 contradictione
1714 2593 1897 2627 quacumque
1907 2591 1940 2618 in
1950 2597 2023 2621 con·-

1144 2637 1271 2664 trarium
1296 2643 1354 2664 non
1379 2630 1510 2670 obstante
1530 2655 1536 2661 .
1578 2633 1690 2663 Datum
1719 2632 1843 2673 Bafileae
1868 2636 1919 2667 die
1945 2637 2022 2669 deci·

1143 2693 1193 2713 ma
1219 2679 1319 2720 mensis
1337 2682 1424 2726 Julii
1455 2692 1538 2713 anno
1561 2682 1680 2714 Domini
1704 2682 1848 2722 millesimo
1875 2685 2019 2726 quadrin-

196 2729 262 2766 IV.
287 2729 466 2765 Pontificis
487 2740 569 2764 tunc
589 2730 734 2776 Legatus
759 2741 816 2773 per
835 2742 968 2767 omnem
996 2732 1080 2766 Ger·
1136 2728 1288 2776 gentefimo
1315 2729 1455 2772 triga-fimo
1468 2735 1576 2769 tertio,
1603 2731 1759 2764 indn‘lione
1770 2732 1929 2765 undecima
1941 2736 2018 2767 Pon-

193 2780 339 2814 maniam
350 2802 360 2818 ‚
371 2780 404 2815 &
416 2779 532 2814 Praeses
547 2780 693 2816 Concilii
709 2780 888 2815 Bafiliensis
899 2807 909 2823 ‚
922 2781 1028 2816 adhuc
1039 2782 1080 2816 le-

195 2829 306 2875 gitimi
320 2854 327 2861 .
341 2829 443 2876 Qod
455 2830 560 2874 ipsum
572 2831 648 2866 fecit
659 2831 809 2875 Ioannes,
820 2842 900 2868 tunc
919 2832 1077 2868 Leodien·

195 2881 234 2914 fis
259 2879 463 2923 Episcopus.
493 2880 678 2915 Lovanium
702 2881 791 2915 enim
818 2892 897 2916 tunc
909 2891 975 2917 erat
989 2882 1086 2917 istius

193 2926 368 2965 Dioeeefis.
397 2929 584 2975 Originalia
607 2928 798 2973 Diplomata‘
822 2931 948 2968 exstant
971 2934 1003 2966 in
1022 2933 1076 2966 Ar·

192 2976 294 3013 chiro
331 2980 454 3023 praefati
490 2980 700 3015 Lovanienfis
726 2981 920 3016 Monasterii
944 3008 951 3015 .
991 2983 1075 3016 Con·

191 3028 364 3063 firmarunt
389 3039 429 3063 ac
455 3029 632 3073 probarunt
658 3029 741 3065 hanc
768 3032 1078 3069 solemnem‘Sacra-

192 3077 298 3113 menti
338 3079 569 3120 proceffionem
597 3083 854 3123 cum‘expreffo
883 3083 1041 3115 mandato
1065 3107 1077 3122 ,

193 3138 231 3162 ut
267 3127 457 3163 Sanctorum
496 3130 655 3174 Reliquiae
693 3132 757 3164 una
796 3131 1076 3176 circumgestaren-

191 3184 244 3212 tur
278 3201 285 3209 .
324 3177 419 3223 Juvat
453 3179 628 3227 adjungere
664 3181 819 3226 majorem
848 3182 1077 3227 Diplomatum

195 3237 338 3272 partem.

1141 2780 1269 2822 tifica'tus
1282 2780 1449 2820 Sanc‘lissimi
1475 2785 1508 2812 in
1531 2779 1646 2819 Christo
1671 2783 1773 2811 Patris
1800 2804 1810 2819 ,
1835 2783 1869 2814 (9·
1899 2785 2018 2817 Domini

1141 2829 1226 2867 nostri
1259 2833 1379 2863 Domini
1409 2831 1538 2876 Eugenii
1568 2831 1679 2864 divina
1699 2830 1895 2872 providentia
1922 2835 2015 2875 Papae

1141 2883 1197 2917 17.
1221 2891 1299 2912 anno
1325 2879 1425 2914 tertio.

1181 2933 1324 2974 Joannes
1352 2933 1407 2964 Det
1445 2931 1477 2964 (9·
1504 2927 1666 2970 Apostolicae
1701 2930 1783 2962 Sedis
1804 2936 1909 2972 gratia
1938 2935 2016 2966 Leo·

1141 2979 1245 3022 dienfis
1273 2977 1437 3022 Episcopus
1456 3003 1465 3019 ‚
1494 2976 1634 3018 universis
1655 2976 1763 3014 Christi
1793 2981 1947 3014 Fidelibus
1970 2983 2018 3016 ad

1141 3041 1211 3072 quos
1244 3028 1409 3073 praesentes
1436 3052 1443 3059 .
1574 3029 1704 3062 salutem
1731 3033 1763 3061 in
1789 3037 2013 3064 vero-omnium

1129 3081 1274 3113 salutari
1299 3105 1306 3113 .
1345 3083 1426 3112 Inter
1451 3082 1557 3110 varias
1580 3076 1783 3121 solicitudines
1819 3081 1926 3122 quibus
1951 3082 2009 3122 affi-

1139 3131 1194 3164 due
1225 3141 1262 3163 ex
1294 3129 1388 3162 debito
1417 3127 1575 3167 Pastoralts
1612 3127 1692 3168 officii
1870 3131 2009 3163 immeriti

1134 3177 1322 3221 praefidemus
1349 3177 1439 3218 noster
1465 3179 1599 3220 undique
1609 3178 1814 3220 circumseptus
1826 3179 1863 3216 est
1874 3185 2007 3213 animus.

1119 3209 1198 3264 iIlla
1219 3226 1386 3271 praesertim
1413 3224 1512 3267 insidet
1537 3228 1617 3260 cordi
1643 3227 1734 3266 nostro
1759 3237 1792 3260 ut
1816 3239 1851 3261 ea
1876 3250 2006 3262 .......

233 3278 384 3321 Julianus
410 3275 594 3320 miseratione
616 3282 727 3316 divina
740 3282 855 3316 sanc'Iae
866 3285 1011 3315 Romame
1023 3284 1078 3316 Ec·
1120 3265 1124 3286 Ι
1142 3278 1334 3323 obsequuntur
1359 3277 1489 3318 operibus
1502 3301 1512 3318 ,
1533 3278 1567 3310 (5
1594 3278 1637 3309 ad
1647 3280 1756 3310 Divint'
1765 3278 1860 3311 cultus
1873 3289 1906 3310 ac
1918 3281 1945 3312 C
1947 3278 2008 3312 hri-

187 3325 272 3367 clefiae
308 3329 334 3359 5.
359 3328 459 3371 angeli
483 3329 627 3364 Diaconus
653 3332 831 3365 Cardinalis
855 3337 888 3364 in
915 3335 1077 3366 Germania

186 3376 349 3423 Apostolicae
368 3378 452 3412 Sedis
480 3381 625 3423 Legatos.
656 3381 778 3416 Dilecta
805 3382 896 3416 nobis*
910 3387 944 3416 in
964 3381 1077 3423 cbristo

1136 3328 1174 3369 sti
1200 3330 1348 3364 Fidelium
1371 3328 1536 3360 devotionis
1562 3335 1750 3372 augmentum
1767 3325 1949 3368 prospiciunt
1960 3339 2006 3362 ne-

1141 3380 1214 3413 dum
1240 3378 1340 3419 nostris
1359 3400 1469 3412 ......
1489 3373 1550 3421 sed
1565 3379 1599 3413 (ιτ
1624 3375 1744 3419 futuris
1771 3375 1856 3410 ant‘la
1872 3382 2005 3458 tethort·

1920 3436 1955 3459 us
