2366 3736
131 2220 204 2274 Lib„

128 2296 198 2329 cap.

363 151 457 197 154

889 133 1526 183 DISSERTATIO

315 217 517 261 descendentis
529 217 716 260 adpraelium
725 238 736 253 ,
753 214 787 246 (²1
799 219 980 249 remanentis
991 216 1038 248 ad
1040 213 1180 258 sarcinas
1191 230 1199 251 :
1214 224 1221 255 ι
1262 215 1327 248 {iat
1339 215 1378 250 ad
1394 216 1480 255 solos
1493 217 1603 251 Duces
1613 240 1620 248 .
1647 209 1841 262 Expugfiata
1852 216 1864 262 ζ
1877 218 2027 266 adeoque
2040 220 2074 258 δι
2087 222 2144 258 mi.

314 273 362 307 Et
374 267 505 309 fimiliter
518 269 657 301 divident
669 288 676 294 .
704 265 734 295 Ε
736 271 747 292 t
762 262 883 303 fadum
894 265 930 304 est
940 265 990 299 hoc
1001 277 1040 298 ex
1052 267 1099 297 die
1111 266 1164 301 illa
1189 291 1201 311 ,

315 321 349 370 φ
362 321 493 360 deinceps
505 317 685 355 constitutum
703 314 735 345 (α
744 313 926 354 praefinitum
937 338 947 353 ,
966 317 1007 351 &¹
1018 315 1101 357 quafi
1107 317 1157 349 lex
1168 323 1202 351 in

316 367 409 411 Jsrael
428 365 516 410 usque
542 371 571 396 in
583 365 660 395 diem
674 361 765 396 hanc.
801 362 854 400 Ad
868 375 938 406 quae
951 364 1046 398 verba
1060 365 1202 402 scribunt

314 419 398 460 apud
421 415 570 449 Sanssum
594 413 839 456 Hieronymum
854 414 1045 454 quaestiones
1060 416 1112 448 seu
1134 425 1200 450 tra-

314 467 455 501 ditiones
476 462 644 496 Hebraicae
655 475 666 495 .·
692 473 757 495 cum
785 470 817 497 in
830 467 950 498 Latinis
963 465 1117 499 Codicibus
1127 466 1201 509 lega·

261 543 271 549 Ι
313 524 363 550 tur
381 514 461 556 (affin
484 510 627 555 quosdam
635 511 787 555 substitiffe
805 516 851 547 ad
854 512 992 555 sarcinas
1006 539 1017 554 ,
1045 516 1079 549 (τ
1101 521 1133 548 in
1153 518 1201 550 He-

231 2244 282 2281 ¹7·

231 2294 276 2332 27

313 566 391 598 braeo
412 562 558 596 habeatur
564 562 654 604 jussos
665 562 750 606 fuiffe
761 572 795 595 ut
817 562 971 604 residerent
983 567 1028 597 ad
1038 567 1058 598 5
1059 571 1179 599 artinas
1193 579 1200 598 ε

1265 264 1391 307 serrime
1407 267 1585 310 exspoliata
1597 266 1661 301 fuit
1671 266 1764 301 bellis
1776 267 1926 305 civilibus
1938 271 2053 306 infelix
2068 273 2146 308 Cre-

1265 324 1362 349 mona
1379 339 1391 357 ,
1416 326 1513 360 atque
1524 317 1600 350 ideo
1612 317 1654 351 de
1664 318 1824 351 exercitus
1836 319 1931 355 Duce
1941 323 2046 366 pergit
2055 322 2145 357 idem

1265 363 1449 401 Historicus
1467 377 1474 397 :
1503 370 1647 402 Antonius
1667 369 1782 409 pudore
1794 368 1927 411 flagitii,
1951 371 2146 416 crebrescente

1265 416 1406 456 invidia,
1432 416 1554 457 edixit,
1579 427 1616 454 ne
1637 423 1704 460 quis
1726 416 1938 461 Cremonenses
1948 428 2084 462 captivos
2097 424 2146 457 de-

1265 469 1373 501 tineret
1385 490 1392 498 .
1420 469 1600 508 Irritamque
1623 467 1768 501 militibus
1788 470 1931 511 praedaem
1942 468 2076 509 effecerat
2086 476 2148 505 Ita-

1263 514 1315 548 liae
1336 513 1490 558 consensus
1503 539 1513 554 ,
1540 522 1716 558 emptionem
1737 519 1845 551 talium
1869 525 2081 561 mancipiorum
2092 523 2149 556 σαί·

1249 535 1252 601 i
1259 561 1434 607 spernantis
1446 590 1453 597 .
1472 567 1573 598 Occidi
1583 575 1693 607 coepere
1705 591 1712 599 .
1739 570 1831 610 ‚Quod
1840 569 1890 602 ubi
1900 574 2014 602 enotuit
2023 594 2034 611 ,
2045 572 2065 602 ἂ
2079 573 2148 604 Pro-

313 617 405 647 Locus
427 611 473 646 bic
495 611 636 652 monstrat
661 614 839 646 Hebraicam
865 620 1022 647 veritatem
1033 615 1083 647 boc
1093 617 1150 648 loco
1156 615 1201 659 se-
1249 609 1252 635 f
1259 619 1399 657 pinquis,
1413 615 1610 660 Affinibusque
1621 618 1727 650 occulte·
1738 619 2023 661 redemptabantur.
2047 621 2148 657 Nem·

310 670 363 705 qui
388 662 513 702 debere,
539 673 604 704 quae
628 669 683 697 non
694 662 796 705 luffa,
818 661 878 705 sed
896 664 987 706 juffos
1000 676 1148 698 remanere
1160 668 1205 699 ad
1264 663 1303 707 pe
1323 663 1382 698 ista
1404 666 1592 708 spoliorum
1604 666 1674 705 Lex
1700 666 1872 703 obtinebat
1894 670 1928 703 in
1952 670 2036 704 solas
2057 669 2149 705 Civi-

306 715 449 749 Sarcinas
472 714 543 745 dicit
560 711 666 757 ῙῖιιζίῙστ
697 716 746 745 Ait
758 718 837 744 enim
849 718 913 744 ita:
941 716 1051 756 AEqua
1059 718 1134 756 pars
1144 723 1201 750 erit

310 761 510 805 descendentis
533 764 579 794 ad
591 762 733 796 Praelium
747 763 781 795 Θ
794 770 976 797 remanentis
988 765 1032 797 ad
1041 766 1178 799 sarcinas
1191 791 1197 798 .

309 817 383 846 Non
404 818 473 852 ait,
499 817 550 853 qui
566 813 643 852 Laffi
664 810 868 854 remanserunt
888 813 931 844 ad
952 815 1096 848 Sarcinas
1111 839 1121 855 ,
1142 814 1201 858 sed

307 862 459 906 absolute,
486 867 669 895 remanentis
693 862 737 894 ad
755 863 893 895 sarcinas
907 887 914 896 .
942 865 1027 906 ‚Quia
1040 864 1134 906 silaffi
1157 878 1188 899 re

308 912 489 955 manfiffent,
517 911 600 945 nulla
613 917 656 949 eis
670 911 824 948 deberetur
834 914 871 948 de
877 916 997 954 praedis
1007 920 1106 957 portio
1118 940 1126 948 .
1154 916 1195 949 Et

279 997 286 1004 ,
308 963 342 998 in
369 963 613 1009 Qaestionibus
635 962 675 996 ad
692 961 810 995 librum
825 964 965 1005 primum
982 963 1114 1009 Regum
1128 965 1195 1001 scri-

309 1014 357 1048 bit
373 1012 628 1046 Theodoretus:
659 1013 798 1047 ducentos
821 1018 904 1048 viros
917 1037 927 1054 ,
953 1020 1005 1056 qui
1019 1026 1058 1048 ex
1078 1021 1194 1050 itineris

307 1059 391 1106 cursu
413 1071 498 1100 erant
523 1061 635 1103 infirmi
649 1087 659 1104 ,
684 1061 812 1105 manfiffe
836 1064 909 1097 dicit
933 1066 1061 1106 Aquila,
1089 1065 1193 1108 quibus

300 1114 432 1156 quidam
453 1113 577 1155 improbi
590 1113 742 1146 noluerunt
753 1112 882 1147 tribuere
889 1121 1011 1154 partem
1022 1120 1192 1152 convenien-

305 1171 367 1197 tem
381 1188 387 1194 .
414 1164 473 1196 Sed
483 1162 719 1203 Rexjustiffimus
732 1186 743 1203 ‚
768 1174 826 1196 non
836 1161 931 1205 solum
944 1173 1012 1197 tunc
1022 1166 1107 1197 dedit
1121 1189 1131 1205 ,
1140 1163 1197 1208 sed

306 1219 397 1248 etiam
418 1214 509 1256 legem
519 1212 661 1252 constituit
672 1237 684 1253 ,
712 1222 746 1246 ut
768 1212 935 1255 quiferunt
945 1215 1085 1248 Sarcinas
1095 1221 1190 1248 acim-

303 1266 478 1305 pedimenta
490 1288 500 1304 ,
528 1265 562 1297 (a
583 1263 669 1305 apud
688 1274 723 1296 ea
734 1271 874 1305 manent,
900 1265 1044 1307 aequalem
1064 1263 1192 1301 babeam

301 1322 424 1356 partem
444 1325 509 1351 cum
530 1319 573 1347 eis
584 1311 715 1355 quisunt
727 1319 759 1346 in
769 1319 831 1346 acie
842 1338 849 1350 ,

355 1362 589 1399 Theodoretus
601 1362 750 1398 adfirmat
764 1363 844 1400 duo.
873 1362 1006 1406 Prim63
1021 1363 1109 1408 quod
1124 1376 1190 1399 non

293 1413 364 1452 ,soli
386 1425 440 1456 per
454 1412 596 1459 Regiam
618 1412 791 1455 jussionem
805 1436 816 1453 ,
843 1411 896 1447 sed
908 1413 1007 1447 etiam
1019 1414 1064 1448 ob
1075 1414 1191 1450 iaffitu-

303 1463 417 1498 dinem
442 1473 498 1498 aut
526 1461 750 1500 infirmitatem
762 1473 967 1498 remanentes
979 1462 1018 1497 ad
1046 1464 1193 1499 Sarcinas

303 1513 445 1550 debeant
464 1524 505 1549 ex
530 1512 673 1548 Davidis
689 1511 803 1548 Edicto
817 1511 935 1548 habere
957 1514 1112 1556 aequalem
1125 1515 1192 1557 spo-

302 1563 422 1600 liorum
448 1573 590 1606 partem.
619 1560 772 1597 Secunde>
794 1587 805 1603 ,
830 1561 918 1607 quod
942 1561 1029 1597 idern
1053 1564 1103 1607 jus
1126 1564 1193 1597 Da-

302 1614 360 1647 vid
385 1614 528 1649 sanxerit
549 1612 756 1656 portantibus
778 1612 923 1646 Sarcinas
944 1623 1001 1648 aut
1020 1613 1082 1648 alia
1095 1615 1191 1658 impe·

301 1663 449 1700 dimenta
459 1687 468 1695 .
492 1661 540 1698 At
551 1661 628 1699 vere>
640 1663 773 1698 Sanctus
783 1662 1014 1707 Hieronymus
1025 1688 1036 1704 ,
1048 1664 1097 1698 vel
1110 1664 1191 1699 alius

301 1715 502 1758 quicumque
525 1712 670 1757 Scriptor
689 1735 701 1754 ,
736 1713 846 1749 censet
870 1713 1035 1749 Davidem
1057 1714 1192 1749 sanxisse

301 1775 362 1807 pro
387 1763 464 1801 solis
482 1760 728 1798 remanentibus
749 1772 804 1805 per
824 1762 966 1806 Regiam
992 1763 1163 1807 juffionem
1185 1789 1191 1796 .

300 1812 511 1849 Theodoreti
535 1812 694 1848 sententia
716 1810 762 1845 est
785 1810 926 1847 omnino
949 1812 1191 1849 vero-similior.

292 1862 437 1904 Etenim
455 1862 608 1897 Davidisr
621 1861 770 1897 Edictum
792 1873 833 1895 ex
846 1862 928 1898 laffis
939 1862 1101 1898 militibus
1113 1864 1193 1896 sum-

298 1914 362 1958 pfit
384 1913 572 1957 originem,
598 1910 750 1945 &sanxit
767 1910 810 1946 de
833 1912 976 1953 cunffls,
1003 1912 1061 1948 nifi
1084 1914 1189 1949 forsan

299 1965 370 2002 line
390 1963 528 2007 juffione
550 1962 717 2002 autvenia
741 1971 794 2005 per
815 1961 981 2006 ignaviam
994 1964 1191 1998 remanenti-

300 2014 362 2048 bus
374 2038 381 2046 .
408 2010 580 2061 Qidquid
592 2012 627 2047 fit
637 2036 648 2052 ,
676 2012 864 2055 Spoliorum
876 2011 996 2055 justitia
1009 2012 1055 2046 est
1070 2013 1110 2047 de
1121 2024 1188 2048 om-

298 2063 336 2108 ni
354 2063 506 2108 gentium
530 2062 599 2105 jure
616 2061 897 2099 &consuetudine
914 2085 921 2095 .
953 2062 994 2097 Et
1006 2062 1073 2105 ipsa
1088 2064 1186 2097 etiam

299 2112 450 2158 probavit
474 2112 631 2148 Ecclefia.
661 2111 792 2147 Etenim
815 2112 856 2147 de
878 2111 1123 2148 Ascalonitanae
1134 2113 1188 2146 Ci-

300 2164 414 2206 vitatis
448 2174 503 2206 per
524 2162 638 2196 Sacros
660 2161 788 2197 Milites
812 2163 1060 2205 expugnatione
1083 2162 1189 2195 scribit

302 2212 504 2247 Guilielmus.
527 2210 712 2254 Tyriorum
737 2209 1034 2254 Archi-Episcopus
1057 2224 1068 2244 .·
1095 2215 1190 2254 Magi.

299 2263 356 2302 ster
366 2264 487 2297 Militiae
505 2260 628 2302 templi,
657 2261 834 2294 Bernardus
859 2261 896 2293 de
918 2261 1099 2300 Trennelai,
1127 2262 1190 2293 cum

280 2310 285 2316 ’
300 2312 450 2359 fratribus
469 2310 553 2354 fisis,
578 2312 648 2344 alios
677 2319 749 2343 ante
772 2311 862 2345 multi)
880 2316 1104 2351 prevenientes
1126 2311 1187 2342 adi-

304 2374 370 2397 tum
391 2369 606 2404 occupaverant
619 2384 629 2399 ‚
657 2367 802 2393 neminem
816 2358 873 2400 nist
880 2362 916 2392 de
923 2358 988 2402 suis
1002 2365 1116 2393 intrare
1125 2370 1178 2402 per

306 2418 461 2447 mittentes
475 2437 482 2443 .
511 2414 574 2442 Eos
594 2418 695 2443 autem
709 2410 764 2442 hac
774 2411 935 2443 intentione
954 2411 1131 2455 dicebantur
1142 2423 1188 2442 ar-

305 2475 367 2497 cere
379 2486 390 2503 ,
417 2470 558 2504 quatenus
567 2466 662 2501 primi
673 2461 874 2505 ingredientes
880 2458 978 2502 spolia
991 2473 1039 2492 ma
1036 2463 1107 2500 jora
1120 2484 1129 2499 ‚
1157 2462 1190 2493 Θ

305 2512 466 2547 manubias
491 2510 663 2543 obtinerent
681 2510 832 2543 uberiores
856 2534 863 2541 .
890 2514 977 2544 Nam
995 2517 1026 2542 in
1052 2511 1189 2542 violenter

306 2562 436 2603 effrac‘lis
447 2559 565 2594 urbibus
579 2561 615 2592 id
623 2557 767 2591 halfenus
778 2561 863 2602 apud
873 2571 923 2591 nos
932 2561 1055 2604 prolege
1065 2561 1190 2592 obtinuit

306 2610 498 2655 consuetudo,
525 2617 558 2642 ut
580 2610 658 2651 quod
671 2607 791 2652 quisque
814 2611 983 2652 ingrediens
998 2608 1053 2650 fibi
1075 2617 1157 2651 rapit
1180 2634 1190 2649 ‚

307 2665 343 2696 id
356 2662 411 2703 fibi
431 2663 465 2694 o·
486 2658 655 2693 baeredibus
671 2657 734 2701 suis
753 2668 898 2701 perpetuo
903 2661 976 2699 jure
982 2660 1138 2701 poffideat.

357 2711 514 2746 Notanda
538 2711 610 2744 sunt
625 2708 739 2744 verba:
766 2714 803 2743 In
813 2710 958 2743 violenter
968 2707 1098 2750 effraliis
1110 2709 1191 2742 urbi·

306 2762 381 2802 bus,
409 2763 467 2795 (π.
493 2760 546 2794 Est
570 2760 703 2802 antiqua
714 2760 940 2799 consuetudo,
962 2760 1061 2793 etiam
1076 2760 1191 2793 Genti·

305 2813 386 2846 lium
401 2812 630 2845 Romanorum
644 2834 650 2841 .
679 2810 771 2843 Hinc
783 2808 990 2852 Imperatoris
1005 2808 1189 2852 Vespasiani

305 2863 432 2896 Milites
453 2860 672 2895 adversantem
686 2858 745 2892 fibi
758 2859 956 2894 Cremonam
978 2858 1138 2893 violenter
1151 2858 1192 2893 de

308 2913 401 2945 nocie
422 2912 595 2954 irrumpere
617 2908 797 2943 ambientes
817 2933 827 2948 ‚
855 2909 1029 2944 Cornelius
1050 2909 1191 2943 Tacitus

309 2962 343 2995 iu
371 2963 466 2994 tertio
480 2962 687 2994 historiarum
703 2959 785 2993 libro
798 2958 924 2992 inducit
936 2957 1000 2991 hoc
1012 2959 1114 2992 modo
1126 2959 1190 2992 col-

141 3010 218 3055 Cap.
242 3020 294 3058 19.
311 3011 478 3053 loquentes
490 3023 497 3041 :
526 3010 603 3052 Posse
623 3011 777 3042 Coloniam
786 3008 971 3050 planbst'tam
981 3014 1092 3049 impetu
1104 3015 1184 3050 capi.

310 3063 393 3094 Idem
411 3062 543 3092 audaciae
562 3068 618 3101 per
642 3058 780 3092 tenebras
798 3058 1027 3100 irrumpentibus
1042 3082 1051 3097 ,
1077 3060 1190 3091 &ma-

309 3112 406 3153 jarem
435 3110 572 3150 rapiendi
594 3111 760 3142 licentiam.
788 3110 879 3152 ,Quod
894 3108 921 3151 fi
937 3109 1027 3141 lucem
1038 3114 1190 3149 opperian-

311 3170 382 3199 tur,
403 3160 473 3199 jam
493 3166 597 3198 pacem
611 3182 622 3198 ,
642 3161 710 3199 jam
717 3167 839 3199 preces,
863 3160 958 3200 &pro
969 3158 1189 3191 taboreovul-

311 3209 430 3244 neribus
452 3208 633 3240 clementiam
656 3210 690 3241 eb·
704 3209 830 3250 gloriam
854 3215 959 3241 inania
976 3209 1105 3241 laturos.
1132 3210 1190 3240 Sed

1263 722 1344 747 tates
1357 713 1503 752 barbaras
1514 740 1526 759 ‚
1552 728 1620 751 non
1636 716 1669 749 in
1690 716 1859 752 Romanas
1871 743 1878 751 .
1906 719 2085 754 Animabat
2098 721 2148 755 so-

1262 763 1292 797 la
1302 763 1382 807 justa
1397 764 1499 805 bella,
1510 778 1576 801 non
1590 765 1712 802 Civilia
1723 790 1734 807 ,
1745 766 1872 811 aliaque
1883 768 1999 811 injusta
2010 795 2018 803 .
2041 770 2146 817 Qod

1261 823 1377 850 notent
1398 813 1576 854 Christiani
1598 816 1789 860 PrincipeS,
1815 828 1954 861 quorum
1977 818 2059 854 bella
2071 820 2147 854 sunt

1259 864 1387 900 civilia.
1416 865 1460 900 Et
1483 866 1558 900 vide
1583 866 1792 911 paganorum
1814 867 2146 912 justitiam&aequam

1258 914 1491 950 conscientiam
1504 941 1511 948 .
1536 915 1672 959 Injustas
1686 916 1802 960 praedas
1815 929 1915 951 nemo
1925 918 2027 952 Italus
2038 919 2145 953 voluit

1257 974 1379 1000 emere.
1408 964 1452 999 Et
1474 966 1514 999 de
1527 965 1723 1010 Imperatore
1734 967 1878 1007 Severo,
1905 967 2144 1011 Ctifiphontem

1257 1013 1342 1056 apud
1365 1014 1503 1049 Parthos
1524 1027 1755 1061 expugnante,
1782 1018 1890 1051 scribit
1914 1017 2027 1052 AElius
2049 1018 2146 1055 Lam-

1259 1062 1397 1106 pridius:
1424 1067 1551 1099 severus
1573 1067 1715 1108 oppidum
1737 1073 1811 1108 cepit
1834 1092 1844 1108 ,
1870 1071 1979 1111 Regem
1994 1066 2143 1111 fugavit,

1253 1113 1397 1154 plurimos
1408 1118 1559 1149 interemit
1568 1141 1579 1157 ,
1601 1118 1786 1151 Donativum
1798 1117 1941 1152 militibus
1954 1119 2144 1161 largiffimum

1258 1164 1343 1195 dedit
1361 1188 1371 1204 ‚
1400 1165 1524 1208 conceffa
1543 1169 1738 1208 omnipraeda
1753 1169 1864 1209 Oppidi
1877 1167 2034 1208 Parthici,
2060 1169 2145 1210 quod

1257 1213 1369 1247 milites
1388 1215 1562 1256 quaerebant
1575 1239 1582 1249 .
1609 1216 1652 1250 Et
1673 1217 1715 1251 de
1727 1217 1888 1252 Romanis
1899 1218 2092 1261 Capsensem
2107 1218 2142 1253 in

1258 1262 1418 1298 Numidia
1446 1264 1578 1300 Urbem
1600 1266 1835 1310 cingentibus,
1861 1279 1899 1300 ac
1914 1267 2043 1303 tandem
2056 1267 2143 1301 dedi-

1257 1313 1348 1347 tione
1370 1314 1627 1357 occupantibus,
1655 1315 1765 1350 scribit
1779 1317 1811 1349 in
1825 1315 2039 1360 Jurgurthino
2052 1315 2143 1350 bello

1256 1362 1387 1406 Crispus
1409 1364 1584 1399 Salustius:
1612 1366 1763 1407 Oppidum
1789 1365 1939 1408 incensum
1957 1390 1968 1406 ,
1994 1367 2142 1400 Numidae

1253 1413 1381 1454 puberes
1406 1413 1557 1455 intersedit
1570 1438 1581 1455 ,
1609 1416 1663 1447 alii
1686 1426 1784 1447 omnes
1809 1416 2005 1457 venumdati,
2029 1417 2143 1459 praedae

1257 1462 1400 1495 militibus
1424 1462 1545 1505 divisa.
1575 1465 1615 1495 Id
1627 1463 1752 1503 facinus
1776 1474 1878 1497 contra
1883 1468 1940 1506 jus
1956 1465 2024 1499 belli
2042 1490 2054 1506 ,
2082 1467 2139 1501 &a

1257 1513 1383 1555 Nempe
1401 1513 1489 1557 quod
1516 1511 1648 1547 hostiles
1665 1513 1764 1547 etiam
1785 1514 1999 1549 Barbarorum
2021 1516 2141 1549 civita-

1256 1572 1327 1602 (ες,
1353 1563 1430 1595 dum
1456 1563 1487 1595 se
1500 1562 1643 1604 dedunt,
1666 1563 1863 1607 spolientur.
1893 1566 1934 1598 Et
1958 1567 2041 1599 inter
2063 1566 2139 1609 Julii

1257 1611 1388 1645 Caesaris
1411 1613 1548 1646 crimina
1574 1613 1748 1647 Svetonius
1763 1614 1980 1658 Tranquillus
1992 1614 2058 1648 haec
2071 1615 2143 1649 scri·

1262 1661 1309 1695 bit
1323 1675 1334 1696 .·
1363 1661 1567 1703 Lusitanorum
1579 1664 1719 1705 qua-dam
1731 1667 1854 1706 Oppida
1866 1688 1876 1704 ,
1892 1675 2077 1707 quamquam
2090 1675 2140 1698 nec
2156 1681 2228 1716 Lib·
2257 1692 2287 1719 ¹·

1257 1717 1406 1753 imperata
1428 1713 1650 1753 detrellarent‚
1679 1714 1712 1749 (9
1732 1716 1917 1747 adventanti
1937 1723 2045 1756 portas
2056 1723 2139 1757 pate-

1247 1762 1391 1807 facerent
1406 1787 1416 1803 ,
1442 1764 1569 1804 diripuit
1579 1762 1736 1802 hostiliter.
1764 1767 1801 1795 ln
1814 1765 1916 1797 Gallia
1920 1764 2004 1805 fana
2015 1766 2140 1806 templa-

1255 1823 1309 1853 que
1329 1815 1425 1845 Deum
1449 1814 1533 1845 donis
1554 1812 1665 1855 refuta
1676 1814 1828 1855 expilavit
1841 1837 1851 1852 ,
1876 1813 1970 1848 Urbes
1983 1814 2102 1847 diremit
2129 1827 2139 1848 ε

1255 1862 1370 1903 saepius
1398 1862 1432 1895 ob
1454 1864 1612 1907 praedam,
1638 1865 1728 1905 quam
1754 1863 1788 1896 ob
1812 1864 1965 1911 deliduxm.
1995 1863 2139 1899 Proinde

1254 1909 1409 1946 dedentes
1429 1912 1461 1947 se
1473 1913 1565 1950 urbes
1576 1913 1736 1947 destruere
1749 1938 1759 1953 ,
1785 1924 1841 1949 aut
1856 1915 1957 1947 mutis
1967 1913 2081 1948 orbare
2091 1914 2138 1947 est

1255 1961 1354 2005 longe
1378 1966 1509 2005 gravius
1529 1963 1650 1996 crimen
1665 1986 1676 2004 ,
1702 1964 1802 2006 quam
1817 1964 1897 2007 ipsas
1910 1964 2066 2007 spoliare.
2095 1964 2139 1998 Et

1254 2011 1294 2044 de
1305 2010 1450 2056 Neronis
1462 2012 1662 2046 facinoribus
1676 2011 1772 2046 habet
1787 2012 1873 2045 idem
1895 2013 2039 2056 Scriptor
2051 2026 2062 2048 .·
2075 2017 2140 2047 Ne·

1254 2072 1285 2093 ro
1305 2062 1437 2102 Neapoli
1462 2062 1499 2094 de
1519 2060 1600 2094 motu'
1622 2063 1793 2095 Galliarum
1814 2068 1948 2105 cognovit
1973 2086 1986 2099 ,
2012 2064 2139 2106 adeoquo

1254 2112 1332 2145 lente
1344 2109 1489 2153 &severe
1501 2112 1570 2143 tulit
1582 2135 1592 2150 ‚
1619 2121 1651 2142 ut
1671 2113 1834 2155 gaudentis
1847 2118 1940 2145 etiam
1946 2110 2139 2155 suspicionem

1250 2160 1399 2200 praeberet
1411 2185 1421 2199 ,
1447 2170 1592 2201 tanquam
1605 2161 1743 2202 occafione
1756 2171 1830 2192 nata
1836 2160 2063 2204 spoliandarum
2064 2166 2139 2203 jure

1253 2209 1321 2241 belli
1345 2210 1620 2250 opulentissimarum
1644 2213 1869 2244 Provinciarum
1893 2238 1899 2244 .
1929 2211 2140 2247 Rebellantes

1253 2258 1331 2302 ergo
1350 2252 1449 2293 etiam
1471 2258 1652 2292 Provinciae
1673 2259 1691 2291 a
1706 2258 1868 2292 Romanis
1881 2261 2102 2302 spoliabantur
2127 2274 2138 2304 ;

1254 2308 1371 2353 nempe
1391 2309 1471 2345 dum
1496 2308 1656 2344 violenter
1678 2307 1832 2344 deberent
1855 2311 1966 2346 reduci
1986 2311 2027 2346 ad
2059 2311 2140 2346 obe-

1253 2359 1411 2392 dientiam
1423 2385 1431 2392 .

1303 2409 1344 2443 Et
1363 2408 1440 2442 hinc
1455 2408 1559 2443 oritur
1572 2408 1673 2451 prima
1688 2409 1822 2452 quaestio
1834 2421 1874 2443 an
1888 2409 1967 2444 tales
1978 2409 2138 2447 Civitatis

1252 2459 1506 2502 exspoliationes
1531 2460 1649 2492 liceant
1662 2458 1857 2493 Christianis
1871 2461 1902 2493 in
1916 2458 2138 2496 Christianos?

1253 2509 1343 2543 Dico
1368 2508 1548 2548 Christianis
1569 2515 1602 2541 in
1625 2508 1810 2548 Christianos
1834 2534 1842 2542 .
1871 2509 2050 2543 Praesertim
2073 2514 2136 2542 Ca·

1253 2558 1366 2593 tholicis
1385 2568 1418 2592 in
1443 2559 1609 2591 Catholicos
1635 2583 1641 2590 .
1670 2558 1803 2591 Etenim
1826 2558 1916 2603 quod
1937 2559 2137 2596 Christianis

1255 2611 1287 2642 in
1317 2609 1491 2643 Saracenos
1517 2621 1553 2641 ac
1568 2608 1700 2642 Turcos
1713 2608 1847 2647 liceant,
1878 2608 1942 2651 jam
1954 2607 2139 2643 audivimus

1252 2658 1269 2691 a
1282 2659 1464 2692 Gnilielmo
1477 2658 1586 2700 Tyrio
1598 2683 1606 2691 .
1623 2659 1663 2692 Et
1676 2657 1742 2698 jure
1755 2658 1871 2691 merito
1882 2683 1889 2689 .
1917 2658 2049 2692 Etenim
2064 2659 2139 2693 Bar-

1253 2707 1321 2741 bari
1347 2708 1397 2741 isti
1419 2709 1462 2741 ita
1487 2710 1619 2741 tractant
1634 2706 1834 2742 Christianas
1845 2708 2010 2741 civitates.
2039 2709 2136 2756 Qin

1254 2758 1357 2791 immo
1378 2758 1520 2801 ipsorum
1542 2757 1612 2793 Lex
1627 2756 1726 2791 habet
1749 2771 1759 2792 .·
1787 2759 1988 2800 ,Qua-cumque
2010 2761 2136 2792 Civitas

1252 2817 1424 2851 oppugnata
1438 2833 1448 2847 ‚
1467 2807 1553 2849 ferro
1564 2815 1652 2849 capta
1657 2807 1695 2849 sit
1708 2831 1718 2847 ,
1736 2813 1766 2840 in
1777 2819 1812 2840 ea
1824 2810 1962 2840 Graecam
1977 2805 2134 2847 Ecclesiam

1252 2861 1368 2890 omnini
1391 2859 1505 2890 nullam
1529 2860 1680 2900 relinqui,
1707 2866 1758 2890 aut
1771 2857 1884 2897 exslare
1894 2856 1993 2890 debere
2007 2880 2014 2888 .
2039 2856 2134 2891 Hinc

1253 2908 1309 2942 sub
1329 2908 1470 2951 Jeremiae
1493 2906 1717 2941 patriarchatu
1743 2907 1773 2941 ἀ
1796 2907 1980 2944 Solimanni
1994 2905 2134 2949 Imperio

1253 2953 1385 3001 quidam
1407 2968 1522 2991 omnes
1534 2956 1908 3000 Constantinopolitanae
1919 2956 2060 2990 civitatis
2071 2955 2134 2990 Ec-

1252 3007 1360 3041 clefias
1384 3007 1607 3047 Christianas,
1635 3008 1803 3050 ipsumque
1824 3004 2039 3040 Patriarchale
2050 3006 2136 3049 pala-

1251 3058 1334 3092 tium
1356 3058 1549 3092 censuerunt
1575 3057 1753 3095 diruenda,
1781 3056 1914 3099 quando
1926 3055 2037 3090 urbem
2050 3056 2135 3092 dice-
2199 3088 2201 3091 ⁴

1250 3118 1320 3141 rent
1341 3107 1359 3142 ὲ
1379 3108 1576 3142 Mahomete
1600 3107 1693 3152 Rege
1710 3106 1801 3140 fuiffe
1824 3106 1855 3139 vi
1885 3106 2098 3148 interceptam
2125 3129 2135 3139 .

1250 3158 1360 3206 Qam
1373 3159 1497 3192 cladem
1514 3169 1549 3191 ut
1563 3155 1741 3191 Christiani
1753 3155 1926 3189 evaderent
1941 3180 1951 3197 ‚
1964 3155 2033 3200 post
2044 3158 2134 3191 osto-

1233 3212 1340 3254 Jginta
1364 3219 1504 3251 quatuor
1523 3207 1542 3242 ὲ
1563 3218 1597 3240 re
1619 3208 1698 3240 facta
1711 3216 1815 3241 annos
1827 3205 2008 3240 debuerunt
2021 3206 2136 3249 proba-

2154 1743 2223 1777 cap.
2249 1743 2306 1781 54.

2205 2041 2323 2096 40¹

310 3268 378 3302 opes
401 3255 632 3296 Cremonenfium
653 3261 686 3288 in
702 3257 764 3296 sinu
779 3258 988 3299 Praefedlorum
1000 3261 1188 3300 Legatorum-
1233 3267 1282 3291 {re
1294 3281 1305 3297 ,
1332 3258 1421 3301 quod
1444 3257 1550 3292 humili
1573 3257 1739 3295 deditione,
1769 3267 1826 3289 non
1837 3257 1969 3289 violenta
1979 3264 2130 3298 expugna·
2147 3264 2225 3310 Cap,
2242 3266 2299 3304 21',

311 3321 368 3352 que
383 3308 466 3350 fore.
498 3310 692 3349 Expugnatae
703 3307 783 3340 urbis
794 3309 932 3348 praedam
944 3310 987 3340 ad
997 3309 1103 3341 milites
1120 3309 1186 3346 ,de-
1232 3312 1325 3354 itione
1349 3308 1508 3342 venissent
1531 3309 1565 3340 in
1587 3305 1791 3339 servitutem.
1822 3306 1868 3339 Ita
1892 3305 1991 3340 habes
2013 3306 2046 3339 in
2072 3303 2135 3338 Pa-

311 3362 386 3392 ditae
407 3358 449 3391 ad
460 3361 554 3391 Duces
573 3362 721 3397 pertinere
734 3381 741 3388 .
769 3358 858 3403 Qia
873 3357 988 3400 nempe
1000 3367 1187 3400 expugnata
1231 3356 1458 3413 {triarcharum
1473 3355 1917 3398 Constantinopolitanorum
1939 3352 2133 3390 Ecclefiasti·

311 3408 404 3442 datur
425 3407 522 3442 militi
544 3406 577 3439 in
598 3406 765 3448 rapinam,
792 3409 901 3441 dedita
924 3408 1048 3441 Civitas
1062 3408 1188 3450 pacisci·
1231 3418 1285 3447 ,εει
1308 3407 1379 3449 post
1406 3416 1626 3451 expugnatam
1653 3404 1784 3439 Urbem
1807 3405 1938 3439 historia
1957 3428 1968 3444 ,
1998 3403 2132 3447 vulgata

310 3465 381 3499 tur,
407 3469 443 3493 ac
463 3458 495 3493 se
513 3454 667 3498 redimit,
691 3455 725 3489 &
749 3467 848 3492 omne
870 3457 952 3493 illud
971 3458 1112 3503 pretium
1125 3458 1187 3502 spe·
1232 3450 1235 3482 ὗ
1248 3467 1304 3503 per
1315 3456 1499 3494 Matrinum
1512 3454 1678 3492 cxufium.
1706 3454 1755 3492 At
1781 3454 1857 3492 vero
1869 3452 2043 3490 Christiani
2061 3463 2134 3496 oms

2006 3512 2084 3545 nes,
