2366 3736
538 94 622 139 DE
673 92 1083 139 NhRAcutoso

185 189 275 221 trus,
301 178 555 223 Amalphitanus
579 178 897 222 Archi-Episcopus,
923 177 1063 212 &sanni

188 229 311 264 Leonis
344 231 401 264 lX.
433 231 473 265 ad
505 230 765 263 Constantinum
798 227 1063 262 Monomachum

188 278 416 322 Imperatorem
436 280 470 313 &
504 278 907 321 Constantinopolitanam
932 277 1062 311 Ecclesi-

188 339 240 362 am
263 341 321 372 pro
343 329 578 374 componendo
600 327 774 362 Michaelis
797 326 1065 361 CerulariiSchis-

189 388 278 413 mate
299 380 466 425 Legatus.
492 380 536 413 Et
555 379 617 412 isso
639 378 741 412 dubio
764 379 980 420 perseverante
994 388 1065 419 prae·

190 428 320 472 sumpsit
345 440 494 474 peragere
507 426 724 463 Sacrificium.
753 427 854 474 Qod
875 437 953 461 tunc
966 428 1065 460 sacro—

190 479 296 514 sausta
316 480 436 515 Hostia
463 480 561 514 fuerit
593 480 648 521 ipsi
682 478 715 511 in
736 487 903 511 cruentam
925 474 1065 519 {carnem

191 530 364 564 transversa
384 554 396 570 ,
428 529 561 564 testatur
594 529 628 561 in
660 527 775 561 litteris
798 526 838 560 ad
862 526 1065 559 Desiderium

192 579 383 613 Caffinenfis
404 579 597 613 Monasterii
620 577 784 611 Abbatem
809 577 930 609 sanstus
952 576 1065 609 Petrus

27 432 100 469 Lib.
114 437 153 464 Ι.

22 483 124 525 Epist.

25 532 74 571 18.

192 628 348 662 Damiani
363 653 373 669 ‚
395 629 428 663 ὅ(
442 630 616 675 adjungit:
644 627 871 660 Ubtnoeandum
898 625 956 666 est,
978 637 1068 666 quam

187 677 224 718 fit
249 682 378 711 immane
387 682 565 720 periculum,
593 679 724 720 indignis
749 676 887 708 manibus
908 674 1068 708 attrec‘lare

165 740 167 744 ’
191 734 255 760 tam
283 729 409 762 terribile
425 731 664 763 sacramentum.
698 726 825 760 Eodem
847 736 993 767 tempore
1007 726 1067 757 sce-

192 777 292 811 lerata
313 779 430 813 mulier
442 780 482 813 ad
505 777 658 822 patranda
672 777 706 810 in
731 774 894 818 proprium
919 775 1068 808 maritum

192 828 351 862 maleficia
363 831 486 873 accepit
507 827 738 863 Eucharistiam
752 850 758 857 .
789 826 831 858 Et
843 824 884 858 de
897 821 957 857 hac
970 825 1068 858 etiam

193 877 233 910 ad
254 880 395 913 eundem
411 879 613 914 Desiderium
638 876 744 910 scribit
760 874 845 908 idem
864 874 982 908 Petrus
1006 875 1069 907 Da-

193 927 294 962 miani
317 941 324 960 :
364 933 513 962 Dominici
539 933 680 969 corporis
702 925 857 965 particula
882 928 1008 957 inventa
1034 924 1069 964 est

192 976 283 1021 usque
307 980 549 1011 admedieratem
576 984 607 1010 in
633 986 753 1008 carnem
781 973 946 1016 conversa,
974 974 1070 1006 altera

192 1029 337 1061 medietas
360 1035 453 1070 panis
476 1028 602 1070 speciem
629 1038 686 1058 non
698 1030 843 1056 mutavit.
872 1025 940 1057 Cur
953 1023 1071 1058 medie-

193 1088 242 1113 tas
268 1079 441 1112 dumtaxat
460 1079 613 1111 conversa
634 1075 755 1117 fuerit,
783 1073 897 1107 Petrus
918 1075 973 1107 dat
997 1073 1071 1106 infi-

192 1138 292 1172 gnem
310 1128 471 1161 rationem
497 1152 503 1160 .
544 1127 597 1161 Ad
619 1125 779 1169 sequentis
803 1123 906 1156 saeculi
929 1123 1072 1157 medium

193 1177 344 1210 Coloniae
360 1178 548 1220 Agrippinae
566 1177 676 1211 evenit
700 1172 788 1218 quod
811 1173 1077 1217 habetmagnum*

194 1226 302 1271 Belgii
330 1227 543 1261 Chronicon:
572 1228 707 1270 ,Quidam
718 1237 756 1257 ex
777 1226 870 1256 Patre
886 1225 1072 1267 Judaeocon-

194 1276 280 1320 verso
306 1283 523 1311 communicans
550 1283 581 1310 in
610 1274 726 1319 Pascha
750 1276 865 1315 Corpus
903 1273 1012 1313 Christi
1042 1279 1073 1304 in

194 1338 241 1360 ore
268 1327 444 1370 deportavit
480 1330 598 1360 domum
619 1326 770 1368 festinans
790 1345 798 1353 -
834 1324 891 1356 Sed
916 1322 1072 1364 Ecclefiam

195 1377 317 1419 egreffus
343 1386 490 1417 terretur,
517 1381 550 1411 (9·
578 1377 654 1410 illud
678 1382 711 1407 in
729 1373 807 1415 foffa
829 1371 958 1415 sepelit.
998 1374 1075 1405 Ciam

195 1429 335 1459 sacerdos
358 1426 574 1470 superveniens
596 1426 702 1468 fossam
715 1429 813 1464 aperit
826 1447 836 1463 ,
866 1422 1002 1464 infantis
1006 1422 1071 1463 for-

196 1489 277 1509 mam
303 1483 483 1516 inveniens,
509 1479 553 1509 ad
580 1474 736 1515 Ecclesiam
762 1472 878 1513 deferre
903 1473 989 1505 vult.
1015 1474 1076 1505 Sed

20 935 57 974 F.
104 939 178 979 162.

194 1526 256 1560 luce
281 1529 392 1560 coelitus
419 1528 545 1569 emissa,‘
563 1529 579 1560 ἒ
604 1525 739 1558 manibus
765 1523 882 1555 elabens
906 1522 1013 1563 infans
1021 1533 1075 1555 cae-

194 1578 356 1618 lospeiiit.
381 1578 485 1626 Qod
500 1576 633 1621 quidam
657 1576 690 1608 in
708 1573 965 1606 Claromontana
979 1571 1072 1606 Dioe-

194 1627 254 1660 cesi
277 1627 437 1667 rusticus,
462 1626 541 1661 dum
563 1636 659 1669 prava
680 1623 743 1657 fide
762 1622 882 1665 accipit
901 1621 936 1655 δε
953 1624 1079 1661 tractat,

197 1676 436 1712 Eucharistiam
458 1677 563 1715 suam,
577 1674 696 1707 viderit
716 1671 938 1704 transformari
960 1671 995 1703 in
1009 1672 1078 1703 visi·

195 1726 295 1760 bilem
308 1735 464 1769 puerum,
484 1726 517 1758 δι
534 1724 551 1756 a
576 1724 702 1756 suarum
723 1730 820 1762 apum
841 1719 991 1753 examine
1003 1720 1077 1753 ado-

194 1777 281 1816 rari,
307 1777 403 1808 refert
425 1775 459 1806 in
484 1783 589 1815 primo
604 1770 644 1803 de
669 1769 843 1800 Miraculis
868 1768 952 1800 libro
966 1768 1079 1801 Petrus

32 1825 106 1861 Lib.
117 1835 151 1872 4.
195 1823 426 1862 Venerabilis,
451 1821 563 1855 Abbas
589 1818 837 1852 Cluniacenfis..
865 1816 1008 1851 Cuidam
1022 1829 1078 1850 no-

28 1876 111 1920 Cap.
124 1886 180 1922 24.
195 1874 255 1909 bili
281 1874 316 1908 in
337 1871 461 1906 Alsau'a
485 1870 589 1910 Viro,
612 1867 799 1911 Albigensis
820 1865 954 1900 Haerefis
985 1868 1077 1902 sesta-

196 1924 258 1959 toti
271 1947 282 1963 ,
306 1920 543 1956 Eucharistiam
556 1919 648 1954 fuisse
671 1918 792 1951 versam
807 1916 840 1949 in
854 1915 1078 1951 flammantem

196 1974 394 2012 carbonem,
416 1981 512 2013 atque
534 1972 577 2004 ita
599 1967 655 2012 ipsi
679 1966 845 2002 infelicem
869 1975 1009 2000 mortem
1023 1969 1081 2001 'in-

196 2023 327 2063 tuliffe,
349 2020 524 2055 Richerius
547 2016 734 2052 Monachus
748 2015 858 2050 scribit
882 2017 916 2048 in
940 2016 1078 2051 Chi-oni,

197 2087 239 2109 co
263 2074 309 2107 sui
329 2071 485 2106 Coenobii
510 2069 732 2105 Senoniensis.
762 2067 844 2099 Item
864 2065 985 2100 nobilis
996 2068 1081 2111 apud

200 2124 330 2168 Anglos
353 2121 469 2161 miles,
496 2121 528 2154 ἀ
550 2119 649 2153 durus
672 2116 879 2155 wicleffista,
901 2116 981 2149 dum
994 2117 1082 2151 Lon.

197 2174 269 2209 dini
289 2175 324 2207 in
347 2172 382 2205 P.
396 2181 481 2205 trum
503 2169 757 2203 Praedicatorum
782 2166 924 2199 Ecclesia
945 2166 1081 2202 Missam

197 2224 311 2263 audit,
333 2223 366 2256 in
379 2218 730 2256 celebrantismanibus
741 2216 823 2250 vidit
848 2215 990 2251 hostiam
1002 2228 1083 2251 con.

197 2275 279 2310 verti
303 2274 338 2307 in
362 2282 470 2305 veram
492 2281 530 2303 ac
553 2268 837 2313 sanguinolentam
861 2277 990 2300 carnem
1006 2290 1018 2308 ‚
1037 2278 1082 2301 at-

197 2335 262 2368 que
282 2325 327 2356 ita
348 2322 414 2364 ipse
437 2319 479 2354 ad
501 2330 607 2353 veram
625 2319 723 2352 fidem
744 2317 789 2350 est
815 2318 1011 2350 conversus.
1033 2318 1080 2351 Ita

198 2375 233 2408 in
254 2370 385 2416 Angliae
399 2369 578 2403 Eventibus
592 2368 698 2402 scribit
711 2367 873 2400 Henricus
885 2365 1081 2407 Conychto-

197 2433 281 2461 nus,
307 2420 498 2454 canonicus
520 2417 667 2452 Ecclesiae
687 2415 928 2450 Leicessrensis.

248 2470 459 2506 Doffiffimus
478 2479 515 2502 ac
537 2467 738 2512 graviffimus
761 2466 905 2509 Scriptor
917 2465 1080 2500 Robertus

199 2521 311 2556 Abbas
331 2518 516 2554 Montensis
539 2518 572 2552 in
597 2518 651 2550 sua
674 2515 715 2549 ad
742 2515 900 2558 Sigeberti
927 2516 1079 2549 Gembla-

198 2572 299 2608 censis
322 2568 517 2604 Chronicon
538 2565 717 2610 appendice
738 2564 871 2598 adducit
884 2562 1021 2606 plurima
1034 2566 1080 2600 is-

198 2619 356 2657 tiusmodi
378 2617 527 2659 exempla
541 2641 551 2657 ,
567 2617 601 2650 δε
628 2615 705 2649 volo
728 2614 798 2657 ejus
820 2613 913 2648 verba
926 2615 1075 2649 recitare:

199 2677 235 2706 In
261 2672 452 2705 solemnitate
475 2665 598 2710 Pascbae
621 2666 704 2707 apud
730 2663 866 2704 Castrum
892 2688 903 2704 ,
930 2668 1009 2706 quod
1033 2667 1077 2696 di-

199 2727 274 2756 citur
299 2723 384 2753 Mons
410 2729 542 2756 aureus,
568 2717 705 2759 quaedam
714 2715 814 2747 mulier
840 2713 989 2755 infamis,
1011 2726 1077 2748 cum

200 2778 343 2814 acciperet
371 2773 484 2811 Corpus
508 2769 627 2799 Domini
653 2766 820 2798 salvatoris
846 2770 879 2796 in
904 2776 952 2798 ore
972 2789 983 2805 ‚
1019 2776 1076 2798 non

196 2825 326 2867 glutivit
353 2820 454 2859 illud,
475 2819 562 2850 immo
590 2817 680 2854 tulit,
707 2817 740 2848 Q&
762 2812 860 2857 posuit
885 2820 917 2846 in
943 2813 1076 2857 arcasua

199 2873 367 2906 involutum
389 2877 493 2910 panno
517 2868 611 2899 lineo.
642 2868 718 2897 Cum
743 2874 840 2897 autem
866 2866 991 2906 quidam
1011 2869 1075 2909 Ju-

199 2927 287 2956 venis
314 2918 437 2959 amasius
450 2920 515 2955 eius
529 2922 660 2958 aperiret
672 2916 803 2948 eamdem
814 2924 914 2946 arcam
926 2938 937 2954 ‚
958 2920 1075 2947 invenit

200 2971 329 3010 HostIam
357 2973 504 3001 Dominici
521 2971 657 3008 Corporis
683 2962 918 3007 transmutatam
944 2970 976 2997 in
987 2966 1074 3007 effigie

198 3027 296 3055 carnis
325 3021 358 3053 θ
379 3017 554 3061 sanguinis.
582 3019 637 3048 Hoc
649 3021 739 3048 etiam
765 3016 870 3047 accidit
897 3021 928 3046 in
941 3003 1092 3056 quadam'

199 3072 282 3105 Villa
297 3069 419 3101 Abbatis
431 3071 458 3100 5.
473 3070 560 3100 Petri
585 3063 771 3105 Carnutenfis
785 3066 901 3097 cuidam
912 3066 1073 3104 Sacerdoti,

199 3119 271 3154 dum
295 3126 408 3152 teneret
433 3121 548 3160 Corpus
577 3120 696 3147 Domini
726 3121 757 3146 in
783 3112 919 3146 manibus
943 3113 1007 3156 suis
1033 3116 1076 3146 ad

199 3170 316 3213 Missam
330 3193 337 3200 .
360 3169 458 3200 Simile
483 3167 657 3199 miraculum
684 3166 789 3196 iterism
803 3161 921 3197 'accidit
944 3171 975 3195 in
999 3168 1073 3196 Car-

199 3217 315 3260 nutenfi
340 3214 521 3259 Episcopto,
548 3224 678 3257 tempore
705 3215 825 3247 Roberti
845 3212 982 3255 Episcopi
1004 3216 1072 3246 Bri-

199 3274 310 3307 tanni,
336 3267 412 3309 quod
434 3267 555 3307 quidam
567 3265 697 3303 Rusticus
705 3263 803 3306 posuit
813 3268 925 3305 Corpus
954 3267 1073 3296 Domini

198 3327 231 3354 in
267 3330 319 3351 ora
345 3324 448 3357 cappae
470 3314 533 3358 suae
562 3339 572 3355 ,
600 3317 633 3348 Θ
659 3314 700 3346 ibi
725 3313 864 3356 servavit
889 3314 964 3347 illud
989 3312 1074 3355 usque

198 3371 244 3404 ad
256 3377 376 3400 mortem
384 3364 490 3408 suam,
517 3366 550 3397 Θ
577 3373 645 3397 tunc
670 3365 712 3397 ibi
725 3370 882 3398 inventum
908 3363 945 3403 est
970 3370 1002 3395 in
1007 3362 1072 3404 spc-

198 3425 242 3455 cie
266 3422 384 3451 carnis.
411 3417 493 3447 Idem
505 3415 677 3446 miraculum
703 3416 808 3448 accidit
833 3414 947 3449 cuidam
958 3415 1073 3448 mulier-

273 3466 380 3506 Christ„
395 3469 474 3508 Lupi
486 3468 582 3507 Opera
596 3467 677 3497 Tom.
688 3466 742 3496 XI.

25 1577 107 1622 Cap.
123 1586 152 1613 1.

28 2077 109 2112 Lib.
122 2088 153 2123 ς.

33 2138 62 2161 a.
79 2136 179 2175 1372.

1132 91 1558 139 SACRAMENTO.
1875 72 1969 157 373

1129 180 1202 213 culae
1220 185 1251 213 in
1264 181 1414 214 Flandrla
1427 205 1437 221 ,
1464 183 1542 224 quod
1562 192 1627 215 cum
1649 180 1784 226 posuiffet
1804 187 1836 216 in
1853 185 2006 228 cistasua,

1127 230 1223 270 polica
1246 236 1361 263 invenit
1388 238 1420 263 in
1447 233 1534 275 effigie
1545 237 1646 265 carnis
1661 257 1668 264 .
1696 233 1837 266 Similiter
1847 241 1944 268 evenit
1970 240 2003 268 m

1131 285 1255 312 civitate
1282 281 1502 324 andegavenfi,
1529 293 1593 314 cum
1622 283 1746 324 quidam
1771 284 1911 316 sacerdos
1934 295 2001 317 can-

1129 336 1209 361 taret
1236 330 1370 371 Miffam,
1392 339 1466 371 puer
1487 333 1636 372 parvulus
1664 338 1805 364 intererat
1827 333 1918 375 Missa·
1932 357 1942 372 ,
1968 335 2001 366 (5

1131 379 1212 412 vidit
1239 381 1317 411 idem
1342 388 1415 421 puer
1436 389 1560 421 puerum
1571 390 1706 421 parvum
1730 381 1999 422 pulcherrimumin

1131 439 1219 461 manu
1230 430 1394 462 Sacerdotis
1417 428 1567 471 sacrantis
1579 435 1692 471 Corpus
1707 435 1850 470 Domini,
1879 435 2004 473 qulpro-

1131 479 1211 511 tim'u
1224 485 1322 511 exivit
1341 478 1427 519 foras
1441 479 1596 519 Ecclesiam
1608 503 1617 518 ,
1641 482 1771 513 clamans
1783 481 1917 513 omnibus
1929 491 2002 522 quos

1132 533 1251 561 invenit
1264 551 1275 568 ,
1301 530 1334 561 (τ
1354 530 1468 561 dicens:
1497 533 1599 562 Venite
1613 533 1644 564 (ς’
1657 532 1756 563 videte
1771 531 1920 562 mirabilia
1935 534 2002 563 Dei.

1133 582 1162 610 Ε
1165 588 1177 610 ι·
1203 583 1355 611 intrantes
1367 583 1397 609 in
1409 577 1561 618 Ecclesiam
1573 579 1648 611 nihil
1659 581 1801 613 viderunt
1809 588 1922 623 praeter
1929 578 2004 622 spe-

1132 635 1201 661 ciem
1210 634 1310 670 panis.
1339 630 1392 660 Hoc
1404 629 1483 660 idem
1495 629 1604 659 accidie
1617 631 1732 661 cuidam
1738 628 1909 671 sancliffimo
1920 627 2006 671 Pres-

1133 678 1225 717 hytero
1228 681 1326 719 juxta
1339 675 1516 719 Fiscannum
1528 702 1537 717 ,
1564 679 1635 709 dum
1647 688 1779 711 cantaret
1791 681 1904 720 Missam
1915 684 1946 711 in
1956 681 2007 712 die

1136 730 1328 761 dedicationis
1344 727 1477 766 Ecclessae
1498 725 1613 769 sanclae
1649 730 1814 760 Trinitatis
1839 727 2005 769 Piscaan

1134 784 1183 820 qui
1209 785 1334 810 mittens
1363 780 1527 810 Diaconum
1548 775 1659 818 suum,
1685 783 1805 810 vocavit
1831 776 2007 820 Episcopos,

1135 834 1185 870 qui
1211 829 1256 860 ad
1267 829 1479 860 dedicationem
1489 835 1707 867 convenerant,
1737 828 1945 868 &venerunt,
1972 829 2007 861 θ’

1138 878 1288 916 Presbyter
1315 880 1383 909 tulit
1409 883 1441 908 in
1468 877 1606 910 manibus
1630 874 1695 918 suis
1723 882 1754 909 in
1779 879 1866 910 calice
1903 882 1945 908 ita
1973 883 2008 909 ut

1135 938 1200 960 erat
1225 927 1402 966 revestitus,
1431 924 1629 968 &posuerunt
1653 926 1730 971 illucl
1751 933 1782 958 in
1800 927 1913 959 altari.
1934 934 2009 961 Haee

1130 978 1204 1019 fecit
1227 984 1327 1018 pietas
1355 979 1476 1008 Domini
1500 977 1545 1008 ad
1578 975 1812 1015 confirmandam
1833 976 1923 1017 fidem
1950 978 2011 1007 5a-=

1136 1038 1349 1061 erameniorum
1370 1025 1488 1068 suorum
1513 1031 1545 1057 in
1571 1026 1674 1065 nobis,
1694 1030 1737 1057 in.
1753 1037 1821 1067 quos
1845 1025 1922 1066 fines
1944 1024 2010 1066 ste-1

1137 1079 1264 1111 culorum
1283 1078 1488 1110 devenerunt.
1518 1073 1683 1109 Robertus
1701 1076 1810 1109 scribit
1822 1074 1888 1109 haec
1899 1074 2012 1108 omnia

1138 1127 1309 1171 contigisse
1330 1124 1370 1159 ad
1388 1124 1578 1159 duodecimi
1598 1124 1702 1158 saeculi
1725 1136 1846 1159 annum
1858 1125 2015 1169 octogena

1113 1209 1116 1211 .
1138 1190 1230 1212 mum
1244 1175 1429 1210 secundum.
1440 1175 1526 1208 Istud
1538 1175 1579 1208 de
1591 1175 1755 1218 impudica
1765 1175 1896 1208 muliere
1908 1185 2016 1207 exem-

1141 1230 1228 1272 plum
1242 1226 1335 1260 refert
1346 1225 1386 1258 ad
1399 1225 1517 1265 effidem
1526 1235 1648 1257 annum
1660 1224 1695 1257 N
1699 1224 1821 1258 icolaus
1834 1224 2018 1258 Trivettus.

1190 1277 1264 1311 Nec
1275 1277 1444 1310 dumtaxat
1466 1275 1504 1312 iu
1526 1274 1627 1307 infide
1638 1275 1797 1308 sumentes
1807 1299 1818 1314 ,
1844 1275 1896 1308 sed
1917 1274 2018 1307 etiam

1140 1327 1270 1370 quosvis
1281 1325 1380 1359 infide
1391 1326 1561 1358 “astantes
1575 1325 1696 1358 Divina
1711 1324 1863 1364 Maiestas
1882 1324 2016 1356 consue-

1142 1380 1186 1411 vit
1200 1374 1542 1411 exercere-istiusmodi
1555 1374 1676 1415 judicia
1690 1398 1698 1405 .
1726 1374 1856 1406 Etenim
1880 1373 1920 1406 de
1940 1372 2019 1406 faci-

1143 1427 1264 1462 norosis
1275 1425 1430 1459 haereticis
1445 1424 1646 1461 Donatistis,
1666 1422 1808 1457 nostram
1822 1421 2021 1456 Eucharisti-

1142 1489 1195 1511 am
1211 1477 1252 1510 ad
1267 1477 1340 1509 suos
1350 1484 1445 1508 canes
1462 1473 1706 1516 projicientibus
1718 1497 1729 1513 ,
1756 1472 1864 1506 scribit
1876 1472 1906 1505 S.
1918 1474 2021 1514 Opta-

1142 1538 1194 1561 tus
1206 1527 1382 1568 Episcopus
1393 1523 1608 1558 milevitanus
1621 1534 1628 1554 :
1649 1528 1751 1556 Canes
1764 1521 1873 1563 accensi
1881 1522 1964 1554 rabie
1975 1525 2018 1562 ip·
2035 1516 2107 1552 Lib,
2119 1530 2153 1556 2·

1118 1583 1119 1587 ’
1141 1574 1186 1618 sos
1201 1577 1338 1607 Dominus
1346 1570 1414 1615 suos
1426 1594 1436 1610 ,
1452 1571 1533 1612 wast
1538 1574 1673 1603 latrones.
1681 1571 1776 1612 sanc‘ii
1789 1575 1929 1612 Corporis
1943 1581 2018 1610 reos,
2034 1569 2107 1603 Fol.
2132 1572 2189 1616 55⁷.

1144 1629 1234 1658 dente
1243 1626 1361 1657 vindico
1373 1631 1529 1661 tamquam
1539 1620 1650 1662 ignotos
1662 1621 1696 1652 Θ·
1708 1620 1819 1651 alienos
1829 1620 1915 1652 lania
1921 1620 2017 1653 veriae‘r.

1148 1674 1299 1707 Affirmat
1310 1671 1404 1704 fuisse
1415 1670 1581 1707 Divinum
1596 1666 1755 1709 judicium
1770 1691 1777 1698 .
1806 1668 1929 1701 Nescio
1950 1670 2022 1711 quis

1146 1723 1282 1755 lfidorus
1294 1717 1556 1752 Melitinenfisin
1578 1717 1717 1750 secunda
1741 1717 1897 1751 Armenia
1921 1718 2023 1758 civis,

1145 1771 1326 1804 Severianae
1339 1767 1457 1801 haerefis
1467 1767 1598 1800 sesiator
1612 1791 1622 1806 ‚
1650 1766 1859 1800 Catholicam
1882 1778 2020 1803 uxorem

1146 1819 1327 1854 verberibus
1350 1817 1542 1851 violentavit
1563 1814 1602 1850 ad
1631 1827 1796 1859 acceptam
1822 1817 1855 1850 in
1881 1818 2024 1852 Ecclesia

1148 1868 1384 1904 Eucharistiam
1394 1866 1612 1900 evomendam
1624 1891 1634 1905 ,
1648 1867 1681 1900 ἀ
1691 1867 1868 1900 evomitam
1878 1868 2026 1902 tradavit

1148 1919 1276 1964 pessime
1289 1944 1296 1950 .
1324 1917 1426 1964 Qiod
1439 1917 1643 1950 sacrosantis:
1655 1916 1773 1958 species
1790 1917 1916 1951 Divino
1929 1918 2026 1952 lumi·
2036 1906 2114 1952 Gap·
2127 1917 2185 1954 301

1149 1982 1187 2004 ne
1206 1967 1598 2004 circumcinctaeincoelos
1621 1967 1802 2008 evolarinr,
1829 1968 1962 2000 testatur
1987 1969 2022 2003 in

1150 2019 1306 2063 spirituali
1320 2017 1459 2051 Psaros.
1474 2016 1680 2059 Sophronius
1699 2016 1884 2051 Patriarcha
1906 2017 2022 2053 Hiero.

1148 2069 1400 2113 solyminitanus
1412 2091 1419 2099 .
1447 2065 1489 2099 Et
1500 2066 1648 2109 adjungit
1660 2067 1847 2100 sceleratum
1871 2068 2024 2109 militem,

1147 2122 1202 2162 qui
1217 2118 1383 2154 Christum
1397 2116 1581 2150 Dominum
1591 2117 1697 2158 Alapa
1710 2117 1858 2159 percuffit
1871 2142 1881 2156 ,
1901 2116 2023 2152 Isidoro

1147 2170 1323 2213 apparuisse
1335 2169 1368 2201 in
1384 2166 1446 2200 haec
1459 2165 1562 2199 verba:
1577 2169 1642 2209 Ego
1653 2167 1685 2199 (55
1695 2165 1835 2208 susumus
1847 2168 2025 2200 condemna-

1148 2215 1224 2253 tifl'in
1246 2229 1335 2251 unum
1349 2215 1440 2258 fimul
1452 2214 1640 2258 supplicium.
1674 2215 1798 2250 Verum
1811 2215 1945 2250 Ifidorus
1956 2227 2025 2251 erat

1147 2267 1414 2303 exDeiElestiS.
1442 2266 1534 2299 Hinc
1547 2265 1709 2308 poenitens
1732 2265 1929 2299 seclausitin
1955 2278 2024 2301 mo-

1147 2319 1287 2354 nasterio
1299 2342 1310 2358 ,
1333 2318 1366 2351 &
1377 2326 1511 2350 omnem
1523 2317 1623 2348 vitam
1638 2314 1671 2347 in
1685 2315 1845 2348 continuo
1865 2315 1943 2347 fletu
1953 2327 2025 2350 exe-

1145 2370 1195 2414 git
1210 2392 1217 2400 .
1246 2368 1318 2401 Nec
1329 2366 1369 2400 ad
1382 2375 1586 2399 momentum
1600 2365 1722 2406 quievit
1736 2364 1812 2397 flere
1826 2389 1833 2395 .
1861 2364 1959 2407 Apud
1971 2366 2032 2399 Se-.

1146 2419 1284 2452 leuciam
1295 2417 1394 2458 Syriae
1404 2414 1533 2447 Urbem
1546 2411 1678 2455 quidam
1689 2412 1830 2454 ejusdem
1845 2413 1966 2447 haeresis
1980 2416 2023 2449 se·

1145 2470 1246 2502 stator
1268 2466 1399 2510 parabat
1430 2463 1571 2496 nostram
1595 2460 1830 2496 Eucharistiam
1868 2474 2020 2497 exurere.

1147 2517 1271 2551 Verum
1283 2517 1420 2550 reserato
1433 2512 1572 2546 armario
1583 2513 1665 2545 vidit
1677 2524 1774 2545 omnes
1788 2511 1909 2556 sancias
1920 2519 2021 2555 parti-

1143 2568 1224 2600 culus
1234 2572 1266 2599 in
1285 2563 1433 2599 culmos&
1453 2561 1552 2605 spicas
1570 2563 1746 2605 germinaffc
1759 2586 1767 2593 .
1795 2563 1908 2610 Qare
1939 2565 2019 2607 ipsas

1142 2616 1284 2659 ejusdem
1303 2612 1447 2650 civitatis
1469 2613 1648 2656 Episcopus
1667 2611 1847 2655 Dionysius
1868 2623 1944 2647 cum
1970 2622 2019 2647 εο-

1143 2667 1205 2701 tius
1225 2666 1313 2700 Cleri
1336 2666 1369 2698 δε
1392 2663 1504 2707 populi
1527 2662 1687 2696 comitatu
1709 2662 1749 2696 ad
1777 2661 1950 2696 Ecclesiam
1964 2663 2016 2696 de·
2031 2688 2061 2724 C
2177 2695 2180 2701 ,

1142 2717 1235 2756 tulit,
1265 2716 1297 2749 δε
1322 2715 1472 2748 laudatus
1495 2710 1718 2756 Sophronias:
1744 2713 1872 2743 Plurimi
1897 2723 1936 2744 ex
1965 2712 2016 2746 boc
2062 2699 2182 2739 ³P'97·

1141 2767 1279 2799 miraculo
1305 2766 1495 2803 credentes,
1530 2761 1639 2803 adJech·
1659 2760 1731 2802 sunt
1753 2759 1870 2803 sanclae
1896 2763 1929 2794 (θ’
1955 2770 2016 2796 Ca.

1140 2815 1253 2850 tholicae
1265 2813 1398 2855 Ecclesia
1408 2838 1416 2846 .
1443 2813 1567 2847 Nescio
1586 2810 1677 2853 cujus
1689 2809 1891 2844 Patochialis
1903 2812 2012 2845 Eccle-

1139 2868 1188 2900 [ιω
1208 2865 1292 2909 apud
1309 2864 1520 2900 wormatiam
1540 2861 1660 2895 Rector
1683 2859 1914 2893 Eucharistiam
1930 2862 2011 2896 ultra

1140 2917 1355 2960 praescriptum
1379 2925 1432 2959 per
1453 2915 1554 2947 sacros
1579 2910 1731 2944 canones
1753 2920 1880 2952 tempus
1902 2911 2011 2954 negle-

1139 2977 1229 3001 xerat
1252 2976 1376 2999 mutare
1399 2987 1410 3002 ,
1444 2973 1540 3003 atque
1563 2961 1606 2993 ita
1627 2960 1715 2993 illius
1733 2960 1848 3002 species
1870 2961 2009 2994 incurre-

1140 3028 1208 3051 rant
1219 3014 1440 3058 corruptionis
1452 3010 1645 3054 periculum.
1673 3008 1758 3052 Ipsas
1770 3010 1803 3043 in
1818 3020 1923 3044 veram
1934 3021 2007 3043 car-

1139 3078 1212 3101 nem
1234 3066 1326 3100 fuisse
1347 3063 1514 3098 conversas
1527 3059 1634 3094 scribit
1653 3060 1692 3093 ad
1717 3059 1938 3099 Damianum,
1956 3061 2006 3093 su-

1138 3128 1192 3150 urn
1203 3128 1244 3150 ex
1254 3118 1360 3149 sorore
1377 3122 1550 3155 nepotem,
1569 3110 1694 3143 sanstus
1710 3110 1823 3142 Petrus
1834 3110 1999 3143 Damiani.
2061 3138 2068 3147 ,

1140 3166 1298 3210 Adiungit
1317 3165 1349 3198 se
1371 3162 1402 3195 id
1415 3161 1533 3196 habere
1553 3158 1594 3193 ab
1613 3159 1742 3193 oculata
1764 3159 1842 3192 teste
1855 3183 1864 3198 ‚
1883 3158 1999 3193 Domi²
2027 3138 2149 3222 Ῑὲἀῖἁᾶ

1139 3229 1178 3250 na
1198 3217 1329 3260 Agnete
1349 3211 1574 3255 Imperatrice,
1601 3209 1697 3243 vidua
1721 3209 1857 3242 Henrici
1878 3207 1938 3240 IV.
1955 3207 1999 3241 A·
2058 3200 2089 3231 ΡΙ
2119 3214 2128 3221 ·
2149 3226 2151 3231 ν

1137 3267 1197 3300 lius
1215 3263 1300 3308 apud
1323 3262 1466 3296 Comum
1480 3258 1650 3301 Presbyter
1672 3259 1804 3292 residuas
1826 3257 2001 3292 Dominici
2024 3249 2080 3274 21·

1136 3315 1309 3360 Sanguinis
1321 3311 1490 3354 Reliquias
1502 3311 1708 3343 irreverenter
1728 3307 1862 3351 projecit
1874 3307 1905 3339 in
1921 3318 2000 3340 mar.

1137 3376 1283 3401 moreum
1296 3362 1422 3395 labrum
1443 3371 1533 3404 aquae
1553 3358 1744 3393 benedictae.
1765 3355 1928 3390 Laudatus
1944 3356 2001 3389 Pe·

1137 3427 1202 3452 trus
1227 3413 1364 3449 affirmat
1385 3421 1499 3446 omnes
1520 3409 1597 3442 labri
1613 3419 1739 3452 partes,
1761 3406 1793 3439 in
1812 3405 2002 3487 q⁰³}s²c‘02

1529 3458 1544 3491 I
1570 3458 1584 3492 i
1890 3464 1950 3487 an·-
