2366 3736
763 135 848 184 De
883 134 1194 181 Onniton
1230 134 1593 181 Paossnnrtr.

1983 151 2043 189 19

255 225 373 261 rra-soris
383 219 573 266 occisione,
598 222 766 256 saetacum
787 215 1013 253 moderamine
1037 217 1140 254 iucul-
1197 218 1346 252 mandata
1355 218 1419 258 ejus
1427 215 1622 260 spernentes,
1648 228 1707 252 non
1728 216 1819 261 casu,
1843 215 1902 261 sed
1922 201 1976 259 per
1995 220 2080 253 indu·

255 272 469 320 pataetutelae.
497 271 540 308 Et
561 271 663 316 ipsum
676 266 770 311 plene
792 277 933 313 purgant
954 277 1054 313 atque
1080 269 1140 303 ab·
1191 267 1301 308 strtam
1320 266 1513 302 homicidium
1530 268 1666 314 fecerunt
1683 293 1692 302 .
1726 268 1848 304 Canon
1881 268 2080 304 demonstrat

251 326 403 360 solvunt.
431 321 629 368 Respondeo
642 317 733 362 quod
754 326 893 364 purgent
915 327 1012 362 atque
1035 316 1139 352 absol-

251 376 375 412 vgntin
388 374 461 410 solo
477 373 622 417 humano
645 367 792 412 judicio,
819 379 890 406 non
913 368 950 402 in
975 368 1104 403 Divino
1132 392 1140 402 .

110 456 116 463 .
216 422 231 430 ‘
251 425 491 462 Etenimistam
501 419 679 455 formulam
699 417 827 462 respicit
852 429 890 453 ac
911 418 1052 462 exponit
1073 418 1139 453 hoc

77 455 150 491 hb·
175 464 207 501 5·
250 476 364 522 „mgni
378 471 489 510 Caroli
515 469 730 514 Capitulum
757 472 823 504 Fur
850 467 991 503 noevum
1012 475 1139 511 tempore

76 513 231 551 oap.190.
247 536 351 570 captus
360 521 490 565 insano,
498 542 508 560 ,
533 520 605 555 dum
627 529 672 552 res
692 517 835 560 furtivas
849 516 949 560 secum
968 526 1094 560 portat,
1112 517 1143 560 fi

242 577 339 619 fuerit
349 569 426 615 occis
422 583 472 612 us,
484 571 567 607 nulla
577 580 616 603 ex
626 568 676 602 boc
687 568 840 605 bomictdto
847 569 966 615 querela
985 567 1138 612 nascatur.

246 626 326 660 Hoc
336 623 382 659 est
398 646 411 664 2
435 619 526 658 nulla
548 619 634 664 apud
647 618 817 663 publicum
837 617 983 662 judicem
1006 620 1137 656 accusa-

244 675 295 709 tio
308 698 316 707 .
343 671 447 724 Qod
460 671 563 714 ipsum
576 670 705 707 videtur
721 669 804 704 velle
816 667 907 703 aliud
918 668 1063 711 ejusdem
1075 670 1137 704 Ca-

243 724 308 760 roli
321 724 412 768 supra
423 720 598 759 adduetum
612 719 806 765 Capitulum
819 743 827 757 .
839 718 919 758 Hoc
928 719 1016 756 enim
1030 720 1135 765 ipsum

242 775 396 810 sanciunt
408 772 570 810 Romane
583 771 661 805 item
675 768 782 815 Leges
793 793 802 806 ,
1055 769 1059 773 ’

200 818 201 821 “
294 824 428 861 Interim
440 820 604 858 adversam
628 819 826 858 seutentiam
847 830 914 856 non
927 820 1027 858 aulim
1048 817 1137 854 dam·

243 885 339 910 nare.
368 873 501 911 Etenim
516 870 574 919 ipsi
587 871 673 906 favet
685 870 785 907 eriam
797 870 953 918 Synodus
974 870 1134 906 Constan-

241 925 308 959 tini
321 922 515 965 Chliareni,
543 919 736 959 Patriarchae
758 920 1135 964 constantinopolitani.

242 974 345 1011 Hauc
366 971 578 1016 quaestionem
602 972 706 1006 versat
727 970 763 1008 in
783 980 953 1018 utramque
976 980 1098 1015 partem
1123 994 1135 1015 ,

241 1021 430 1062 aetandem
455 1019 624 1056 concludit
639 1034 650 1055 .·
676 1021 783 1064 synodo
801 1019 898 1064 vistim
919 1021 978 1062 est,
1005 1028 1036 1054 ut
1058 1021 1137 1063 qued

241 1075 294 1113 ad:
307 1075 382 1117 leges
407 1069 543 1116 Ecclefiae
561 1077 692 1110 attinet,
719 1072 754 1105 ὦ·
773 1076 826 1114 qut
844 1070 878 1116 se
902 1070 1097 1113 defendentes
1122 1095 1132 1111 ,

243 1125 342 1166 &qut
346 1130 471 1168 propter
479 1121 632 1165 publicam
654 1120 819 1161 utilitatem
831 1145 843 1163 ,
868 1122 1072 1164 deprecatione
1090 1126 1133 1154 in-

242 1173 382 1220 terpofita
408 1196 420 1214 ,
444 1173 574 1207 latrones
597 1170 809 1219 interfecerunt
832 1195 844 1213 ‚
875 1176 1044 1215 puniantur
1066 1182 1134 1218 que-

242 1224 433 1260 madmodum
443 1227 635 1267 puniuntur,
660 1227 755 1265 quiin
766 1221 840 1259 bello
866 1223 1049 1265 occiderunt.
1076 1220 1132 1255 Ad

242 1274 416 1318 inculpatae
440 1273 550 1310 tutelae
572 1272 784 1310 moderamen
806 1273 944 1318 requirit
968 1271 1132 1317 interposi-

241 1332 311 1360 tam
322 1323 586 1366 deprecationem
610 1334 619 1358 ς
645 1333 708 1365 qua
723 1321 846 1359 scilicet
857 1322 988 1357 invasus
1008 1321 1132 1355 invaso-

242 1384 312 1409 rem
324 1373 511 1417 deprecetur
524 1396 537 1411 ,
565 1381 602 1405 ut
619 1373 716 1407 cesset
729 1372 749 1405 a
762 1369 931 1405 violentia
943 1393 951 1402 .
978 1368 1085 1404 Addit
1099 1370 1132 1408 ὃς

242 1421 342 1458 aliam
361 1418 592 1453 conditionem
607 1431 619 1450 .·
644 1421 675 1450 1s
685 1426 785 1450 autem
795 1423 846 1460 qut
858 1419 1004 1455 Iatron'em
1017 1418 1130 1462 interfi-

239 1476 283 1504 cit
295 1494 307 1510 ‚
333 1469 453 1512 quando
461 1465 678 1511 poteratsuum
697 1467 886 1506 latrocinium
899 1465 1020 1513 effugere
1033 1494 1043 1510 ‚
1067 1482 1130 1502 am·

238 1521 319 1563 plius
326 1525 493 1562 puniatur.
524 1516 622 1554 Istam
647 1518 846 1553 occifionem
867 1519 1040 1564 aequiparat
1061 1531 1130 1554 non

243 1567 456 1608 solummodo
468 1567 519 1605 illi
533 1592 545 1610 ,
572 1579 636 1613 qua
647 1568 722 1615 quis
731 1568 900 1612 publicum
919 1569 1078 1607 latronem
1089 1581 1130 1604 ex

247 1620 381 1665 publica
395 1620 553 1665 potestate
566 1642 578 1660 ‚
603 1618 658 1655 sed
668 1619 770 1658 etiam
781 1619 832 1653 illi
844 1644 854 1661 ,
874 1631 938 1664 qua
950 1620 1044 1655 miles
1067 1618 1132 1655 ho-

246 1670 328 1707 stem
339 1669 495 1708 interficit
506 1671 541 1707 in
552 1668 638 1713 justo
652 1668 741 1706 bello
750 1694 759 1706 .
786 1668 933 1713 Respicit
943 1671 1056 1715 magni
1071 1670 1130 1705 Ba·

238 1720 306 1755 filii
318 1720 492 1756 Cannuem
505 1720 540 1754 in
552 1717 735 1756 canonicis
744 1719 785 1754 ad
799 1720 944 1758 sanetum
957 1719 1132 1765 Amphilo-

72 1770 151 1816 Cap.
173 1779 228 1818 13.
246 1769 360 1807 chium
372 1770 511 1806 litteris:
538 1771 691 1806 caedesm
712 1770 797 1808 bellis
811 1771 921 1813 fadus
947 1774 1057 1808 Patres
1076 1779 1133 1813 pro

244 1820 377 1860 caedtbus
389 1831 446 1856 non
458 1827 677 1863 reputaverunt
689 1844 700 1861 ,
725 1829 759 1854 ur
769 1819 845 1853 mibi
856 1821 977 1858 videtur
988 1819 1133 1869 ignosien·

245 1880 293 1906 ces
301 1872 368 1913 jis,
398 1876 448 1914 qut
461 1876 636 1914 propietate
649 1872 838 1914 &pudicitia
847 1871 1018 1905 decertant.
1043 1871 1133 1905 Reae

243 1929 345 1958 autem
352 1917 436 1964 fort&
446 1920 536 1955 babet
547 1919 692 1964 consulere
704 1945 715 1962 ,
742 1929 775 1955 ut
786 1918 915 1965 quisunt
925 1922 1064 1956 manibus
1075 1932 1133 1957 non

246 1976 353 2012 puris,
375 1969 439 2014 sola
461 1977 552 2007 mum
563 1982 710 2006 annerum
722 1978 919 2010 communione
931 1971 1100 2014 abstineant
1128 1995 1135 2007 ,

246 2018 376 2054 Laudat
395 2020 517 2061 milites
530 2042 542 2058 ,
567 2020 658 2061 quod
677 2021 847 2054 decertent
870 2029 930 2060 pro
953 2022 1074 2060 pietate
1096 2029 1134 2052 ac

246 2068 424 2112 pudicitia.
452 2068 520 2103 Eos
535 2077 643 2102 tamen
654 2066 711 2108 qui
735 2064 917 2101 humanum
939 2067 1133 2110 sanguinem

247 2118 393 2152 fuderint
424 2139 436 2157 ,
464 2115 613 2153 hortatur
634 2125 672 2148 ut
698 2114 843 2149 triennio
866 2116 897 2149 se
921 2114 1133 2150 abstineanta

242 2166 504 2200 communione.
534 2163 669 2205 Utique
694 2163 713 2198 a
736 2164 976 2198 communione
997 2165 1132 2207 perfecta

242 2215 277 2253 r&
290 2214 382 2260 plena
395 2237 407 2256 ,
431 2214 450 2253 a,
480 2213 686 2258 susceptione
704 2213 933 2248 Eucharistiae.
962 2214 1017 2250 Ut
1037 2214 1133 2250 trien—

244 2265 304 2301 nio
327 2265 390 2301 sint
409 2265 558 2300 contenti
579 2263 648 2299 sola
678 2262 902 2299 Confistentia
925 2289 933 2298 .
971 2264 1132 2309 supponit

243 2314 330 2359 ipsos
350 2325 419 2350 nou
445 2314 592 2359 indigere
620 2314 855 2350 sacramentali
889 2314 1096 2351 absolutione
1122 2340 1133 2356 ,

242 2365 388 2410 videoque
409 2375 477 2399 non
513 2365 655 2409 peccasse
676 2364 858 2400 mortaliter
885 2388 893 2397 .
919 2363 1071 2399 Eundem
1098 2366 1131 2400 in

247 2415 373 2451 sensum
385 2415 513 2457 accipio
524 2415 624 2449 santii
636 2414 749 2449 Ifidori
762 2413 934 2450 Pelufiotae
956 2415 1081 2450 litteras
1091 2416 1131 2450 ad

244 2463 427 2509 Ophelium
440 2465 704 2502 Grammaticum
717 2489 726 2498 .
752 2464 832 2500 Illos
844 2490 854 2506 ‚
880 2464 941 2509 qui·
959 2477 1019 2509 pro
1032 2466 1132 2500 incul-

245 2526 319 2559 pata
332 2517 390 2549 sua:
403 2516 475 2550 vitae
499 2515 601 2550 tutela
625 2524 790 2559 patrarunt
813 2514 1057 2556 homicidium,
1083 2515 1133 2551 his

245 2574 411 2608 comparat
423 2563 557 2599 adducta
569 2565 942 2609 Constantinopolitana
967 2566 1132 2608 synodus,

243 2614 396 2656 adeoque
405 2614 588 2649 affirmat&
601 2615 686 2658 ipsos
699 2615 881 2650 mortaliter
893 2626 962 2650 non
983 2616 1131 2660 deliquis-

246 2665 296 2701 se.
328 2664 418 2699 Istud
431 2664 608 2699 Decretum
620 2664 728 2705 exstat
736 2665 821 2712 apud
832 2666 994 2712 Joannem
1016 2666 1131 2702 Leun-

245 2715 388 2753 ,clavium
400 2714 434 2749 in
449 2715 517 2757 jure
531 2714 832 2751 Graeco-Romano.

243 2793 248 2797 .
296 2765 456 2800 Notanda
468 2766 540 2799 sunt
552 2766 667 2810 magni
682 2765 787 2801 Basilii
799 2766 840 2801 de
851 2765 1042 2801 militumin
1068 2766 1131 2801 bel·

244 2815 280 2849 lo
294 2813 485 2851 homicidiis
497 2816 616 2851 verba.-
646 2817 704 2849 Pro
710 2816 859 2859 pudicitia
894 2818 928 2851 et
946 2821 1063 2858 pietate
1083 2817 1131 2851 de·

244 2874 385 2900 certant.
414 2865 525 2899 Etiam
538 2865 661 2900 sanetus
684 2867 743 2902 Ivo
766 2865 976 2913 Carnutenfis
998 2866 1130 2908 Episco-

246 2925 304 2959 pus
318 2917 375 2950 suo
388 2916 532 2952 Decreto
545 2916 679 2951 inseruit
690 2915 778 2951 hunc
793 2916 1061 2962 Moguntinenfis
1073 2920 1131 2960 Sy-

249 2964 329 3000 nodi
344 2967 541 3000 Canonem:
568 2971 691 3008 oportet
705 2968 879 3011 diligentiae
890 2979 936 3001 eos
950 2968 1107 3001 admonere
1117 2992 1128 3008 ,

74 2431 146 2468 Lib.
166 2441 200 2477 4.

75 2485 131 2527 Ep.
144 2492 223 2520 200.

74 2681 168 2723 Folo.
175 2693 227 2720 10.

75 2959 159 2994 Part.
178 2970 229 2997 10.

72 3019 220 3056 eaP·152.
245 3015 511 3058 quihomlctdlain
522 3016 594 3050 bello
614 3025 789 3059 perpetrata
812 3018 848 3053 de
865 3016 957 3051 nihilo
979 3018 1091 3051 ducunt
1118 3041 1129 3058 ,

244 3064 420 3109 excusantes
427 3065 460 3110 se
471 3077 528 3100 non
540 3068 606 3100 ideo
617 3067 718 3109 necesse
729 3066 838 3103 babere
849 3069 887 3102 de
890 3066 1016 3112 singulis
1021 3066 1127 3108 facere

243 3122 453 3155 poenttentiam
466 3141 477 3156 ,
502 3118 533 3150 eo
541 3117 705 3161 quodjuffu
720 3119 894 3160 Principum
904 3116 1104 3159 peraHumsit
1114 3142 1125 3157 ,

248 3164 282 3197 e:
292 3167 467 3207 DeIJ'udtcio
476 3172 522 3199 tta
529 3167 651 3210 finitum
663 3193 670 3202 .
695 3169 809 3201 Scimus
821 3173 899 3202 enlm
908 3167 987 3211 quod
1013 3170 1126 3209 Detju-

246 3213 356 3246 dicium
361 3215 473 3258 semper
474 3216 584 3257 justum
595 3216 651 3258 est,
680 3219 714 3252 (⁴5
736 3219 819 3252 nulla
842 3216 1058 3261 reprehensione
1081 3219 1126 3251 dt-

243 3274 337 3306 gnum
350 3287 357 3296 .
384 3268 443 3299 Sed
450 3276 549 3301 tamen
560 3275 672 3309 oportet
687 3278 734 3301 eos
755 3267 952 3309 confiderare,
979 3273 1031 3311 qui
1050 3266 1127 3301 banc

246 3323 345 3346 necem
356 3313 502 3356 nefariam
512 3323 634 3359 cupiunt
648 3341 658 3357 ,
683 3319 783 3352 utram
789 3317 822 3362 se
846 3330 945 3352 coram
954 3320 1043 3351 oculis
1070 3321 1126 3353 Dei

245 3360 327 3404 quasi
343 3369 478 3398 innoxios
498 3366 636 3410 excusare
654 3369 755 3409 poffint
766 3393 778 3409 ,
804 3374 856 3411 qui
876 3376 998 3411 propter
1022 3373 1128 3402 avari·

246 3418 322 3445 flam
338 3435 349 3452 ³
375 3423 462 3455 atque
480 3422 599 3458 propter
628 3418 772 3459 favorem
796 3423 989 3452 Dominarum
1007 3416 1126 3461 suorum

246 3463 449 3507 temporalium
474 3474 617 3501 aeternum
639 3470 796 3503 Dominum
812 3467 1045 3513 contemserunt
1058 3492 1070 3509 ‚
1093 3470 1127 3503 (θ’

1198 317 1338 355 casualia
1357 318 1456 351 etiam
1478 315 1660 352 homicidia
1684 329 1754 354 non
1774 320 1838 353 este
1858 317 2021 359 innoxia,
2046 320 2080 353 dc

1198 367 1385 403 concludit:
1410 367 1472 403 Sed
1478 372 1555 400 inter
1563 366 1625 401 baec
1631 367 1781 411 sciendum
1791 367 1849 410 est,
1874 370 1954 411 quod
1969 380 2080 413 magna

1199 417 1342 456 distantia
1351 416 1477 457 esttnter
1488 418 1652 461 legitimum
1666 421 1832 461 Principem
1856 420 1890 452 (tr
1907 416 2081 461 sedmoficm

1198 477 1372 510 tyrannum3
1399 473 1479 501 inter
1501 478 1565 501 eum
1575 472 1626 509 qut·
1633 466 1804 509 subvertere
1812 473 1919 502 nititur
1931 467 2082 508 christia-

1199 530 1246 552 nae
1256 523 1343 560 pacis
1354 518 1606 560 tranquillitatem
1615 541 1625 556 ‚
1651 518 1684 550 (a
1695 518 1781 551 illum
1800 524 1849 559 qui
1869 524 1965 552 armis
1976 527 2080 553 contra

1198 573 1386 611 iniquitatem
1397 575 1493 603 certat
1504 566 1662 608 defendere
1674 572 1845 611 aequitatem
1856 592 1863 600 .
1893 568 2081 613 Distinguit

1197 617 1341 661 duplicia
1353 618 1436 654 bella
1447 631 1459 652 .·
1485 617 1547 652 alia
1561 628 1630 660 quae
1640 616 1681 651 ad
1691 617 1853 660 aequitatis
1873 620 2081 653 necessariam

1197 668 1444 706 defenfionem,
1467 666 1530 702 alla
1542 679 1612 711 quae
1622 667 1707 702 fiunt
1727 676 1855 711 propter
1876 668 2044 701 avaritiam
2071 691 2080 700 .

1199 718 1253 754 Ad
1273 717 1455 755 invadenda
1467 726 1523 754 aut
1548 716 1706 755 turbanda
1728 717 1837 751 aliena
1854 718 1974 762 regnass.
1994 717 2082 751 -Hu-

1196 768 1335 811 jusmodi
1345 768 1502 804 bellorum
1515 767 1659 814 gestores
1671 766 1778 811 Reges
1786 767 1925 802 affirmat
1936 767 1998 801 effe
2010 778 2082 801 non

1198 818 1364 862 legitimos
1392 818 1580 861 Principes,
1606 817 1658 853 sed
1685 816 1855 853 seditiosos
1879 826 2041 859 tyrannos
2067 840 2081 857 ,

1201 868 1395 904 Christianae
1406 868 1526 914 quietis
1537 867 1757 905 subversores.
1786 868 1913 903 Omnes
1934 866 2006 902 istic
2027 877 2080 912 pa-

1197 927 1298 955 tratas
1322 918 1424 953 caedes
1435 919 1499 953 elle
1511 918 1608 963 plena
1617 916 1798 954 homicidia
1813 942 1822 952 .

1246 969 1309 1004 Ista
1322 967 1530 1013 Moguntina
1542 968 1695 1014 synodus
1706 967 1768 1002 fuit
1781 965 2007 1010 Metropolitae
2019 966 2083 1001 Ra·

1196 1018 1271 1057 bani
1285 1020 1395 1054 Mauri
1411 1041 1418 1049 -
1447 1019 1618 1063 Integrum
1640 1017 1816 1054 Canonem
1839 1014 1941 1052 habes
1961 1016 1996 1051 in
2016 1017 2083 1060 ejus

1193 1070 1308 1108 litteris
1320 1070 1360 1104 ad
1373 1067 1597 1103 Heriboldum
1611 1069 1810 1113 Episcopum
1833 1067 2082 1102 Antifiodoren-

1195 1122 1279 1155 sem.
1310 1120 1444 1156 Sandlus
1456 1119 1514 1153 lvo
1526 1119 1655 1153 videtur
1666 1129 1736 1153 non
1749 1118 1862 1154 vidiffe
1872 1117 2044 1162 epistolam
2072 1128 2081 1149 ε

1193 1170 1314 1206 etenim
1327 1181 1395 1204 non
1418 1170 1553 1213 plenum
1576 1169 1755 1204 Decretum
1771 1192 1782 1209 ,
1808 1167 1862 1203 sed
1884 1168 1990 1202 solum
2014 1167 2083 1210 ejus

1192 1219 1428 1263 compendium
1441 1218 1538 1253 nobis
1549 1217 1685 1253 adduxit
1705 1230 1747 1253 ex
1770 1217 1954 1262 Capitulari
1980 1217 2082 1261 Regi·

1194 1269 1293 1305 nonis
1313 1267 1474 1307 Abbatis,
1502 1278 1559 1312 aut
1579 1268 1812 1309 cujuscumque
1834 1268 1986 1301 alterius.
2021 1267 2083 1300 Di-

1193 1330 1255 1360 co,
1282 1316 1498 1360 Cujuscumque
1521 1317 1666 1350 alterius.
1695 1316 1830 1349 Etenim
1856 1316 1915 1349 lvo
1954 1314 2083 1349 addidit

1194 1367 1260 1406 haec
1279 1367 1396 1406 verba,-
1423 1371 1508 1400 Inter
1516 1376 1583 1402 eum
1605 1372 1656 1412 qut
1669 1363 1844 1409 subvertere
1857 1371 1966 1398 nititur
1980 1389 1991 1405 ‚
2014 1366 2079 1400 ἀς.

1195 1419 1279 1466 Qiae
1290 1428 1358 1453 nou
1371 1418 1446 1454 sunt
1457 1416 1544 1462 apud
1556 1415 1769 1460 Reginonem
1784 1440 1791 1447 .
1819 1414 1923 1449 Porro
1946 1415 2082 1460 Regino

1198 1469 1328 1505 Canoni
1342 1467 1434 1504 dedit
1446 1466 1535 1504 hunc
1546 1466 1700 1502 titulum:
1728 1469 1775 1500 De
1784 1465 1832 1499 bis
1844 1472 1896 1509 qui
1914 1474 1972 1508 pro
1992 1465 2084 1500 nihilo
2097 1467 2196 1517 Lffiz

1196 1520 1306 1552 ducum
1316 1517 1504 1553 homicidium
1515 1523 1549 1551 ln
1570 1517 1644 1551 bello
1654 1524 1860 1558 perpetratum
1873 1542 1880 1549 .
1908 1517 1963 1548 Ex
1985 1516 2081 1558 episto·
2098 1538 2166 1573 cap.
2193 1530 2257 1575 30·

1196 1570 1228 1603 la
1239 1568 1361 1602 Rabam·
1372 1570 1417 1601 ad
1432 1566 1624 1603 Hertboldum
1636 1565 1892 1610 Anttfiodorensem
1904 1564 2083 1610 Episcopum
2163 1564 2165 1566 ¹
2248 1562 2249 1569 ¹

1197 1621 1235 1653 de
1241 1620 1350 1661 praelio
1359 1620 1403 1651 ad
1426 1622 1648 1654 Fontantacum
1665 1616 1760 1661 gesto.
1791 1617 1846 1651 Est
1870 1616 2031 1651 famosum
2044 1628 2082 1652 ac

1198 1668 1414 1704 infameillud
1427 1668 1595 1711 praelium,
1623 1668 1656 1701 in
1679 1678 1745 1711 quo
1766 1667 1929 1701 Ludovici
1952 1667 2005 1701 Pii
2021 1677 2082 1701 tres

1199 1721 1232 1754 in
1254 1719 1411 1767 Regnum
1434 1719 1621 1752 successores
1643 1716 1704 1750 filii
1726 1718 1788 1751 sese
1813 1717 1932 1752 mutuo
1954 1718 2083 1752 invase-

1198 1778 1274 1804 runt
1302 1795 1312 1811 ,
1338 1770 1372 1804 ὅ(
1410 1769 1601 1806 Francicam
1628 1778 1762 1813 gentem
1784 1768 1926 1802 atrocius
1946 1791 1957 1807 ,
1985 1769 2082 1810 quam

1199 1819 1305 1862 quivis
1318 1819 1445 1859 hostes,
1472 1818 1658 1852 abraserunt
1675 1843 1682 1850 .
1711 1818 1753 1854 Et
1766 1818 1969 1863 Moguntina
1980 1818 2085 1860 Syno-

1197 1869 1257 1904 dus
1267 1869 1418 1905 definivit
1430 1879 1545 1903 omnes
1557 1868 1628 1904 istic
1640 1878 1777 1911 patratas
1788 1870 1889 1903 cades
1902 1869 1965 1902 effe
1987 1867 2085 1910 plena

1197 1918 1399 1957 homicidia,
1425 1920 1600 1967 Qoniam
1613 1928 1734 1962 patrata
1757 1930 1825 1952 non
1851 1918 1895 1953 ob
1919 1917 2046 1961 pietatis
2070 1928 2084 1959 ¹,

1199 1970 1360 2015 pudicitiae
1381 1994 1392 2009 ,
1418 1981 1473 2004 aut
1494 1969 1630 2012 publicae
1657 1968 1901 2013 tranquillitatis
1924 1966 2084 2002 defenfio-

1200 2031 1298 2056 nem,
1324 2020 1377 2051 sed
1390 2018 1614 2054 obavaritiam
1640 2029 1677 2054 ac
1702 2020 1876 2053 fraternam
1899 2017 2059 2052 invidiam
2073 2041 2083 2050 .

1198 2066 1283 2102 Sane
1296 2066 1438 2101 crudelia
1450 2088 1461 2104 ‚
1484 2065 1602 2109 quibus
1613 2066 1679 2109 jam
1693 2077 1746 2110 per
1759 2068 1882 2101 multos
1892 2077 1996 2100 annos
2012 2076 2085 2100 om*

1189 2117 1248 2148 nis
1261 2114 1390 2156 Europa
1399 2115 1554 2146 laceratur
1568 2137 1579 2153 ,
1607 2115 1691 2148 bella
1704 2117 1777 2149 sunt
1798 2117 1927 2157 penitus
1949 2115 2084 2150 fimilia.

1200 2165 1242 2203 Et
1253 2164 1361 2209 Reges
1374 2163 1408 2201 ἀ
1419 2163 1540 2200 milites
1554 2161 1678 2199 mature
1689 2164 1892 2200 confiderent
1903 2189 1912 2199 .

1423 2263 1456 2301 C
1481 2262 1513 2300 A
1540 2263 1569 2301 Ρ
1597 2263 1638 2303 U
1664 2263 1703 2298 T
1803 2265 1819 2298 1
1831 2265 1874 2300 X.

1197 2368 1244 2402 An
1264 2369 1365 2401 omnint
1381 2373 1439 2410 per
1462 2366 1609 2398 naturalis
1616 2365 1702 2406 iuris
1726 2370 1929 2408 ignorantiam
1953 2374 2085 2410 patrata

1407 2420 1509 2462 iniqua
1528 2424 1617 2458 opera
1635 2414 1697 2459 fint
1715 2424 1842 2458 peccata
1854 2416 1872 2448 ,ἓ

1293 2514 1379 2552 Uod
1398 2515 1538 2560 pensasti
1553 2515 1773 2560 ignorantiam
1785 2523 1909 2559 patrata
1932 2516 2084 2552 adversus

1318 2566 1498 2601 naturalem
1509 2565 1607 2600 etiam
1620 2567 1724 2610 legem
1736 2577 1834 2610 opera
1845 2567 1907 2601 fint
1930 2569 2084 2611 quando·

1320 2627 1384 2660 que
1394 2616 1554 2651 immunia
1567 2615 1609 2649 ab
1620 2616 1713 2650 omni
1724 2616 1810 2659 apud
1824 2615 1981 2652 Divinam
1992 2618 2084 2660 justi·

1195 2666 1275 2701 tiam
1290 2665 1438 2707 macula,
1466 2676 1565 2699 nemo
1580 2666 1675 2710 poffit
1693 2666 1831 2702 inficiari
1845 2691 1852 2699 .
1881 2667 2019 2701 Hincin
2037 2668 2080 2701 li-

1195 2717 1258 2751 bris
1269 2715 1452 2751 decivitate
1464 2716 1528 2751 Dei
1550 2716 1673 2750 sanstus
1696 2715 1903 2762 Augustinus
1927 2716 2080 2752 humana».

1195 2766 1387 2811 ignorantiae
1399 2766 1557 2801 miseriam
1573 2790 1583 2806 ,
1609 2778 1649 2801 ex
1671 2778 1736 2810 qua
1760 2767 1860 2810 judex
1881 2768 2077 2810 innocentes

1194 2816 1285 2850 testes
1296 2814 1491 2860 quandoque
1511 2816 1643 2861 cogitur
1668 2826 1819 2861 torquere
1835 2842 1846 2859 ‚
1871 2818 1904 2853 δε
1927 2817 2010 2851 falso
2030 2828 2083 2852 ac·

1193 2866 1322 2901 cusatos
1334 2878 1405 2900 reos
1416 2864 1549 2901 damnat
1559 2867 1599 2900 ad
1614 2877 1753 2901 mortem
1767 2892 1777 2907 ,
1805 2867 1972 2912 insigniter
1982 2878 2081 2912 exag-

1192 2924 1281 2962 gerat
1294 2940 1304 2956 ‚
1331 2927 1427 2960 atque
1437 2916 1628 2951 concludit:
1658 2921 1730 2950 Haec
1740 2925 1781 2951 tot
1792 2919 1827 2951 6·
1839 2925 1928 2951 tanta
1940 2919 2077 2958 melaja-

1191 2969 1249 3000 dex
1262 2978 1320 2999 non
1331 2968 1457 3008 deputat
1466 2966 1516 3009 effe
1530 2974 1651 3008 peccata
1663 2990 1669 2998 .
1695 2971 1768 3001 Non
1779 2973 1858 3000 enim
1868 2967 1932 3001 haec
1938 2967 2017 3008 facit
2026 2966 2075 3011 sa-

1187 3024 1275 3060 piens
1294 3018 1389 3055 iudex
1411 3017 1531 3050 nocendi
1550 3018 1730 3056 voluntate,
1763 3015 1818 3059 sed
1837 3019 1992 3058 neceffitate
2026 3029 2077 3052 ne-

1187 3066 1300 3113 sciendi
1314 3092 1321 3099 .
1347 3069 1392 3099 Et
1405 3076 1505 3100 tamen
1516 3071 1585 3108 quia
1597 3073 1672 3110 cogit
1698 3066 1831 3101 bumana
1846 3066 1974 3112 societas
1987 3092 1998 3109 ,
2024 3079 2076 3102 ne-

1187 3118 1310 3158 ceffitate
1322 3118 1596 3158 etiamjudicandt.
1625 3116 1780 3152 Affirmat
1799 3117 1884 3153 hanc
1905 3120 1967 3153 esse
1980 3118 2071 3153 mise-

1188 3168 1270 3203 riam
1283 3191 1294 3207 ‚
1320 3178 1388 3202 non
1413 3167 1623 3210 iniquitatem
1649 3192 1657 3199 .
1686 3167 1776 3213 Quia
1797 3168 1914 3211 nempe
1935 3168 2034 3210 iudex
2061 3191 2073 3208 ,

1187 3216 1266 3252 dum
1287 3227 1390 3256 errat,
1416 3228 1499 3251 errat
1521 3218 1553 3250 in
1576 3218 1682 3251 facio.
1711 3218 1754 3252 Et
1779 3218 1813 3251 in
1838 3217 1928 3252 libris
1959 3227 2074 3251 contra

1187 3268 1342 3304 Faustum
1365 3267 1588 3302 Manichaeum
1616 3268 1700 3301 idem
1735 3267 1940 3313 Augustinus
1962 3267 2073 3301 scribit

1187 3319 1228 3352 de
1239 3317 1424 3353 Patriarcha
1438 3317 1518 3359 Juda
1529 3341 1539 3358 ‚
1567 3318 1710 3361 quicum
1723 3329 1806 3352 nuru
1820 3317 1970 3352 Thamar
1982 3341 1993 3357 ‚
2005 3326 2072 3351 tan·

1187 3379 1286 3413 quam
1300 3378 1374 3402 cum
1387 3367 1521 3410 publico
1534 3369 1641 3401 scorto
1657 3391 1667 3406 ,
1696 3368 1980 3412 perignorantiam
1992 3378 2072 3401 con·

1189 3418 1321 3453 cubuit:
1343 3419 1454 3462 Judas
1480 3442 1491 3458 ,
1519 3417 1574 3459 etsi
1585 3419 1714 3461 gravius
1732 3418 1894 3460 peccaffiet,
1914 3415 1946 3458 fi
1959 3428 2068 3451 nurum
2084 3418 2156 3454 Lib.
2189 3428 2241 3456 22.

1186 3463 1289 3507 Jciens
1301 3479 1366 3502 cum
1377 3479 1411 3502 ea
1421 3468 1597 3504 concumbere
1609 3468 1736 3511 volmffet
1746 3491 1758 3508 ‚
1768 3477 1868 3501 tamen
1878 3477 1942 3501 eum
1956 3491 1965 3506 ,
1976 3479 2068 3509 quan·
2081 3481 2149 3513 cap.
2164 3468 2183 3505 6
2192 3480 2218 3505 1.

1930 3517 1994 3550 tt'tm
2003 3523 2036 3551 m

2093 2941 2167 2977 Lib.
2196 2953 2246 2990 19.

2091 3003 2159 3037 cap.
2186 2992 2218 3028 6.
