2366 3736
41 517 126 553 Can.
143 514 192 554 18.

38 1322 114 1357 Lib.
129 1336 166 1360 2.

37 1382 111 1417 cap.
143 1384 173 1418 7.

44 2151 117 2185 Lib.
147 2163 177 2198 3.

43 2201 104 2244 Ep.
131 2212 185 2249 17.

54 3375 125 3414 Ani
133 3389 206 3427 370.

209 2309 334 2351 Jortaffe
367 2309 538 2348 videbitur,
564 2306 775 2350 ejusmodiest,
801 2318 837 2341 ut
864 2308 942 2341 nihil
964 2311 1091 2342 atrocius

213 2359 287 2402 fingi
297 2358 392 2400 poffit.
420 2361 498 2401 ,Quis
510 2364 587 2390 enim
611 2359 721 2391 adduci
744 2356 836 2399 facile
858 2369 969 2400 queat,
995 2367 1027 2391 ut
1037 2371 1091 2392 cre·

616 128 701 177 DE
730 126 958 178 ’S1M0N1
979 143 1007 173 A
1043 123 1575 178 Mouasretttonuu.

221 226 284 254 rate
293 242 303 259 ,
314 216 451 253 sacerdos
463 209 653 249 nibilominus
664 216 788 258 eIIgatur
800 239 806 245 .
835 217 928 247 Porro
939 215 1087 256 religionis

221 271 338 312 quidem
349 275 379 301 in
391 271 483 301 Deum
495 276 698 310 argumentum
708 265 792 306 cst3ut
800 271 981 306 propinquos
992 275 1090 297 omnes

221 319 264 350 ad
268 325 415 359 pietatem
439 330 509 361 erga
530 319 625 350 Deum
636 315 838 357 capessendam
851 315 980 347 alliciat.
1010 314 1090 347 Haec

218 368 382 410 postrema
397 369 490 402 verba
501 366 670 408 respiciunt
682 368 853 408 antiquum
866 364 1014 398 Ecclefiae
1026 364 1086 398 Ca-

217 427 341 453 nonem
355 443 366 459 ,
392 417 535 462 quemde
545 414 730 449 Gentilium
755 415 967 449 conversione
989 414 1088 447 sanci-

217 475 290 502 tum
313 470 405 502 tertia
427 465 856 509 CarthaginenfisSynodus
878 462 1026 498 extendit
1047 464 1087 498 ad

218 519 459 552 conversionem
477 515 718 549 haereticorum:
749 514 906 557 Episcopi,
933 514 1083 552 Presbyte-

216 575 245 602 ri
254 593 265 608 ‚
293 571 326 602 (5
337 571 460 599 Diaconi
477 577 535 598 non
546 564 742 606 ordinentur'‚
765 563 943 607 priusquam
958 576 1057 598 omnes
1073 589 1084 606 ,

217 616 347 661 quisunt
359 622 390 648 in
401 618 484 648 domo
495 627 590 648 eorum
600 641 610 656 ‚
638 615 820 655 Christianos
833 614 996 648 Catholicos
1008 614 1085 656 fece·

216 673 294 701 rint.
325 666 380 699 Est
396 665 608 708 Apostolicus
634 666 776 705 Canon,
802 665 962 699 mandans
983 665 1086 698 nerni-

215 727 291 749 nem
315 717 499 759 promoveri
522 717 556 749 in
585 716 782 758 Episcopum
806 738 817 755 ,
855 714 1085 757 Presbyterum

214 776 273 800 aut
285 766 475 800 Diaconum
486 791 497 806 ,
524 766 582 799 nisi
597 766 653 808 qui
677 765 826 799 habuerit
838 764 924 798 filios
940 764 1086 798 subditos

215 817 251 850 in
265 818 357 850 omni
370 816 533 850 castitate.
562 815 745 858 Verfipellis
770 815 918 857 Julianus
932 814 1086 848 Ecclefia-

216 865 353 906 nicam,
379 867 469 909 cujus
483 865 632 908 splendor
652 864 808 908 plurimos
818 864 968 898 Gentiles
990 875 1086 908 coge-

216 915 271 950 bat
303 917 343 950 ad
381 916 620 960 Evangelium‚
647 915 853 958 disciplinam
890 915 1030 948 tentavit
1053 915 1084 947 in

214 965 374 1010 gentilem
398 967 498 999 vitam
520 965 707 1006 traducere,
734 975 829 1009 atque
857 966 902 999 ita
939 966 1085 1008 Evange-

215 1015 371 1049 liumisto
382 1015 545 1058 adjutorio
557 1014 712 1058 spoliare.
742 1015 851 1048 Etiam
875 1016 1048 1049 Canouem
1074 1039 1084 1055 ,

214 1066 272 1108 qui
295 1075 361 1099 non
376 1066 462 1099 solos
476 1064 601 1099 nobiles
611 1077 666 1100 aut
685 1066 858 1107 opulentos
871 1090 882 1104 ,
909 1065 963 1100 sed
985 1065 1084 1099 etiam

213 1114 358 1158 plebeios
377 1126 415 1148 ac
434 1126 587 1160 pauperes
625 1113 755 1157 jubebat
787 1115 918 1150 admitti
956 1116 990 1148 in
1015 1115 1086 1149 Cle-

214 1176 286 1198 rum
303 1190 310 1197 .
338 1166 391 1198 Ex
402 1164 517 1199 eodem
532 1166 671 1199 Canone
684 1167 807 1199 sanctus
819 1166 960 1208 Joannes
983 1165 1087 1207 Chry-

213 1215 374 1249 sostomus
396 1216 431 1248 in
454 1215 545 1248 libris
568 1216 609 1249 de
627 1216 818 1250 SacerdOtio
841 1216 976 1249 affirmat
1001 1216 1049 1248 sui
1078 1239 1088 1255 ‚

213 1266 325 1308 utpote
338 1265 396 1298 viri
418 1265 569 1309 opulenti
592 1278 629 1300 ac
643 1265 782 1306 nobilis,
808 1266 1087 1300 consecrationem

216 1315 307 1348 fuisse
320 1316 497 1357 expositam
511 1315 695 1358 obloquiis:
725 1316 942 1358 Tumfiminus
966 1326 1065 1347 omnes
1078 1338 1088 1354 ,

214 1367 292 1397 certe
306 1370 355 1406 qui
364 1365 574 1397 maledicentia
596 1365 797 1405 delectantur,
824 1366 980 1406 potuissent
987 1366 1086 1405 plera—

219 1426 278 1456 que
293 1413 507 1455 tumsuspicari
524 1438 534 1453 ‚
562 1423 623 1445 tum
645 1417 759 1455 eloqui,
780 1419 897 1454 partim
918 1415 954 1446 de
978 1425 1023 1446 me
1037 1420 1089 1455 qui

220 1465 383 1496 ordinatus
390 1461 456 1505 sum
471 1487 481 1502 ‚
501 1467 617 1503 partim
640 1465 677 1495 de
697 1463 757 1495 illis
778 1475 829 1505 qut
851 1475 895 1495 mc
905 1465 1053 1505 elegerunt
1083 1488 1091 1495 .
1103 1494 1107 1518 l

215 1513 305 1547 Verbi
312 1517 417 1557 gratia
428 1537 439 1552 ‚
450 1510 617 1554 quod-solas
628 1514 672 1545 illi
682 1514 813 1545 divitias
831 1512 966 1555 spec‘lent
976 1538 986 1553 ‚
1012 1515 1090 1554 quod
1105 1538 1106 1541 η

210 1568 329 1607 generis
338 1561 522 1604 splendorem
532 1564 722 1595 admirentur
734 1587 744 1602 ,
771 1565 853 1605 quod
863 1565 883 1594 ὰ
905 1564 988 1595 nobis
999 1565 1076 1595 adu·
1104 1552 1108 1620 ¹,

215 1614 321 1646 latione
334 1612 407 1645 vicli
421 1623 484 1645 eum
495 1612 579 1644 nobis
601 1612 735 1645 honorem
757 1614 960 1656 mandassent.
1002 1618 1087 1645 Nam
1106 1621 1108 1640 1

216 1713 286 1752 beo,
306 1711 412 1754 fiquis
429 1711 567 1754 &ipsum
589 1712 638 1744 boc
653 1711 838 1756 suspicetur.
869 1714 912 1746 Et
928 1716 1087 1756 prosequi-

214 1769 290 1796 t'ur:
318 1764 470 1795 praterea
490 1762 622 1801 christus
648 1766 765 1804 quidem
786 1762 968 1805 piscatores,
994 1774 1027 1795 ac
1045 1773 1087 1796 ta·

214 1811 431 1844 bernacqurum
453 1815 643 1845 texendorum
653 1813 782 1855 artifices
795 1836 805 1852 ,
830 1819 957 1856 itemque
976 1814 1082 1854 publi-

214 1873 302 1894 canos
325 1861 518 1904 eid-ejusmodi
529 1863 738 1906 Magistratum
753 1865 941 1904 advocavit;
969 1868 1011 1896 Hi
1040 1874 1090 1896 au-

214 1922 274 1944 tem
295 1923 342 1944 eos
355 1910 498 1954 respuunt
507 1923 541 1945 ac
553 1911 740 1955 despiciunt,
768 1920 818 1956 qui
837 1913 892 1954 fibi
916 1915 1090 1955 quotidiano

215 1970 296 2002 opere
316 1962 427 1994 vic‘lum
444 1970 579 2003 parant.
606 1964 642 1995 ln
669 1963 752 1996 istud
770 1965 887 1996 vitium
899 1962 976 1996 dure
997 1965 1090 1996 inve-

215 2010 304 2044 hitur
317 2036 324 2042 .
352 2011 393 2042 Et
407 2012 439 2042 in
461 2012 576 2043 litteris
598 2012 638 2044 ad
653 2011 879 2044 Theodosium
894 2012 1091 2054 Episcopum

216 2062 326 2093 sanClu
356 2061 491 2093 llidorus
516 2059 695 2093 Pelufiotes
718 2061 880 2094 sordidam
900 2073 938 2094 ac
971 2063 1093 2095 variam

217 2110 348 2144 Eusebii
374 2110 559 2143 Pelusienfis
583 2110 805 2152 Metropolitae
826 2110 994 2144 avaritiam
1018 2111 1093 2144 acri-

217 2162 439 2202 terincrepat,
466 2170 563 2202 atque
575 2159 746 2202 adjungit:
773 2161 866 2202 ,Quod
888 2171 962 2192 nunc
984 2160 1037 2191 abs
1064 2170 1094 2192 te

219 2208 431 2248 indicatumest
442 2232 452 2247 ,
477 2219 514 2240 ac
535 2209 692 2241 multorum
700 2208 763 2250 fide
786 2211 942 2252 dignorum
961 2215 1092 2241 virorum

215 2259 372 2299 testimonio
394 2257 578 2298 confirmatur
602 2282 612 2296 ,
649 2267 736 2300 atque
762 2260 938 2291 incredibile
974 2259 1092 2300 posteris

215 1664 297 1704 quod
307 1663 339 1695 &t
358 1669 481 1703 pecunia
505 1662 622 1694 abducffi
635 1664 669 1696 (ς’
680 1670 828 1704 corrupti,
853 1665 948 1697 dtcere
959 1675 1017 1696 non
1037 1663 1086 1695 ha·
1104 1653 1112 2056 ἱ

217 2411 272 2441 dat
297 2407 461 2449 Eusebium
483 2409 544 2440 illos
564 2411 682 2449 quidem
702 2433 712 2448 ,
747 2415 798 2450 qui
828 2417 1036 2450 paupertatem
1051 2420 1091 2441 co-

218 2461 283 2492 lunt
298 2483 308 2498 ‚
334 2466 422 2499 atque
442 2466 519 2490 omni
530 2460 587 2490 alm
601 2457 795 2500 Philosophiae
811 2470 915 2502 genere
934 2458 1053 2502 fulgent
1080 2484 1091 2499 ,

219 2517 249 2540 ut
263 2515 312 2548 qui
332 2510 374 2540 ad
386 2508 706 2549 quaestumfaciendum
717 2508 952 2551 haudquaquam
975 2508 1092 2550 ipfifint
1106 2535 1109 2558 J

219 2560 306 2590 utiles
320 2582 329 2596 ,
355 2559 437 2588 velut
463 2558 570 2588 nullius
595 2556 659 2599 usus
682 2557 813 2591 homines
831 2558 1032 2601 adspernari,
1058 2559 1109 2592 ae}

220 2609 383 2639 Sacerdotio
402 2607 539 2649 'indignos
546 2609 683 2646 judicare
697 2620 711 2648 ;
737 2609 849 2640 divite:
863 2617 962 2641 contra
976 2632 985 2646 ‚
1011 2611 1091 2651 quod
1106 2605 1109 2631 l

219 2669 316 2689 eorum
331 2665 394 2697 opes
406 2658 544 2695 denotat,
573 2663 713 2698 quamvir
726 2664 803 2689 omni
814 2657 921 2700 scelere
933 2667 1089 2699 coopertos,

218 2709 262 2738 ad
280 2708 474 2739 Sacerdotium
481 2705 614 2748 proferre
626 2708 641 2738 .?
669 2709 797 2741 Perinde?
810 2718 902 2749 atque
920 2720 975 2740 non
988 2715 1090 2741 virtu·-

218 2763 262 2796 ti,
286 2754 342 2798 sed
356 2758 475 2789 divitiis
487 2757 684 2789 Sacerdotium
710 2757 807 2790 deberi
827 2758 969 2798 existimet
985 2783 991 2789 .
1024 2758 1091 2791 Ad-

217 2806 325 2850 jungit
346 2816 458 2840 omnes
471 2806 651 2849 Episcopos
663 2819 730 2840 non
755 2809 817 2840 effe
843 2808 983 2842 Eusebio
1009 2809 1091 2841 fimi-

218 2857 285 2896 les,
310 2857 341 2889 &
369 2857 547 2900 gratulatur
583 2855 800 2897 Theodofio,
827 2858 914 2901 quod
938 2859 1032 2892 illum
1052 2870 1090 2891 ac

216 2907 287 2949 ejus
309 2906 539 2950 Congerrones
563 2917 630 2940 non
655 2907 828 2941 dumtaxat
841 2920 907 2941 non
922 2908 1089 2949 imitetur,

218 2957 270 2989 sed
292 2957 388 2989 etiam
401 2958 505 2990 oderit
521 2981 528 2988 .
556 2957 662 2999 Ipsum
684 2958 821 3000 appellat
852 2958 1012 2990 Delubrum
1031 2960 1090 2989 odii

218 3007 426 3047 improborum.
455 3007 539 3053 Qae
554 3009 667 3041 omnia
681 3008 790 3041 locum
803 3007 924 3042 habent
939 3010 1038 3042 etiam
1054 3010 1088 3041 in

218 3056 408 3090 admissione
429 3057 467 3090 ad
482 3058 701 3091 Monasteria.

268 3105 389 3148 Excipe
402 3117 511 3141 tamen
527 3107 584 3140 ista
607 3108 807 3142 Monasteria
820 3131 830 3147 ,
856 3119 994 3149 quorum
1018 3109 1090 3141 fun-

219 3154 311 3188 datio
332 3167 397 3188 non
419 3157 564 3190 admittit
590 3158 646 3190 nifi
686 3159 772 3192 solos
808 3158 952 3192 nobiles.
994 3158 1090 3192 Talis

220 3204 306 3246 apud
331 3215 389 3237 nos
409 3206 549 3240 Lovanii
573 3207 618 3241 est
654 3208 782 3241 illustris
805 3208 946 3242 Abbatia
970 3208 1110 3256 Sanstae¹3

221 3252 407 3288 Gertrudis.
434 3257 486 3289 De
506 3258 599 3291 simili
624 3258 827 3292 Benedistini
852 3258 986 3292 Ordinis
1006 3258 1109 3301 ‘apud‘

222 3303 512 3346 Lunenburgenses
546 3307 712 3342 Coenobio
733 3308 842 3342 scribit
867 3310 900 3342 in
920 3309 1091 3342 Zitizenfis

225 3407 257 3438 Θ
282 3403 437 3443 Albertus‚
470 3407 562 3437 Duces
589 3407 846 3451 Lunenburgenscs
868 3433 877 3448 ,
906 3409 1007 3442 Sancti
1030 3413 1090 3440 Mi-

228 3454 331 3490 chaelis
344 3453 514 3496 Archangeli
526 3460 558 3486 in
569 3466 662 3489 monte
681 3461 773 3498 prope
801 3458 1026 3503 Lunenburgum
1047 3464 1093 3491 in-

326 3502 511 3548 Christ-Lupi
525 3509 622 3547 Opera
635 3509 778 3540 Tom.XI.

222 3354 371 3389 Ecclefiae
394 3352 560 3388 Chronico
572 3357 697 3391 Paulus
709 3359 869 3392 Lanzius:
898 3359 1114 3499 Wenceslausl

1150 214 1230 259 figne
1240 214 1444 257 Monaflerium
1460 222 1636 249 erexerunt.
1663 211 1743 254 Ejus
1762 212 1900 246 Monacbi
1921 227 2020 250 omnes·

1156 265 1285 304 existunt
1298 265 1408 298 nobiles
1418 263 1578 306 secundum
1588 275 1724 298 carnem:
1753 273 1845 297 neem
1862 275 1892 296 eo
1913 265 2019 303 nifiln-

1150 314 1466 358 genuisufiipiuntur.
1497 314 1676 355 Vivuntss'ne
1693 321 1812 356 proprio
1828 313 1882 356 sub
1895 313 1969 345 bona
1983 317 2019 347 (5

1155 372 1328 406 competenti
1350 364 1503 407 Regulam
1526 372 1600 397 vitae
1622 363 1800 406 disciplina:
1828 370 1889 397 viri
1907 366 2020 396 revera

1151 415 1329 456 perhumam·
1346 439 1357 454 ,
1382 415 1548 447 &multum
1561 413 1747 455 Hospitales.
1776 413 1875 456 Apud
1886 415 2019 448 Germa-

1155 477 1213 499 nos
1234 467 1308 498 sunt
1322 465 1410 507 plura
1433 465 1542 497 fimilis
1560 463 1762 497 fundationis
1784 463 1983 497 Monasteria
2009 486 2019 496 .

1153 516 1218 550 Res
1229 515 1351 548 videtur
1364 515 1493 555 antiqua
1506 536 1517 552 ,
1545 513 1656 545 usitata
1667 513 1764 546 etiam
1778 517 1863 555 apud
1878 514 2020 553 Graecos,

1153 563 1414 607 idqueinmedio
1435 563 1514 596 flore
1539 562 1684 596 Romani
1709 564 1856 605 lmperi'r.
1886 564 2021 597 Etenim

1153 617 1185 649 in
1206 615 1319 648 litteris
1342 625 1379 647 ac
1401 613 1548 657 precibus
1577 613 1617 645 ad
1645 612 1840 654 Ephefinum
1874 613 2019 647 Latroci-

1154 667 1244 698 nium
1258 664 1405 703 direstis,
1432 663 1463 696 δε
1478 664 1512 696 in
1536 662 1791 695 Chalcedonenfi
1813 662 1951 703 Synodo
1975 673 2020 695 re-

1155 716 1263 754 lectis,
1293 711 1726 756 Constantinopolitanilub
1751 709 1933 753 Eutychete
1957 712 2022 744 Ab·

1153 765 1224 798 bate
1238 763 1399 798 Monachi
1424 765 1467 796 ita
1490 764 1677 806 praefantur:
1706 763 1845 804 Promissa
1865 764 1884 793 ἃ
1911 760 2021 803 miseri-

1152 817 1233 848 corde
1244 817 1303 847 Deo
1314 820 1345 847 in
1358 825 1423 846 eum
1434 814 1619 846 credentibus
1632 814 1710 844 dona
1724 836 1734 851 ,
1760 823 1797 844 ex
1813 815 1934 844 Divinis
1959 813 2021 843 edo-

1154 866 1193 898 cit
1206 867 1337 904 litteris,
1366 866 1617 906 &cognationes,
1644 865 1676 896 (3
1684 868 1847 903 pecunias,
1875 861 2021 902 &quibus

1153 913 1348 957 unusquisque
1359 912 1480 952 nostrum
1492 913 1684 946 decorabatur
1709 914 1890 955 dignitates,
1919 916 1951 945 (τ’
1976 914 2022 945 di-

1153 963 1256 1007 versas
1273 966 1420 1002 militias,
1447 967 1481 996 (θ’
1500 962 1700 1005 semel-omnia
1718 988 1728 1003 ‚
1763 974 1830 1004 quae
1850 964 1992 994 videntur
2012 987 2022 1002 ,

1154 1016 1229 1047 bona
1242 1014 1372 1047 humana
1385 1012 1574 1055 despicientes
1587 1039 1597 1054 ‚
1623 1013 1729 1054 quibus
1733 1012 1913 1053 fruebamur
1926 1037 1934 1052 ,
1942 1012 2025 1052 frui-

1155 1077 1208 1107 que
1226 1065 1321 1097 adhuc
1336 1063 1534 1107 sperabamus
1548 1086 1558 1102 ‚
1583 1070 1614 1095 in
1637 1075 1727 1096 unam
1747 1075 1844 1096 omnes
1869 1062 2027 1096 Monaeho-

1154 1128 1219 1148 rum
1241 1114 1450 1155 converfionem
1484 1116 1518 1147 <5
1548 1119 1760 1146 continentiam
1790 1119 1986 1146 concurrimus
2014 1137 2026 1153 ,

1156 1175 1349 1198 trecentorum
1363 1175 1513 1196 numerum
1519 1165 1588 1203 jam
1610 1166 1802 1205 complentes.
1829 1164 1940 1196 Omne
1951 1163 2027 1196 Mo-

1156 1215 1327 1248 nasterium
1348 1214 1411 1247 fuit
1433 1224 1473 1247 ex
1487 1214 1562 1247 solis
1582 1213 1766 1247 nobilibus.
1796 1213 1837 1246 Et
1850 1214 1943 1256 poffit
1953 1215 2027 1254 effe,

1155 1275 1189 1299 ut
1211 1265 1253 1297 fic
1274 1264 1457 1306 oportuerit
1477 1288 1484 1295 .
1529 1262 1685 1296 Attamen
1709 1263 1892 1296 istiusmodi
1927 1264 2028 1297 etiam

1157 1313 1357 1347 Monasteria
1383 1324 1451 1345 non
1485 1313 1603 1353 poffint
1631 1322 1783 1353 pauperes
1820 1313 1992 1345 excludere
2025 1336 2032 1343 .

1155 1364 1251 1409 Quin
1282 1362 1350 1395 imo
1373 1362 1524 1394 videntur
1544 1361 1723 1394 fundatain
1748 1363 1898 1394 solatium
1925 1361 2032 1395 Nobi-

1156 1414 1235 1446 lium
1259 1436 1269 1451 ,
1294 1424 1331 1446 ac
1351 1421 1525 1455 pauperum
1548 1411 1744 1444 familiarum
1768 1435 1775 1442 .
1816 1411 1844 1443 E
1865 1413 2031 1445 contrario

1156 1463 1356 1506 quicumque
1378 1472 1530 1504 pauperes
1552 1473 1611 1494 nec
1634 1461 1763 1494 admitti
1789 1461 1931 1501 debent,
1970 1474 2030 1495 nec

1157 1514 1303 1556 possunt.
1333 1513 1412 1545 Non
1427 1513 1535 1545 minsis
1559 1512 1592 1544 in
1605 1508 1665 1544 hae
1687 1512 1904 1550 admiffione,
1931 1512 2031 1554 quam

1158 1567 1191 1596 in
1219 1563 1437 1604 adscriptione
1473 1561 1513 1594 ad
1539 1561 1798 1594 Ecclefiasticum
1827 1562 1995 1595 cardinem
2021 1587 2033 1602 ,

1156 1613 1354 1647 attendenda
1382 1612 1426 1645 est
1461 1612 1603 1654 personae
1623 1610 1663 1644 ad
1696 1611 1888 1663 Monasserii
1913 1611 2034 1646 Officia

1156 1664 1188 1697 ὅ(
1212 1674 1310 1696 onera
1321 1670 1498 1705 capacitas.
1526 1661 1629 1707 Qod
1654 1662 1825 1704 praesertim
1849 1661 2033 1696 obtinetin

1158 1713 1367 1746 Monasteriis
1394 1712 1656 1745 mendicantium
1678 1736 1684 1741 .
1726 1712 1768 1744 Et
1791 1711 2035 1755 fingulariffime

1160 1763 1191 1795 in
1215 1763 1344 1797 Ordine
1369 1762 1649 1795 Sand'tiFrancisci
1665 1781 1674 1794 .
1700 1761 1749 1794 lbi
1772 1762 1859 1794 enim
1884 1761 1977 1804 plene
1991 1762 2035 1795 vi-

1159 1824 1241 1846 vunt
1263 1823 1302 1844 ex
1326 1812 1472 1845 fidelium
1507 1810 1720 1852 eleemosynis
1746 1836 1756 1851 ‚
1791 1811 1932 1854 ideoque
1965 1822 2034 1845 non

1158 1862 1197 1896 ad
1221 1863 1325 1895 solum
1347 1862 1565 1895 admittuntur
1577 1860 1836 1900 monasterium,
1863 1861 1915 1895 sed
1950 1861 2034 1895 insu-

1160 1924 1213 1957 per
1236 1913 1277 1946 ad
1301 1923 1385 1946 onus
1404 1911 1516 1956 populi
1540 1936 1547 1943 .
1585 1910 1676 1943 Hinc
1697 1911 1900 1950 curandum,
1929 1922 1969 1944 ne
1992 1911 2033 1945 ad

1157 1963 1298 2004 ejusdem
1322 1962 1433 2005 populi
1456 1964 1578 1995 sacrum
1602 1960 1817 1995 ministerium
1839 1961 1971 1995 ihutiles
1986 1963 2034 1995 ni-

1160 2012 1263 2045 mium
1275 2012 1552 2054 multiplicentur.

1209 2060 1356 2095 Secunda
1380 2061 1513 2103 quaestio
1535 2061 1579 2094 est
1595 2084 1606 2100 ,
1633 2059 1687 2094 An
1710 2062 1934 2101 Monasteria,
1961 2073 2032 2105 quae

1159 2111 1245 2144 solos
1267 2111 1441 2152 opulentos
1471 2134 1482 2149 ,
1520 2110 1618 2152 idque
1639 2123 1714 2145 cum
1732 2113 1881 2153 stipulata
1917 2113 1994 2145 dote
2018 2137 2029 2152 ,

1158 2159 1358 2199 admittunt,
1385 2159 1445 2192 fint
1456 2160 1641 2192 Simoniaca
1655 2185 1664 2199 ‚
1676 2161 1757 2193 acin
1770 2162 1904 2204 singulis
1915 2161 2034 2194 admis-

1159 2209 1304 2242 fionibus
1316 2217 1441 2252 putrent
1453 2209 1656 2241 Simoniam?
1686 2210 1884 2253 Respondeo
1908 2212 1942 2244 in
1955 2210 2031 2253 qui·-

1157 2257 1290 2292 busdam
1303 2259 1424 2292 cafibus
1436 2269 1573 2302 patrare.
1606 2259 1735 2293 Etenim
1748 2261 1946 2305 quandoque
1956 2272 2031 2293 con·

1158 2311 1279 2353 tingit,
1305 2319 1340 2342 ur
1352 2309 1592 2343 Monasterium
1606 2309 1785 2343 sollicitans
1808 2311 1897 2344 nulla
1912 2311 2030 2345 habeat

1159 2359 1267 2398 bona,
1293 2370 1355 2393 nec
1377 2359 1412 2393 in
1434 2370 1488 2399 re,
1517 2360 1623 2393 necin
1637 2370 1729 2392 certae
1744 2361 1945 2394 successionis
1955 2362 2030 2402 Spe,-

1157 2410 1190 2443 &
1209 2409 1320 2443 tuncfi
1341 2407 1470 2443 admitti
1485 2409 1585 2447 velit,
1613 2410 1711 2445 fixam
1737 2408 1847 2443 dotem
1862 2409 2033 2452 compelli-

1158 2471 1208 2492 tur
1234 2459 1275 2492 ab
1296 2460 1465 2501 opulentis
1489 2458 1601 2491 amicis
1634 2470 1771 2501 quaerere
1792 2460 1825 2492 ἃ
1847 2461 1997 2494 obtinere
2023 2484 2031 2490 .

1160 2510 1200 2542 Et
1227 2510 1262 2542 in
1286 2509 1380 2542 fimili
1402 2510 1474 2542 casu
1496 2518 1620 2541 certum
1644 2508 1688 2540 est
1711 2510 1875 2553 committi
1900 2510 2029 2553 plenam

1157 2560 1338 2592 Simoniam
1363 2582 1370 2590 .
1399 2559 1530 2591 Etenim
1551 2557 1646 2599 hujus
1663 2560 1843 2592 exastidnis
1869 2584 1880 2599 ‚
1919 2559 2029 2593 nullus

1157 2620 1264 2651 praeter
1286 2607 1477 2641 Monasterii
1498 2608 1671 2650 ingressum
1694 2608 1738 2640 est
1776 2608 1913 2649 titulus,
1942 2608 2027 2643 ideo-

1156 2671 1219 2701 que
1242 2658 1411 2692 manifesta
1435 2657 1479 2690 est
1501 2658 1566 2698 ejus
1588 2657 1692 2699 lepra.
1720 2658 1857 2702 Loquor
1894 2660 1933 2692 de
1957 2661 2025 2694 fixa

1155 2709 1254 2741 dote.
1280 2709 1333 2740 De
1356 2707 1467 2749 primis
1488 2706 1687 2740 vestimentis
1724 2732 1736 2748 ‚
1773 2721 1812 2742 ac
1848 2710 2023 2743 novitiatus

1157 2758 1305 2800 impensis
1320 2757 1377 2799 ‚est
1398 2758 1461 2791 alia
1478 2758 1580 2791 ratio.
1619 2757 1753 2790 Interim
1775 2758 1834 2792 ista
1856 2760 2022 2793 Monaste·

1156 2809 1225 2847 ria,
1252 2819 1320 2850 quae
1339 2818 1471 2850 capaces
1497 2832 1507 2847 ,
1534 2806 1611 2840 licet
1635 2808 1848 2850 pauperrimas
1875 2833 1886 2848 ‚
1921 2810 2023 2851 perso·

1157 2869 1211 2890 nas
1246 2857 1342 2890 etiam
1381 2858 1491 2900 primis
1531 2858 1729 2891 vestimentis
1750 2856 1890 2891 donant
1910 2882 1920 2898 ,
1948 2860 2022 2892 sunt

1155 2907 1243 2940 omni
1266 2907 1359 2941 laude
1380 2906 1562 2951 dignissima
1588 2931 1595 2937 .
1635 2907 1675 2939 Et
1697 2908 1850 2950 compleri
1888 2909 2021 2942 consue-

1156 2965 1268 2990 verunt
1292 2957 1386 2991 omni
1411 2958 1533 2990 Divina
1558 2956 1784 2990 benedi-stione
1804 2982 1810 2988 .
1845 2957 1873 2990 E
1895 2968 2021 2992 contra-

1156 3008 1204 3040 rio
1223 3008 1321 3040 etiam
1347 3018 1413 3040 non
1439 3007 1571 3049 expedit
1608 3030 1618 3045 ‚
1656 3016 1692 3039 ut
1724 3007 1936 3041 admittantur
1958 3009 2020 3042 soli

1156 3056 1295 3099 plebeii,
1322 3057 1447 3100 solique
1469 3067 1640 3098 pauperes.
1669 3057 1803 3091 Etenim
1826 3058 1860 3091 in
1885 3059 1946 3092 suis
1959 3058 2021 3092 Ca·

1157 3107 1346 3150 pitularibus
1365 3106 1489 3148 optime
1517 3106 1628 3139 statuit
1661 3106 1806 3150 Magnus
1843 3109 2019 3150 Imperator
2033 3112 2109 3147 Lib.
2127 3114 2162 3148 r}

1155 3157 1290 3191 Carolus
1303 3171 1313 3190 .·
1340 3156 1476 3188 Monacbt
1498 3154 1676 3197 Propositum
1695 3157 1914 3199 consecrationis
1926 3158 2018 3200 obser-
2032 3174 2098 3207 cap,
2128 3164 2187 3209 722¹

1155 3216 1242 3239 vent.
1270 3206 1458 3249 obsecramus
1482 3213 1514 3237 ut
1535 3205 1639 3238 bonam
1656 3208 1688 3239 <5
1704 3208 1889 3248 probabilem
1921 3215 2017 3241 vitam
2154 3203 2175 3205 Η

1156 3259 1189 3290 (¹5
1203 3256 1446 3299 conversationem
1459 3255 1605 3294 habeant,
1632 3267 1665 3289 ut
1687 3269 1783 3290 eorum
1804 3259 1881 3291 bona
1901 3269 2018 3291 conver-

1150 3305 1267 3348 satione
1290 3308 1374 3340 multi
1394 3304 1588 3338 attrahantur
1618 3308 1664 3338 ad
1673 3305 1832 3347 fi’rvitium
1854 3311 1909 3340 Dei
1930 3331 1940 3347 ,
1983 3309 2017 3340 Θ

1157 3368 1211 3388 non
1227 3357 1320 3400 solum
1339 3356 1460 3398 servilis
1480 3359 1652 3388 conditionis
1676 3357 1808 3398 infantes
1821 3382 1830 3396 ‚
1852 3357 1910 3399 sed
1927 3362 2019 3391 etiam

1157 3413 1344 3450 ingenuorum
1352 3406 1427 3447 filios
1450 3414 1628 3449 aggregent,
1649 3406 1759 3449 sibique
1776 3407 1909 3450 socient.
1938 3407 2020 3442 Om-

1157 3457 1288 3493 nimoda
1300 3481 1312 3499 ,
1338 3466 1392 3490 aut
1414 3456 1515 3491 nimia
1529 3457 1641 3489 vilium
1656 3458 1858 3500 personarum
1871 3458 1966 3500 copia
1977 3456 2020 3501 faq

1548 3506 1583 3539 H
1638 3518 1658 3542 2
1858 3506 1903 3541 cit
1920 3517 1992 3541 non
