2366 3736
142 2315 150 2323 ,
212 2294 264 2316 nes
291 2294 348 2315 uno
374 2280 511 2324 consensu
538 2283 739 2315 decrevimus.
772 2282 813 2315 Et
841 2283 875 2315 in
904 2282 964 2315 suis
977 2282 1094 2315 selectis

707 53 1107 105 swan-1

235 151 326 182 unm
355 149 454 180 minut
475 168 485 184 ‚
512 145 616 185 Majur
641 166 652 185 ,
683 144 762 187 quod
787 141 952 186 Epist-opus
978 141 1109 184 conficit3

234 203 360 236 minus,
386 196 464 238 quod
488 194 639 234 Presbyter
659 217 667 226 .
710 193 762 226 Ex
799 194 916 227 eodem
954 191 1113 235 principio

230 246 369 290 quidam
397 244 479 279 olim
508 243 663 288 Episcopi
698 244 772 276 suos
809 242 1016 286 presbyteros
1045 253 1112 275 non

215 294 406 340 obsolute,
433 296 485 329 sed
511 305 623 330 coram
649 292 682 326 ie
708 291 870 326 nolebant
900 291 1112 326 concionari.

216 345 421 379 *Censebam
449 354 584 379 omnem
611 340 797 376 auditorem
812 342 878 376 esse
901 341 1113 376 concionato-

216 394 274 428 ἐἰς
301 394 519 438 discipulum,
536 392 677 436 ideoque
705 391 789 425 istud
803 393 864 426 suae
889 391 1046 435 dignitati
1062 392 1113 426 de-

229 454 344 488 rogare
367 469 374 476 .
409 445 452 478 Et
476 442 569 477 istam
590 441 784 486 opinionem
815 441 1012 485 improbavit
1038 443 1112 476 San·

214 495 295 527 ›Cius
321 494 550 536 Hieronymus
569 516 576 524 .
619 492 761 534 Optimo
786 492 876 535 jure.
905 490 960 523 An
986 492 1111 526 ἀπιο-

228 554 314 582 rem,
340 543 396 587 qui
424 543 547 576 nullam
575 542 773 588 concionem
790 540 1005 585 permittebat
1028 541 1110 576 Pres-

220 592 373 635 ffbyteris,
401 590 654 634 improbaverit,
682 592 735 624 est'
753 592 816 625 alia
842 589 1000 634 quaestio.
1028 590 1111 626 Non

228 642 307 676 facit
331 641 373 676 ad
402 643 533 685 praesens
561 641 783 685 propofitum.

423 739 747 803 ‘CAPUT
808 738 881 778 VI,

223 841 431 875 stabiliuntur
457 843 598 885 quaedam
623 842 690 874 alia
705 842 815 884 asserta
842 842 923 874 cirea
950 840 1113 874 Hiero-Mo-

330 891 492 926 nachorum
520 892 772 925 Prie-dicationem
797 893 830 921 ln
855 891 1003 931 AEgypto,

439 939 546 981 '51r1a,
577 941 688 984 Anglia
702 964 712 980 ‚
739 938 900 976 Hibernia.

336 990 539 1030 Emonstrator
567 989 709 1025 affirmat
729 1013 742 1030 ,
765 988 854 1032 quod
886 987 1111 1032 Episcopalem

352 1039 562 1085 Dignitatem
590 1040 748 1083 injuriose
775 1040 928 1079 traeiem,
956 1050 997 1073 eo
1022 1038 1112 1081 quod

224 1090 403 1134 scripserim
429 1089 605 1124 Scotorum
636 1089 785 1124 Abbates
810 1089 951 1128 eodem,
980 1087 1050 1121 imo
1078 1088 1110 1121 ὅ(

221 1139 362 1182 majori,
387 1150 486 1183 quam
518 1139 701 1182 Episcopos
727 1139 797 1181 jure
823 1138 1009 1182 praedicasse
1034 1162 1042 1170 .
1070 1137 1111 1171 Et

220 1190 312 1230 quod
338 1189 477 1224 dixerim
503 1190 679 1224 Scotorum
721 1190 903 1233 Episcopos
931 1188 1014 1223 olim
1042 1198 1110 1220 non

223 1239 372 1273 habuisse
400 1238 487 1274 sedes
506 1262 517 1279 ‚
557 1239 610 1273 sed
632 1249 856 1273 commoratos
883 1239 917 1272 in
946 1236 1111 1271 Monasse-

222 1289 298 1328 riis,
326 1288 515 1324 Abbatibus
542 1288 700 1332 subjectos
721 1314 732 1329 ,
769 1290 804 1322 ‹St
829 1288 871 1322 ab
896 1287 947 1320 his
972 1288 1012 1321 ad
1039 1299 1111 1331 prae·

223 1337 404 1382 dicandum·
428 1339 524 1373 fuisse
552 1340 682 1378 missos,
708 1340 741 1372 ὅ(
768 1338 854 1372 intra
880 1338 914 1371 δε
940 1347 1031 1371 extra
1057 1336 1107 1370 In-

223 1387 347 1422 sulam.
377 1388 479 1435 Qod
509 1390 588 1422 item
614 1387 751 1423 dixerim
791 1389 965 1422 Scotorum
993 1386 1107 1422 Mona·

219 1438 326 1473 steriis
354 1437 462 1482 quoad
490 1439 607 1472 Divini
636 1436 738 1472 Verbi
765 1436 1031 1480 pradicationem
1057 1437 1109 1469 fu-

227 1488 289 1522 isse
314 1488 362 1530 jus
376 1488 593 1522 Ecclefiarum
621 1486 882 1529 parochialium.
910 1485 1036 1521 Audite
1051 1490 1106 1519 De-

161 1574 165 1582 *
227 1537 463 1573 monstratorem:
496 1536 665 1579 Respondeo
692 1538 807 1580 Angliae
834 1535 991 1569 monachos
1013 1536 1108 1578 pluri-

224 1597 274 1619 um
304 1587 518 1622 parochiarum
544 1587 674 1630 babuisse
710 1598 814 1620 curam
834 1610 846 1626 ,
881 1587 938 1622 (π.
968 1586 1042 1630 Ego
1068 1586 1108 1619 de

224 1637 355 1678 Scotis,
384 1637 416 1671 id
441 1637 506 1676 est,
533 1636 575 1671 de
591 1636 750 1670 Hibernis
778 1637 907 1670 locutus
933 1637 1027 1675 sum,
1052 1635 1108 1668 ille

221 1686 391 1729 respondet
418 1686 459 1720 de
486 1686 626 1730 Anglis.
653 1685 697 1719 Et
722 1696 787 1729 ego
814 1696 887 1719 vera
914 1684 1039 1727 scripti.
1067 1684 1107 1718 13-

222 1736 328 1771 tenim
353 1735 395 1770 de
421 1736 490 1770 istis
521 1735 690 1779 Episcopis
725 1734 836 1768 statuit
874 1733 1107 1768 Vermerienlis

223 1785 396 1827 Synodus:
427 1789 464 1818 Ut
490 1785 528 1819 ab
554 1783 710 1826 Episcopis
734 1783 956 1816 ambulantibus
978 1792 1035 1824 per
1047 1786 1100 1815 Pa-

218 1840 299 1869 ·trias
327 1836 478 1867 ordinatio
504 1833 742 1872 Presbyterorum
765 1844 822 1866 non
843 1832 922 1874 fiat.
948 1833 980 1864 51
1003 1841 1104 1866 autem

222 1885 289 1917 boni
306 1883 367 1925 finr
386 1884 431 1916 illi
459 1883 644 1922 Prerbyteri,
674 1890 780 1916 iterum
805 1880 1004 1925 consecrentur
1024 1906 1031 1913 .
1062 1882 1103 1915 Et

147 1958 156 1969 .
220 1933 362 1968 secunda
388 1932 629 1967 Cabilonenfis:
661 1935 737 1966 Sunt
764 1938 796 1965 in
820 1929 998 1974 quibusdam
1031 1933 1101 1965 10ch

221 1987 297 2017 Scor}

218 2008 403 2078 negligzntes
440 2031 548 2075 absque
573 2034 692 2066 licenna
732 2035 921 2065 Dominarum
951 2029 1073 2074 suorum
1088 2057 1099 2074 ,

368 1989 419 2025 qui
440 1981 474 2025 se
499 1984 604 2016 dicunt
630 1981 788 2026 Epist-opos
815 1983 867 2025 effe
886 2006 898 2023 ,
934 1982 968 2015 ὁ·
993 1983 1100 2015 multos

172 2106 180 2113 ,
213 2083 276 2126 five
304 2081 509 2126 Magistrorum
534 2106 546 2122 ,
574 2083 759 2122 Presbyteros
788 2084 822 2116 (tr
848 2087 995 2115 Diaconos
1022 2084 1099 2116 ordi-

217 2142 320 2174 nant,
343 2144 468 2176 quorum
496 2133 725 2167 ordinationem
746 2156 758 2174 ‚
785 2138 857 2175 quia
879 2134 1053 2174 plerumque
1065 2139 1096 2165 m

216 2187 412 2216 simoniacam
439 2184 543 2215 incidie
570 2182 701 2225 haerefim
724 2208 735 2223 ‚
763 2184 797 2216 (5
822 2183 925 2215 mulus
951 2182 1096 2215 erroribus

212 2233 370 2276 subJacet‚
396 2234 492 2265 modis
515 2232 646 2266 omnibus
671 2237 791 2266 irritam
813 2232 879 2273 fieri
904 2232 1094 2272 debere,om·

210 2332 374 2377 Capitulis
399 2332 428 2365 S.
456 2331 656 2366 Theodorus
696 2331 971 2374 Archiepiscopus
1008 2332 1093 2365 Can-

210 2382 396 2418 tuarienfis:
427 2383 493 2424 ,Qui
514 2383 646 2414 ordinati
667 2380 740 2424 sum
767 2384 786 2414 ᾶ
813 2384 960 2414 scotorum
972 2379 1090 2423 Episto-

203 2439 276 2475 με,
302 2437 408 2466 iterum
433 2431 474 2464 ab
502 2431 648 2474 Episcopo
674 2431 827 2464 Catholico
849 2443 956 2464 manus
983 2431 1089 2472 imposi-

203 2487 286 2515 tione
310 2481 521 2522 confirmentur
548 2506 556 2513 .
590 2480 693 2527 Qud
720 2481 901 2514 istiusmodi
928 2481 1087 2524 Episcopi

209 2533 243 2567 &
270 2531 393 2565 Clerici
421 2541 474 2574 per
500 2540 633 2563 omnem
660 2531 743 2566 olim
773 2531 938 2573 Europam
978 2532 1089 2573 praedi-

204 2591 316 2616 cantes
350 2581 383 2614 δε
421 2579 646 2614 consecrantes
686 2580 893 2614 discurrerint
931 2578 1086 2613 testantur

205 2631 386 2676 sigibertus
412 2627 654 2664 Gembncenfis
675 2651 686 2667 ‚
712 2628 859 2663 Sirfridus
887 2628 1084 2671 Presbyter,

204 2681 440 2715 Theodericus
467 2679 486 2712 a
513 2679 634 2719 Niem,
662 2679 695 2712 ἀ
721 2678 778 2712 alii
795 2677 978 2712 authentici
1006 2679 1084 2713 Scri-

200 2741 310 2776 ptores
330 2753 339 2763 .
377 2729 419 2763 Et
445 2730 536 2774 quod
564 2729 622 2763 suo
649 2728 755 2763 adhuc
792 2738 939 2771 tempore
977 2729 1082 2771 quivis

196 2781 265 2816 sere
290 2779 517 2815 Hibernorum
545 2789 644 2823 pagus
674 2777 803 2812 haberet
833 2780 924 2812 suum
954 2778 1082 2821 Episco-

202 2842 302 2876 pum,
329 2830 364 2864 in
394 2830 492 2863 sanai
520 2826 692 2862 Malachiae
721 2829 787 2862 vita
798 2828 931 2862 testatur
958 2830 1081 2863 sanstus

202 2881 385 2916 Bernardus
407 2904 414 2913 .
451 2880 505 2913 De
531 2890 593 2922 qua
621 2889 654 2912 re
680 2877 755 2912 vide
780 2878 865 2921 apud
894 2877 1079 2919 eruditum,

201 2932 279 2965 licet
305 2930 530 2968 Haereticum,
549 2929 709 2972 Ioannem
739 2927 913 2962 seldenum
939 2927 973 2962 in
1001 2939 1078 2970 prae-

201 2981 326 3016 satione
362 2980 402 3015 ad
440 2990 541 3022 nuper
577 2978 683 3013 editos
719 2977 937 3022 Anglicarum
973 2989 1076 3011 rerum

202 3031 398 3072 Scriptores.
421 3029 496 3074 Ego
522 3027 614 3062 istam
641 3027 844 3061 Hierarchiae
855 3029 996 3063 formam
1010 3038 1076 3061 non

200 3079 357 3126 probavi,
384 3078 556 3114 dumtaxat
582 3077 653 3113 dixi
681 3077 806 3112 fuisset
834 3077 914 3111 Non
941 3078 974 3110 in
1001 3076 1077 3111 An*

200 3130 264 3175 glia
288 3155 298 3169 ,
338 3128 391 3163 sed
430 3129 464 3162 in
500 3127 663 3163 Hibernia
685 3153 692 3160 .
732 3127 777 3160 Et
803 3126 874 3161 dixi
902 3127 1073 3161 veriffima.

196 3179 288 3225 Qid
315 3179 417 3222 igitur
426 3178 551 3222 deliqui
579 3179 613 3212 in
625 3177 851 3220 Episcopalem
863 3177 1074 3221 dignitatern?

250 3228 395 3272 AEgypti
430 3239 468 3262 ac
503 3228 603 3270 Syriae
639 3226 941 3262 Hiero-Monachis
970 3227 1073 3270 scripsi

200 3279 282 3314 olim
310 3278 404 3311 fuisse
430 3277 478 3319 jus
503 3276 724 3312 catechizandi
746 3302 756 3318 ‚
795 3276 1004 3320 baptizandi,
1036 3288 1073 3311 ac

195 3326 392 3372 praedicandi
421 3327 455 3359 in
482 3326 547 3360 suis
559 3326 788 3367 Monasteriis‚
816 3328 849 3360 δε
876 3326 1007 3370 probavi
1020 3338 1074 3370 per

190 3377 342 3420 exempla
369 3376 397 3410 S.
424 3376 648 3419 Hieronymi,
673 3378 704 3411 S.
731 3375 910 3422 Epiphanii
929 3398 941 3417 ‚
977 3387 1015 3412 ac
1039 3377 1075 3414 S.

279 3426 472 3470 ChriflLupi
483 3429 583 3468 Opera
592 3428 732 3482 ssomXI.

1178 62 1289 98 151
1359 69 1385 98 T
1453 70 1504 101 Λ.
1568 89 1582 98 t
1931 67 2021 114 315

1174 141 1360 176 Hilarionis
1380 167 1389 176 .
1429 143 1472 177 Et
1498 141 1575 186 quia
1602 143 1633 178 S.
1660 140 1818 176 Hilarion
1843 143 1905 177 fuit
1941 142 2054 188 magni

1175 193 1318 225 Antonii
1345 191 1543 235 discipulus,
1573 202 1610 226 ac
1635 191 1702 234 ejus
1729 192 1975 227 Coenobiticum
2002 194 2050 227 in·
2096 214 2099 218 ·

1155 220 1322 276 ¹stitutum
1348 253 1390 275 ex
1419 243 1558 286 Egypto
1585 244 1726 285 portavit
1754 243 1788 276 in
1811 243 2050 283 Syriam‚eon·

1174 291 1252 326 clufi
1281 291 1512 325 istummorem
1540 294 1607 325 esse
1619 303 1731 326 natum
1761 291 1818 326 sub
1840 292 2049 325 S-Antonio.

1177 342 1288 377 Etiam
1324 340 1387 376 hoc
1426 341 1645 385 Demonstrator
1675 342 1791 376 rodit‘.
1831 342 1877 375 At
1916 342 2052 375 istorum

1175 391 1400 434 exemplorum
1428 390 1681 432 authoritatem,
1708 404 1745 424 ac
1772 392 1852 426 item
1880 391 1908 425 S.
1936 391 2055 425 Hiero·

1177 441 1268 483 nymi
1297 441 1484 475 testimonia
1512 442 1613 474 nescit
1638 451 1778 475 evertere
1798 465 1806 473 .
1844 441 1921 483 Ejus
1960 439 2053 476 verba

1177 492 1249 524 sunt
1277 490 1406 525 lucida:
1434 493 1524 523 Certe*
1551 498 1680 532 quinque
1716 492 1881 527 Presbyter!
1908 501 1994 524 eram
2021 496 2053 524 in

1176 540 1368 580 Monasterio,
1395 546 1446 582 qui
1470 538 1522 582 suo
1541 542 1611 580 jure
1618 549 1758 581 poterant
1769 541 1939 581 baptizare.
1970 541 2053 575 Non

1175 591 1250 634 quia
1278 589 1419 625 Parochi
1446 600 1564 630 erant,
1591 590 1641 625 sed
1666 590 2055 633 quiaHiero-Monachi.

1179 641 1220 674 Et
1247 641 1306 674 ista
1333 640 1561 681 Hieronymus
1586 638 1620 672 in
1648 641 1740 681 Syria
1767 641 1903 682 scriptit.
1943 641 1985 678 Et
2012 640 2054 679 de

1177 691 1204 723 S.
1231 690 1526 724 Hiero-Monacho
1553 700 1590 722 ac
1606 688 1752 732 AEgypti
1772 689 1901 729 Abbare
1929 691 2055 733 Joanne

1178 739 1287 774 scribit
1312 740 1347 773 in
1375 740 1530 784 vigesima
1559 739 1659 782 prima
1688 738 1880 773 Collatione
1916 740 2056 782 Joannes

1178 789 1373 823 Caffianus:
1403 795 1549 834 Joannes
1590 788 1688 820 Abbas
1708 813 1718 828 ,
1750 791 1853 838 merito
1880 787 2054 831 sane‘litatis
2073 782 2112 819 C.
2144 785 2174 818 1‘.

1176 839 1304 880 clarus,
1332 837 1669 880 Diacom'aepraefidebat
1685 862 1692 870 .
1720 843 1794 871 Non
1819 845 1899 871 enim
1926 842 1969 872 ad
1978 840 2056 875 -bunc

1172 891 1314 933 gradum,
1327 890 1452 932 ,quilibet
1477 895 1598 931 propria
1624 889 1799 929 voluntate,
1827 898 1880 922 aur
1899 888 2057 925 ambitione

1172 939 1368 986 provehitur,
1390 938 1446 982 sed
1464 946 1489 972 is
1516 951 1603 981 quem
1613 939 1778 975 cunctorum
1791 942 1939 971 seniorum
1952 950 2057 983 coetus,

1176 987 1278 1025 aetaekis
1300 992 1563 1032 prarogativae&
1588 989 1658 1029 fidei
1686 997 1773 1030 atque
1799 995 1948 1022 virtutum
1974 990 2058 1030 testi·-

1175 1045 1269 1075 monio
1294 1039 1523 1073 excellentiorem
1548 1038 1698 1078 omnibus,
1724 1037 1981 1081 sublimioremque
1991 1051 2058 1076 cen-

1170 1087 1285 1131 suerit.
1312 1090 1363 1122 Ad
1388 1088 1466 1128 hune
1491 1089 1611 1125 beatum
1643 1092 1802 1132 Joannem
1827 1100 1892 1126 cum
1917 1095 1981 1130 piae
2007 1091 2057 1124 de.

1172 1143 1298 1173 votionis
1320 1138 1417 1176 fludlo
1437 1141 1568 1179 juvenis
1597 1137 1732 1171 Theonas
1758 1141 1922 1181 advem'ffet
1937 1163 1946 1177 ,
1974 1140 2056 1182 defe-

1172 1199 1241 1222 rens
1269 1187 1404 1233 religiosa
1429 1201 1554 1222 munera
1581 1194 1787 1222 intercaeteror
1811 1189 1967 1233 poffefflvres
1981 1194 2057 1232 ,qul

1170 1244 1308 1272 certatim
1348 1244 1487 1272 Decimus
1514 1241 1547 1272 (v
1577 1241 1737 1272 Primitias
1768 1239 1895 1283 frugum
1927 1237 2052 1280 suarum

1173 1299 1329 1322 memorato
1356 1291 1425 1322 Sem
1451 1290 1488 1322 de
1508 1287 1574 1331 suis
1595 1286 1771 1330 substantiis
1798 1288 1962 1329 afferebant
1977 1313 1987 1329 ‚
2008 1294 2060 1322 vi·-

1172 1340 1310 1381 daretque
1334 1350 1382 1372 eos
1408 1341 1497 1374 Senes
1522 1350 1589 1371 cum
1615 1339 1717 1371 mulus
1744 1339 1787 1370 ad
1817 1336 1852 1380 se
1880 1338 2055 1373 muneribus

1171 1388 1356 1430 cwfluxfflb,
1383 1389 1417 1422 (9·
1443 1390 1596 1424 devotioni·
1621 1399 1720 1420 eorum
1733 1387 1927 1427 viciffitudinr
1940 1395 2057 1430 cuperet

1172 1437 1472 1480 compensart,eoep1‘t
1483 1444 1524 1472 eis
1534 1436 1693 1480 secundam
1707 1438 1869 1479 Apostolum
1875 1435 2055 1480 spiritualia

1167 1487 1337 1530 seminar-e,
1363 1492 1485 1530 quorum
1510 1488 1640 1523 metebat
1667 1489 1809 1522 carnalia
1833 1512 1840 1519 .
1868 1488 1974 1521 Addit
2002 1488 2058 1530 Jo-

1171 1537 1248 1576 anui
1262 1536 1390 1577 Eliam,
1406 1537 1485 1570 Eliae
1511 1537 1608 1571 istum
1621 1537 1803 1573 Theonam
1830 1537 1864 1570 in
1882 1534 2056 1575 Diaconiae

1172 1597 1291 1620 munus
1316 1585 1496 1620 succeffisse
1517 1609 1524 1617 .
1563 1585 1632 1618 Cur
1659 1584 1853 1620 Monasticae
1880 1587 2057 1624 Diaconite.¹

1172 1635 1325 1671 Praefesto
1336 1646 1454 1670 omnes
1481 1633 1631 1669 certatim
1645 1636 1837 1678 possessores
1866 1635 2057 1674 deferebant:

1171 1687 1298 1720 suarum
1322 1686 1455 1729 frugum
1481 1697 1518 1719 ac
1546 1684 1683 1718 aliarum
1711 1683 1960 1720 substantiarum
1987 1685 2057 1720 Dei·

1168 1736 1268 1769 cimas
1303 1748 1340 1768 ac
1366 1735 1532 1768 Primitias
1564 1757 1576 1773 ,
1622 1743 1722 1776 atque
1753 1732 1816 1766 alra
1854 1734 2055 1778 amplissima

1167 1785 1324 1818 munera?
1352 1783 1453 1830 Qod
1482 1783 1549 1819 illic
1577 1783 1611 1816 in
1638 1782 1822 1821 Monastica
1852 1782 1988 1817 Ecclesia
1999 1796 2053 1822 ac.-

1165 1834 1308 1876 ciperent
1335 1834 1447 1867 omnia
1476 1834 1599 1867 Divina
1637 1834 1842 1867 Sacramenta
1867 1833 1902 1866 &
1942 1833 2054 1868 Eccle-

1165 1883 1283 1919 fiastica
1311 1883 1516 1918 Ministeria.
1545 1883 1824 1916 Hocestunicum
1854 1882 2050 1917 fundamen»

1162 1943 1234 1967 tum
1264 1935 1473 1971 Decimarum
1500 1933 1532 1967 ἀ
1560 1932 1798 1968 primitiarum.
1828 1931 1930 1966 Tunc
1957 1934 2050 1970 enim

1164 1983 1312 2018 nondum
1339 1990 1528 2027 apparuerat
1554 1983 1691 2016 Carolus
1718 1978 1892 2016 Martelltis
1916 2008 1927 2024 ,
1954 1983 2048 2026 cujus

1161 2033 1195 2067 in
1226 2032 1385 2068 Ecclefias
1407 2032 1564 2068 violentia
1592 2032 1901 2079 postmoddaperuit
1925 2043 2046 2078 portas,

1136 2081 1199 2127 lex
1227 2083 1344 2127 quibus
1370 2083 1426 2117 ista
1455 2083 1670 2116 Eccleliastici
1695 2082 1870 2119 Ministerii
1896 2083 1966 2126 jura
1983 2094 2044 2118 coe·

1135 2143 1275 2175 ‹perunt
1301 2133 1334 2167 in
1363 2134 1485 2168 alienas
1509 2131 1564 2166 fibi
1594 2132 1669 2166 solis
1708 2131 1890 2166 viventium
1917 2132 2044 2167 Mona-

1125 2182 1141 2257 Ι
1156 2180 1294 2217 chorum
1320 2183 1354 2217 δε
1383 2182 1587 2216 Clericotum
1614 2192 1729 2217 manus
1746 2181 1893 2216 deviare.
1917 2177 2043 2221 'Etista

1155 2233 1223 2266 adia
1251 2234 1324 2267 sunt
1352 2233 1386 2266 in
1416 2232 1591 2276 AEgypto.
1618 2231 1657 2265 In
1685 2230 1894 2266 Monasteriis
1917 2232 1949 2265 S.
1972 2230 2041 2265 An·

1154 2276 1238 2316 t'onii
1260 2308 1269 2317 .
1304 2283 1433 2325 Nempe
1458 2283 1568 2318 statim
1596 2280 1628 2314 »ὲ
1656 2280 1761 2323 primo
1798 2280 2040 2317 Coenobiorum

1152 2332 1291 2367 exordio
1317 2332 1427 2366 omnis
1453 2328 1765 2366 Hiero-Monachus
1779 2329 1890 2365 habuit
1918 2332 2037 2370 cundia

1151 2380 1335 2424 Presbyteri
1357 2381 1446 2423 jura.
1474 2379 1587 2415 Potuit
1614 2380 1648 2413 in
1677 2381 1733 2419 suo
1761 2379 1964 2414 Monasterio
1985 2393 2038 2415 ca-

1150 2431 1332 2471 techizare,
1362 2432 1541 2473 baptizare,
1568 2428 1755 2472 prssaedicare.

1198 2481 1280 2515 Dixi
1307 2480 1402 2514 istum
1433 2490 1555 2513 morem
1582 2479 1616 2511 in
1643 2478 1735 2521 Syria
1763 2478 1903 2523 viguisse
1929 2481 2033 2521 usque

1147 2531 1187 2565 ad
1199 2529 1435 2566 Pontificatum
1450 2529 1562 2572 magni
1591 2528 1734 2561 Leonis.
1764 2527 1874 2563 Etiam
1887 2528 1952 2564 hoc
1966 2531 2032 2564 Dev

1146 2580 1342 2616 monstrator
1369 2578 1472 2613 rodit.
1500 2583 1605 2619 ltaque
1625 2576 1741 2619 falsum
1767 2576 1805 2617 est
1829 2601 1840 2617 ,
1866 2580 1945 2620 quod
1971 2584 2029 2612 Au·

1143 2630 1211 2663 thor
1231 2655 1242 2670 ‚
1261 2638 1293 2663 ut
1317 2629 1354 2670 est
1374 2628 1494 2671 subtilis
1520 2626 1793 2670 consequennarum
1824 2628 2022 2673 Archadius,

1140 2679 1306 2722 subJ'ungit.
1336 2679 1376 2712 Et
1403 2677 1495 2713 addit
1523 2688 1674 2717 morem,
1702 2677 1759 2721 qui
1786 2677 1863 2712 solis
1892 2678 2024 2721 Episco.

1143 2730 1190 2773 pis
1219 2728 1357 2773 permisit
1384 2727 1784 2771 praedicationis-munus,
1807 2727 1920 2762 insola
1934 2727 2025 2769 Afri,

1140 2791 1178 2814 ca
1207 2779 1363 2824 viguisse.
1392 2777 1589 2821 Respondeo
1617 2788 1687 2811 mea
1715 2777 1806 2810 Dina
1818 2778 1883 2810 esse
1910 2778 2022 2811 certis-

1142 2831 1234 2863 fima.
1267 2829 1399 2863 Etenim
1425 2839 1482 2862 cur
1508 2839 1644 2872 magnus
1683 2828 1750 2860 Leo
1777 2826 1872 2859 istum
1901 2828 2020 2861 Mona·

1140 2878 1243 2912 chalis
1280 2877 1514 2921 praedicationis
1552 2886 1674 2911 morem
1700 2876 1942 2918 circumscripsit
1982 2878 2018 2911 δε

1138 2927 1299 2967 abolevit,
1324 2929 1346 2961 fi
1374 2929 1473 2969 usque
1501 2938 1579 2963 tunc
1608 2937 1693 2961 nunc
1721 2926 1857 2969 viguerit
1881 2927 1892 2959 ?
1914 2926 2017 2969 Nulla

1139 2978 1193 3012 lex
1218 2977 1455 3017 circumscribit
1481 2987 1534 3010 aut
1563 2975 1695 3015 abolet,
1724 2975 1781 3009 nili
1810 2987 1915 3016 mores
1940 2987 2018 3019 praa-

1137 3028 1260 3063 sentes.
1287 3028 1320 3061 Si
1349 3029 1421 3070 quis
1450 3027 1532 3060 alius
1559 3024 1735 3065 Pontifex,
1765 3035 1820 3063 aut
1847 3037 1916 3070 quae
1941 3027 2014 3070 post

1135 3078 1327 3112 Sanctorum
1354 3075 1557 3116 Hieronymi
1584 3087 1623 3111 ac
1653 3073 1830 3119 Epiphanii
1867 3085 2014 3121 tempora

1134 3127 1291 3170 Synodus
1318 3127 1412 3160 istum
1441 3136 1566 3159 morem
1595 3125 1745 3159 invaserit
1765 3149 1777 3165 ,
1814 3124 2010 3160 adducatur.

1183 3177 1298 3221 AEque
1322 3177 1433 3209 falsum
1448 3176 1514 3215 est,
1537 3174 1624 3218 quod
1637 3184 1730 3213 mos,
1756 3174 1831 3209 solis
1844 3175 2012 3218 Episcopis

1133 3228 1323 3271 permittens
1333 3226 1448 3259 Divini
1462 3224 1562 3259 Verbi
1584 3224 1844 3267 praedicationem
1868 3248 1878 3264 ‚
1906 3225 2014 3269 vigue,

1132 3276 1173 3311 rit
1200 3277 1233 3310 in
1261 3276 1327 3311 sola
1340 3274 1474 3308 Africa.
1504 3274 1641 3307 Etenim
1655 3274 1696 3307 de
1710 3273 2014 3315 Alexandrina,to,

1132 3325 1196 3360 tius
1226 3324 1437 3369 AEgyptiacae
1465 3322 2011 3365 DioecefiosPatriarchaliEcclesia
2031 3327 2070 3362 L.
2081 3340 2112 3375 7.
2128 3339 2158 3364 e.

1131 3375 1243 3417 scribit
1253 3374 1404 3411 Hermias
1414 3374 1729 3417 zozomennsmpud
1737 3373 1952 3410 Alexandrinas
1964 3376 2010 3408 do-
2035 3389 2051 3414 1
2058 3389 2088 3430 9.

1481 3422 1548 3459 Dd
1573 3432 1601 3461 z
1919 3431 1963 3459 cer
