2366 3736
520 183 709 216 CIRCA
742 162 1266 214 PR‘AE‘orcn-rlonem
1301 165 1605 212 Remuria:
1887 166 1987 221 289

189 254 302 297 plura,
329 263 437 296 magno
448 253 484 286 de
497 251 547 286 boc
558 254 693 286 sermone
705 259 808 284 contra
820 249 895 292 ipsos
912 248 999 292 fallo
1015 257 1071 290 per
1135 247 1278 284 erudelis
1300 247 1408 282 bellua
1429 246 1634 283 parochiales
1657 243 1868 289 1’resbyteros
1888 249 1958 291 egit
1978 249 2015 283 in

193 309 353 338 Dominum
376 305 594 343 Cardinalem‚
617 303 651 335 ὁ·
667 300 811 344 praefatis
833 299 1072 333 Mendicantibus
1136 297 1270 344 fugami
1296 297 1422 331 Fratres
1435 308 1543 331 autem
1567 297 1795 332 Mendicautes
1819 308 1877 340 pro
1891 296 2018 331 Christi

197 351 538 396 ibidempraesentibus,
566 353 601 385 Θ·
621 349 699 383 nihil
707 353 750 382 ad
759 348 1073 393 obJellarespondenti·
1136 348 1302 384 Fideli‘bus
1324 349 1541 391 exposuerunt
1567 348 1636 380 suas
1657 347 1782 381 animas
1795 370 1805 387 ‚
1831 347 1866 380 &
1887 346 2019 390 plurimi

194 403 251 437 bus
265 428 276 444 ,
296 402 357 446 sed
373 410 472 446 potius
496 400 691 444 cogitantibus
717 401 809 440 illud,
835 401 913 442 quod
928 397 1075 440 scriptum
1140 401 1329 443 posuerunt.
1362 397 1409 430 At
1429 398 1504 430 vero
1524 398 1605 444 grati
1619 396 1745 432 Fideles
1756 421 1767 437 ,
1796 396 1970 439 spiritualia
1983 397 2019 430 in

195 452 242 494 est:
257 453 284 486 E
298 455 319 487 S
330 453 367 486 T
379 454 412 487 Ο
424 444 459 486 T
472 451 500 484 E
522 448 582 483 1N
604 448 631 481 P
645 449 676 488 Λ
690 449 720 484 C
730 450 756 483 E
771 475 781 491 ,
809 449 882 483 ET
905 448 939 482 D
952 450 984 482 O
999 449 1036 481 M
1052 449 1077 481 1-
1138 444 1228 487 tanta
1243 446 1426 482 neceffltate
1439 458 1491 489 per
1503 448 1618 479 castam
1630 446 1820 480 charitatem
1834 446 2021 481 seminanti-

196 503 235 537 N
247 502 286 537 U
300 504 321 537 S
354 502 381 535 Ρ
394 501 433 536 U
445 500 478 533 G
491 499 523 545 N
538 500 567 531 A
581 499 607 531 B
621 499 633 532 1
645 499 682 533 T
718 499 743 532 P
758 502 788 534 R
801 500 835 533 Ο
874 498 908 532 V
919 499 953 532 Ο
967 498 1050 533 1318
1070 523 1077 530 .
1139 499 1216 540 bus,
1245 497 1455 531 reddiderunt
1475 497 1662 537 temporalia
1677 520 1688 536 ,
1713 500 1811 539 atque
1831 496 1876 530 ita
1896 498 2020 530 Fratres

136 572 137 575 =
198 555 293 598 ,Quod
297 553 400 592 statim
411 551 520 583 ibidem
524 548 644 590 fat‘lum
646 549 716 599 fuit
730 574 737 582 .
763 554 851 583 Nam
863 548 963 590 finitis
990 549 1078 582 dieis
1142 548 1370 586 Mendicantes
1393 547 1448 580 fua
1465 555 1652 588 repararunt
1675 557 1712 578 ac
1733 556 1889 580 ornarunt
1902 547 2024 581 Mona-

201 601 433 645 Allegationibus
448 623 458 638 ,
479 602 579 633 contra
613 598 689 642 ipsos
702 602 834 632 Domnur
849 601 935 639 Papa
951 623 960 637 ‚
977 598 1079 638 statim
1141 599 1234 635 steria
1246 622 1258 639 ,
1285 598 1319 631 &
1340 607 1429 631 nova
1448 595 1467 628 a
1489 595 1584 630 variis
1595 595 1780 628 civitatibus
1792 596 1825 629 ὃ(
1837 594 1965 638 oppidis
1975 596 2026 630 ἴῃ·

195 662 254 696 pro
264 649 500 684 mendicantibus
511 650 637 683 verbum
644 648 767 693 sumpfit
776 674 787 689 ,
799 649 931 696 allegans
940 657 996 690 pro
1003 657 1079 691 par·
1145 649 1240 683 vitati
1253 648 1480 685 exstruxerunt
1491 669 1498 677 .
1526 645 1610 678 Hae-'c
1621 654 1668 677 res
1679 644 1765 677 feriit
1781 645 1911 678 invidos
1924 645 2028 679 Cleri„

198 711 231 735 te
241 701 482 734 Mendicanttum
492 725 501 739 ,
521 701 666 743 eleganter
679 699 828 740 ostendens
836 708 891 741 per
901 700 997 731 multa
1004 701 1081 740 jura
1144 702 1256 733 corum
1267 696 1384 732 oculos
1397 720 1405 728 .
1431 695 1526 729 Hinc
1540 694 1736 738 postulatum
1746 718 1756 733 ‚
1785 705 1822 728 ut
1834 694 2030 729 Mendican-

200 753 237 786 θ
252 753 440 792 Scripturas,
467 749 559 782 dit‘los
584 751 791 782 Mendicantes
815 760 872 781 non
895 749 946 791 effe
956 746 993 789 fic
1000 746 1083 790 sper-
1147 760 1195 782 tes
1218 748 1413 782 cassarentur
1423 770 1433 786 ,
1461 742 1559 787 atque
1579 744 1731 786 deinceps
1743 744 1787 777 ita
1799 754 1866 777 non
1878 743 2032 787 praedica-

199 794 330 840 nendos,
356 809 388 832 ut
399 800 444 832 illi
456 799 602 834 dixerant
615 823 626 839 ,
638 810 687 837 nec
696 799 847 842 caffandos
857 797 992 839 probans
1003 808 1051 830 eos
1065 799 1084 830 ἂ
1148 808 1239 834 rent.-
1267 797 1319 831 vel
1340 797 1451 830 saltem
1470 820 1480 837 ,
1507 805 1544 829 ut
1566 806 1634 831 non
1660 794 1767 827 solum
1790 804 1901 838 quarta
1926 793 2034 836 portio

201 854 266 885 1³⁸⁰
290 851 324 884 6
347 848 473 890 Ecclefia
492 849 558 894 fvre
579 858 698 882 vocatos
722 847 919 886 adauxmum
930 853 1083 891 ⁷eglmim't
1149 848 1349 883 funeralium
1360 839 1568 880 oblationum
1582 869 1594 885 ,
1621 843 1672 877 sed
1686 844 1813 892 integra
1824 844 1922 882 massa
1935 844 2037 878 Cura-

201 898 361 942 Ecclest'ae,
388 901 453 934 licit
472 899 593 932 tardius
615 910 707 942 quam
719 900 758 931 de
771 898 874 930 multis
888 921 899 937 ,
925 904 1020 931 ettam
1040 909 1088 931 eos
1151 901 1194 932 tis
1207 897 1411 932 redderetur:
1438 895 1488 929 Ibi
1500 895 1610 938 posuit
1623 894 1692 927 vim
1708 918 1715 925 .

203 957 284 986 inter
294 950 367 983 alios
377 957 499 982 vocatos
509 943 733 981 debere'mertto
745 952 910 989 computari
923 973 932 987 ‚
956 947 1089 990 probans
1201 947 1356 982 Tertiam
1378 946 1471 983 litem
1499 944 1596 984 habes
1608 944 1693 987 apud
1705 941 1855 977 eumdem
1865 942 2039 977 Guilielmi
2086 946 2191 982 Anno

204 1001 347 1035 becinter
355 1007 467 1032 caetera
479 998 612 1038 exemplo
624 998 717 1031 Beati
730 998 818 1030 Pauli
829 997 1016 1040 apostoliam
1028 1008 1092 1031 cum
1154 997 1392 1042 Nangiacenfis
1409 995 1676 1030 continuatorem
1695 990 1713 1025 τ’
1732 992 1968 1036 Arcbiepiscopus
1988 997 2042 1026 Ar·
2067 1009 2168 1049 1337,-

1154 1047 1319 1089 macharius
1331 1070 1342 1087 ‚
1369 1048 1492 1078 Primas
1505 1045 1654 1078 Hibernia·
1666 1068 1677 1083 ,
1697 1043 1838 1084 transivit
1852 1044 1896 1076 ad
1917 1048 2044 1077 Curiam

1156 1096 1323 1132 Romanam
1334 1119 1344 1136 ,
1352 1096 1573 1139 praedicaturus
1585 1103 1687 1127 contra
1698 1093 1856 1137 Religiosos
1870 1096 2046 1127 Mendican-

206 1048 374 1092 mnfuiffet
385 1050 406 1080 ἃ
427 1052 577 1089 principio
595 1048 634 1081 de
647 1059 767 1081 numero
788 1049 939 1080 duodecim
953 1047 1093 1090 apostolo-

205 1111 274 1135 rum
283 1122 295 1138 ,
311 1097 474 1141 sedpotius
486 1097 551 1140 effet
561 1108 691 1141 magnus
703 1097 838 1139 Ecclesi‘ae
846 1097 1014 1140 persecutor
1023 1122 1033 1137 ,
1044 1106 1094 1139 pa·

204 1150 266 1192 flea
277 1158 378 1182 tamen
381 1146 450 1189 fuit
460 1149 481 1180 ἃ
495 1146 613 1187 cbristo
623 1146 791 1191 inspiratus
804 1173 815 1188 ,
836 1157 959 1181 vocatus
972 1172 983 1188 ‚
993 1149 1027 1181 ὁ·
1038 1158 1095 1186 vas
1158 1159 1205 1182 tes
1219 1173 1230 1188 ‚
1254 1157 1356 1181 contra
1373 1146 1436 1178 illos
1440 1144 1561 1187 faciens
1573 1144 1684 1177 libellos
1695 1146 1728 1178 (ν
1742 1144 1894 1178 uadatus
1906 1168 1917 1183 ‚
1938 1142 2045 1186 fortifi

208 1196 487 1238 Elefflonisfadlus
498 1221 509 1236 ‚
531 1199 566 1231 (π
577 1203 654 1230 inter
668 1198 812 1240 apostolos
824 1199 1009 1231 excellentior
1023 1209 1098 1230 com·
1154 1196 1224 1240 sime
1234 1199 1369 1242 allegans
1381 1194 1458 1238 ipsos
1469 1195 1508 1229 ab
1520 1193 1645 1235 Ecclesia
1657 1205 1715 1227 non
1726 1193 1830 1228 debere
1839 1193 1975 1236 sustineri
1988 1196 2047 1237 ;,&

209 1249 374 1284 mendatus
384 1271 392 1279 .
419 1246 538 1288 objecit
548 1252 643 1280 etiam
657 1251 793 1281 Domnus
808 1250 897 1290 Papa
907 1246 973 1290 ipsis
987 1248 1100 1280 Praela-
1162 1251 1262 1282 dicens
1276 1255 1353 1280 inter
1363 1254 1469 1280 caetera
1482 1246 1516 1279 6*
1528 1245 1652 1288 afferetis
1664 1258 1675 1278 .·
1696 1245 1778 1287 quod
1786 1242 1919 1284 cbristus
1930 1244 1964 1277 δ’
1976 1249 2051 1289 Apo-

210 1303 253 1332 tts
268 1300 302 1333 ό*
313 1301 439 1332 curatis
451 1309 466 1339 ‚⁹
493 1297 531 1330 de
543 1308 600 1339 quo
615 1295 930 1340 ‚fitpfiMendicantes
946 1305 1077 1331 tacerent
1090 1320 1101 1336 ‚
1158 1298 1226 1339 floli
1240 1322 1250 1337 ‚
1277 1298 1344 1331 licet
1365 1297 1454 1339 effent
1476 1300 1538 1328 viri
1559 1302 1708 1336 pauperes
1720 1319 1731 1334 ‚
1758 1306 1816 1328 non
1829 1292 1952 1334 fuerint
1969 1297 2051 1327 Men*-

210 1347 273 1391 ipfi
284 1349 393 1390 populo
413 1348 642 1388 praedicarent?
668 1346 790 1391 ‚Quiafi
796 1349 834 1380 de
844 1347 1018 1383 bumilitate
1024 1355 1102 1389 prae·
1165 1350 1301 1387 dicantes
1314 1371 1322 1378 .
1351 1346 1464 1388 Allegat
1477 1354 1576 1378 autem
1588 1344 1762 1384 multajura
1773 1366 1784 1383 ,
1812 1345 1846 1376 <a
1857 1345 2027 1384 Scripturas
2039 1367 2053 1383 ‚

213 1401 399 1432 dicaveritis
414 1408 421 1428 :
435 1400 493 1429 Vos
512 1420 523 1436 ,
533 1401 635 1439 inquit
645 1400 778 1430 Domnus
791 1400 890 1439 Papa,
905 1396 995 1440 super
1007 1389 1105 1430 ovines
1167 1405 1200 1431 ut
1223 1395 1261 1430 ab
1272 1395 1400 1438 Ecclesia
1420 1394 1574 1428 deleantur
1586 1418 1595 1432 ,
1623 1394 1675 1427 vel
1690 1391 1801 1434 saltem
1811 1394 1924 1425 auxilio
1930 1394 2057 1435 privile-

214 1448 322 1481 mundi
327 1445 428 1487 status
443 1446 510 1486 estis
521 1452 625 1489 magni
636 1470 646 1485 ‚
653 1444 775 1488 superbi
789 1470 802 1487 ,
824 1448 858 1480 et
868 1448 938 1480 elati
949 1470 960 1486 ,
984 1440 1107 1487 &porn-
1163 1454 1281 1491 gtorum
1299 1455 1356 1490 pro
1372 1443 1634 1478 Praedtcationibus
1647 1467 1657 1482 ,
1684 1442 1910 1526 Confhffioyibus
1920 1467 1930 1483 ‚
1955 1442 2058 1485 Sepul-

212 1496 293 1542 pofi;
322 1497 358 1530 ὑ
369 1501 403 1530 in
413 1500 596 1538 equitaturis
610 1520 620 1535 ,
628 1495 662 1528 <ct
671 1502 704 1528 in
717 1498 789 1528 aliis
804 1521 812 1528 .
825 1498 856 1529 si
865 1497 901 1530 de
907 1504 1088 1538 paupertate
1099 1507 1108 1536 3
1170 1492 1249 1531 ruris
1260 1507 1295 1529 ac
1307 1493 1542 1536 exemptionibus
1550 1494 1720 1535 priventur.
1732 1495 1762 1523 Ε
1775 1503 1825 1526 con
1841 1505 1878 1526 ra
1889 1502 1990 1526 autem
2003 1496 2062 1526 Re·

217 1546 354 1586 vost-estes
365 1549 462 1590 magis
474 1553 595 1578 tenaces
607 1547 641 1578 θ
654 1547 771 1587 cupidi:
789 1548 872 1579 Unde
883 1547 968 1580 vobis
981 1557 1037 1579 non
1041 1544 1110 1588 suf·
1170 1544 1396 1592 ligiefiprafati
1408 1554 1465 1575 non
1476 1543 1608 1583 amplius
1620 1540 1771 1584 quamsex
1783 1544 1923 1576 articulos
1945 1541 2065 1576 baereti·

215 1596 320 1643 fciunt
325 1605 427 1629 omnes
438 1594 632 1635 Praebendae,
639 1606 675 1628 ae
686 1595 838 1638 Beneficia
851 1597 954 1628 mundi
965 1619 973 1628 .
984 1597 1017 1628 Si
1022 1603 1110 1636 prae-
1171 1608 1217 1630 eos
1230 1594 1286 1636 ipfi
1293 1594 1433 1635 objiciunt
1443 1593 1477 1625 θ
1487 1598 1636 1633 opponunt
1647 1616 1654 1624 .
1684 1594 1703 1624 5
1705 1592 1745 1624 ed
1752 1597 1803 1633 qui
1810 1592 2024 1633 praevalebunt
2034 1607 2060 1632 -.

219 1646 500 1688 diets'praedicetis
514 1645 552 1677 de
562 1643 699 1684 castitate
711 1658 725 1686 ‚·
751 1647 788 1677 de
801 1644 853 1678 boc
865 1669 875 1685 ,
897 1650 1016 1686 inquit,
1044 1649 1112 1678 Nos
1173 1652 1205 1679 tn
1224 1644 1282 1687 sine
1307 1643 1452 1686 liquidius
1464 1642 1621 1684 apparebit
1638 1666 1644 1672 .
1671 1640 1733 1674 Iste
1747 1642 1974 1676 Continuator
1996 1642 2065 1680 exi·

221 1705 357 1730 taeemus
368 1720 380 1737 ‚
407 1699 478 1737 quia
500 1696 583 1726 Deus
600 1691 661 1735 seit
688 1696 818 1736 qualiter
834 1690 961 1739 quilibet
970 1699 1034 1738 agit
1044 1717 1054 1733 ,
1079 1697 1113 1729 et
1176 1706 1246 1730 tum
1270 1705 1339 1729 non
1353 1693 1473 1734 scripfit
1489 1715 1497 1723 .
1524 1691 1633 1733 Ipsum
1656 1691 1777 1733 scripsit
1794 1696 1936 1736 magnus
1957 1692 2065 1726 noster

193 1744 200 1754 ⁸
221 1746 354 1790 qualiter
385 1752 478 1786 quam
509 1744 637 1785 plurimi
660 1749 696 1775 in
717 1745 830 1777 deliciis
855 1749 990 1778 nutriunt
1011 1752 1114 1786 corpus
1176 1744 1375 1779 adversarius
1388 1741 1543 1774 Thomas
1558 1739 1862 1783 vvalfingamenfis:
1874 1745 1988 1785 Magna
2000 1746 2064 1775 con-
2110 1725 2219 1762 Anno

223 1794 330 1840 suumss
356 1794 487 1827 Addidit
512 1802 614 1825 autem
628 1795 764 1825 Domnus
778 1796 864 1834 Papa
877 1818 887 1833 ‚
914 1795 995 1835 quod
1009 1795 1115 1827 idcirco
1176 1792 1318 1834 troversia
1333 1802 1431 1824 coram
1444 1792 1560 1823 summo
1574 1788 1809 1831 Pontificef'at‘la
1820 1790 1859 1831 est
1869 1797 1948 1826 inter
1970 1795 2067 1837 Magi·
2089 1775 2191 1826 1358·

224 1847 314 1880 multi
328 1843 455 1876 Prolati
467 1843 500 1874 Gt
511 1845 623 1874 curati
633 1842 697 1874 odio
707 1841 856 1875 habebant
868 1844 1118 1882 mendicantes&
1171 1845 1265 1886 strum
1277 1841 1460 1875 Richardum
1471 1838 1639 1880 Fitzrauf,
1667 1843 1833 1874 Primatem
1846 1840 1997 1876 Hiberniae
2010 1849 2063 1877 Ar-

224 1901 272 1930 eis
283 1891 461 1928 claudebam
471 1898 577 1933 portas
585 1889 728 1934 suas‚pro
738 1901 823 1925 tanto
835 1904 870 1926 ne
880 1894 1019 1927 viderent
1031 1899 1116 1927 vitas
1178 1893 1353 1928 macharium
1364 1892 1500 1926 videlicet
1513 1914 1524 1930 ‚
1550 1891 1584 1923 (¹5
1596 1891 1718 1925 Clerum
1731 1893 1927 1935 Anglicanum
1946 1904 1983 1927 ex
2004 1905 2066 1929 una

226 1955 324 1979 eorum
334 1953 349 1984 ;
360 1941 418 1986 sed
426 1941 498 1974 bene
511 1941 682 1974 Lenonibus
693 1966 702 1981 ‚
716 1944 750 1976 Θ
761 1942 979 1983 Truffatoribus
992 1968 1002 1983 ,
1014 1945 1048 1979 Θ
1062 1955 1118 1977 non
1175 1955 1264 1988 parte
1276 1969 1287 1986 ,
1314 1946 1348 1979 &
1360 1951 1483 1987 quatuor
1496 1942 1624 1975 ordines
1647 1939 1886 1977 Mendicantium
1897 1956 1934 1978 ex
1945 1946 2041 1978 altera
2053 1970 2068 1986 ,

228 1991 479 2027 Mendicantibus
492 1989 568 2024 bona
578 1993 754 2033 temporalia
759 1990 873 2035 saeptus
885 1993 1096 2033 ministrabant
1108 2020 1115 2027 .
1174 1994 1264 2039 super
1271 1994 1352 2036 statu
1364 1995 1398 2028 <a
1407 1994 1509 2042 regula
1518 1992 1685 2026 eorumdem
1699 1997 1844 2027 Fratrum
1860 2019 1867 2027 .
1893 1997 1957 2038 Qui
1982 1997 2066 2028 vide-

229 2046 342 2079 Dicens
353 2045 461 2075 ite'rum
473 2045 518 2075 eis
528 2063 538 2080 ,
556 2041 635 2084 quod
644 2042 739 2075 dolere
749 2053 807 2075 non
813 2043 962 2076 debebant
970 2069 981 2084 ,
1000 2043 1032 2085 fi
1038 2047 1119 2077 Men·
1178 2048 1244 2080 licet
1268 2042 1476 2078 armachanus
1500 2047 1646 2085 opiniones
1655 2040 1727 2086 suas
1739 2054 1811 2088 erga
1822 2047 1949 2078 Fratres
1969 2048 2066 2078 coram

230 2095 370 2127 dicantes
380 2093 483 2134 aliqua
495 2091 572 2123 bona
585 2098 712 2132 tempore
723 2095 928 2133 mortalitatis,
943 2106 1014 2137 quae
1025 2103 1118 2136 nuper
1180 2099 1300 2130 summo
1308 2093 1448 2137 Pontifice
1459 2091 1686 2137 dmluriesque
1695 2092 1832 2135 sustinuit
1846 2119 1857 2135 ‚
1871 2093 1990 2138 &ipsos
2004 2106 2068 2128 ma-

225 2143 332 2187 fuerat
344 2168 355 2184 ,
363 2149 536 2183 receperant
548 2146 580 2172 in
593 2140 808 2181 Vifitationibus
822 2145 1075 2183 Mendicantium,
1084 2146 1119 2178 ὁ·
1180 2153 1210 2179 m·
1228 2145 1281 2184 estc·
1291 2146 1310 2177 ἃ
1317 2142 1380 2187 suis
1398 2145 1505 2187 regulis
1518 2143 1646 2186 deviaffe
1656 2145 1759 2177 multis
1771 2145 1937 2178 rationibus
1950 2147 2067 2177 demon‘-

229 2204 348 2233 curam,
359 2203 450 2235 quam
462 2189 536 2224 die‘li
549 2193 758 2225 Mendicantes
769 2216 778 2232 ,
782 2192 971 2236 fugientibus
984 2198 1118 2235 Curatis,
1174 2196 1289 2236 stravit
1300 2219 1307 2226 .
1334 2197 1353 2227 5
1355 2195 1395 2227 ed
1406 2194 1530 2227 tandem
1537 2191 1615 2235 prob
1625 2194 1723 2229 dolor!
1744 2195 1836 2227 clero
1848 2194 2068 2238 anglicanosibi

230 2245 319 2277 multi
325 2255 341 2276 s
356 2242 531 2287 solemmter
542 2250 735 2275 exercuerant
744 2243 1002 2276 circadecedentes
1014 2268 1022 2277 .
1051 2244 1121 2284 Etsi
1174 2243 1370 2290 subtrahente
1386 2243 1522 2286 promissa
1534 2267 1544 2283 ,
1570 2244 1605 2276 ὁ·
1625 2243 1849 2277 exuberantem
1863 2248 1957 2276 Curia
1983 2247 2069 2277 Fra*

229 2295 270 2328 de
284 2292 374 2325 die‘lts
388 2288 600 2332 temporalibus
610 2291 716 2333 aliqua
727 2291 857 2334 aedtficiae
876 2293 1097 2332 construxerant
1108 2319 1119 2333 ‚
1180 2304 1259 2329 trum
1274 2294 1353 2338 satis
1379 2305 1489 2339 magna
1509 2298 1636 2334 pecunia
1648 2318 1659 2333 ‚
1692 2293 1790 2327 adbuc
1812 2294 1866 2327 lite
1885 2296 2032 2335 pendente
2053 2319 2066 2334 ‚

222 2354 293 2377 *mon
303 2351 370 2376 erat
383 2341 542 2374 dolendum
555 2364 565 2380 ,
589 2350 654 2373 tum
677 2339 729 2374 hoc
740 2350 833 2375 totum
843 2343 908 2385 effet
919 2368 929 2383 ,
957 2353 990 2376 ut
1003 2343 1119 2377 dicebat
1182 2349 1307 2378 Fratres
1315 2341 1375 2387 sua
1383 2343 1544 2386 privilegia
1557 2367 1567 2382 ,
1589 2340 1663 2386 ficut
1672 2352 1743 2377 ante
1754 2367 1764 2382 ,
1773 2341 1828 2384 sub
1841 2344 1916 2376 data
1927 2355 2007 2377 nova
2021 2343 2067 2376 ob-

234 2395 369 2426 Domnus
383 2393 468 2431 Papa
482 2414 492 2430 ‚
503 2396 534 2422 in
542 2388 605 2432 suis
617 2390 752 2432 aedificiis
765 2392 926 2434 appofitum
939 2394 984 2426 ad
991 2395 1119 2427 decorem
1181 2400 1332 2429 tinuerunt
1350 2419 1356 2426 .
1383 2394 1435 2427 De
1449 2392 1612 2427 damnatis
1625 2403 1679 2435 per
1691 2392 1899 2435 Episcopales
1912 2393 2066 2436 Synodos

235 2447 327 2475 totius
352 2439 531 2483 universalis
540 2438 655 2482 sant‘lae
667 2443 721 2473 Det
735 2441 868 2484 Ecclefiae
880 2468 889 2483 ,
917 2455 973 2475 non
992 2450 1024 2476 tn
1036 2446 1118 2477 volu-
1181 2444 1351 2479 Haeretieis
1372 2455 1409 2476 ac
1430 2443 1689 2485 quibuscumque
1703 2441 1883 2476 Erronibus
1898 2443 1980 2477 recle
1991 2444 2064 2477 scri-

233 2491 376 2538 ptatibus
388 2492 423 2524 ὁ·
433 2489 547 2524 adibus
559 2491 718 2530 impudicis
731 2515 737 2522 .
750 2495 795 2523 Et
808 2497 879 2533 quia
891 2493 1117 2536 nonfic'facitts,
1181 2496 1236 2538 psst
1248 2495 1283 2528 in
1294 2492 1454 2536 Synodali
1468 2493 1529 2525 suae
1543 2491 1725 2525 Provinciae
1734 2515 1744 2532 ‚
1763 2503 1802 2526 ac
1815 2492 2063 2527 Chalcedonen-

237 2539 409 2582 necfeciflis
424 2564 434 2579 ,
462 2540 527 2572 ideo
530 2537 569 2580 fic
579 2540 685 2571 doletis
698 2563 708 2579 ‚
724 2547 796 2582 qaia
806 2544 969 2576 totum'non
982 2543 1100 2577 habetis
1109 2568 1119 2584 ,
1180 2546 1218 2579 fis
1244 2542 1393 2578 Concilii
1418 2542 1559 2575 Decreta
1581 2541 1726 2575 defendit
1736 2567 1748 2582 ,
1775 2542 1912 2585 epistola
1925 2542 1963 2577 ad
1974 2544 2066 2578 Leo-

238 2601 274 2627 ιιι
295 2596 395 2623 omnia
411 2594 567 2630 exponatis
581 2591 625 2621 ad
633 2588 703 2631 usus
716 2589 823 2627 vestros
834 2590 911 2624 tales
923 2594 1025 2634 quales
1038 2617 1045 2624 .
1072 2596 1119 2626 Et
1182 2606 1256 2629 nem
1274 2592 1461 2639 Augustum
1474 2591 1503 2625 S·
1514 2591 1662 2625 Seleucus
1675 2592 1855 2626 Amasenus
1872 2593 2063 2637 Episcopus,

238 2643 346 2675 idcirco
371 2637 448 2682 ipsos
459 2639 665 2671 Mendicantes
689 2640 809 2681 acriter(
819 2639 961 2683 accusatis
973 2667 983 2682 ,
1008 2648 1060 2685 qui
1070 2653 1118 2677 ta·
1144 2668 1147 2671 >
1181 2643 1408 2687 Helenoponti
1422 2641 1806 2686 MetropolitazNovimus
1818 2649 1888 2685 quia
1902 2655 2000 2676 omnes
2013 2643 2062 2684 be-

237 2702 306 2726 men
317 2714 330 2731 ‚
355 2697 388 2722 ut
414 2690 451 2722 de
458 2688 598 2731 pluribus
612 2687 740 2728 vestrum
750 2700 825 2722 vera
835 2692 987 2733 loquamur
997 2716 1009 2732 ,
1035 2694 1117 2726 dixit
1177 2699 1259 2728 retici
1267 2692 1391 2736 sanc‘Jas
1403 2692 1522 2730 synodos
1533 2703 1632 2726 eorum
1644 2694 1740 2724 malas
1754 2690 1853 2734 sec‘las
1866 2693 1924 2731 dest
1927 2704 2042 2726 ruentes
2051 2718 2061 2733 ,

1176 2742 1315 2786 accusant
1324 2768 1331 2776 .
1346 2742 1475 2776 Eodem
1488 2742 1599 2785 spiritu
1618 2742 1677 2775 iste
1688 2740 1839 2776 Thomas
1852 2745 1978 2776 accusat
1992 2744 2060 2777 Ro·

1177 2804 1308 2829 manam
1334 2791 1507 2826 Ecclesiam
1520 2816 1531 2832 ,
1558 2793 1590 2826 &
1613 2791 1743 2830 tandem
1763 2793 1931 2825 concludit
1953 2805 1959 2824 :
1989 2796 2058 2836 ,Quo
2105 2776 2160 2811 A„
2169 2790 2214 2813 ‘¹0

1175 2844 1293 2887 quidem
1305 2850 1431 2885 tempore
1450 2843 1494 2875 ad
1501 2851 1679 2884 praeceptum
1691 2846 1808 2874 Domini
1823 2845 1916 2882 Papae
1939 2850 2055 2885 quievit
2083 2837 2123 2873 13
2128 2829 2184 2865 50·

1174 2892 1367 2934 controverfia
1387 2897 1464 2926 inter
1475 2894 1595 2926 Clerum
1607 2894 1640 2925 (a
1652 2893 1779 2924 Ordines
1794 2894 2031 2926 Mendicantt'um
2047 2920 2053 2927 .

1228 2943 1386 2977 Eamdem
1411 2944 1502 2977 litem
1514 2943 1578 2977 suis
1590 2941 1775 2975 Annalibus
1792 2943 1925 2976 inseruit
1938 2942 2056 2986 Hemi-

1175 3005 1231 3028 cus
1256 2991 1482 3037 Knyghtonus
1495 3017 1504 3032 ‚
1527 2990 1761 3034 Leycessrenfis
1788 2993 1934 3026 Ecclefiae
1945 2994 2053 3027 Cano-

1175 3044 1284 3078 nicus:
1299 3044 1412 3076 Eodem
1424 3050 1554 3083 tempore
1563 3050 1627 3072 orta
1638 3041 1675 3079 est
1686 3040 1832 3082 discordia
1842 3048 1919 3075 inter
1932 3045 2052 3077 clerum
2083 3052 2158 3087 Lib,
2184 3062 2217 3099 4,

1175 3094 1208 3128 Θ
1229 3097 1358 3127 Fratres
1379 3096 1507 3125 Minores
1535 3093 1573 3124 de
1592 3091 1768 3133 quibusdam
1789 3092 1970 3134 opinionibus
1987 3107 1995 3136 ;
2019 3096 2053 3127 &
2100 3104 2128 3136 A
2138 3115 2205 3138 nno

1173 3152 1297 3186 utraque
1304 3152 1380 3185 pars
1394 3143 1563 3184 appellavit
1572 3143 1616 3173 ad
1628 3145 1750 3173 Curiam
1762 3146 1944 3176 Romanam.
1968 3145 2052 3177 Unde
2077 3165 2176 3202 1357,

1176 3192 1311 3238 Magister
1332 3191 1497 3225 Richardus
1509 3188 1674 3233 Episcopus
1695 3192 1899 3226 Armacbanus
1911 3192 2051 3233 tranfivt‘t

1174 3255 1238 3276 cum
1246 3244 1386 3285 plurimis
1396 3241 1465 3274 aliis
1478 3242 1603 3274 curicis
1617 3243 1661 3274 ad
1669 3245 1795 3275 Curlam
1818 3249 1850 3276 in
1861 3242 2051 3283 defensionem

1176 3294 1258 3327 Cleri
1271 3319 1278 3327 .
1303 3296 1347 3325 Et
1358 3292 1436 3324 idem
1447 3289 1616 3324 Richardus
1626 3292 1830 3327 Armachanus
1849 3291 2049 3335 babuitsubfi—

1176 3345 1257 3376 dium
1267 3344 1303 3375 de
1313 3343 1399 3375 clero
1414 3365 1424 3381 ‚
1436 3343 1470 3374 &
1485 3340 1583 3374 abbas
1595 3342 1697 3375 sandi
1712 3343 1818 3376 Albani
1837 3353 1899 3376 erat
1915 3345 2055 3376 Procura-

240 3391 311 3425 lues
320 3415 331 3431 ,
358 3399 427 3434 quae
449 3399 517 3422 non
540 3388 751 3424 solummodo
772 3401 873 3434 pagos
895 3391 1037 3437 integros
1066 3391 1117 3425 vel
1176 3403 1221 3426 ter
1232 3395 1306 3434 ejus.
1319 3395 1364 3423 Et
1374 3398 1446 3433 quia
1458 3394 1545 3433 Papa
1549 3389 1665 3434 semper
1668 3391 1800 3433 favebat
1814 3396 1951 3430 Francis,
1960 3394 1994 3426 <rr
2006 3404 2053 3426 eos

239 3440 362 3485 oppida
375 3463 386 3480 ,
397 3437 451 3473 sed
469 3438 503 3472 &
513 3438 651 3483 grandes
661 3439 877 3483 absumpserat
886 3442 1033 3476 civitates
1043 3465 1051 3473 .
1065 3442 1117 3475 Ex
1172 3442 1301 3483 fovebat
1314 3448 1346 3473 in
1357 3450 1505 3483 quantum
1511 3447 1620 3483 potuit,
1633 3451 1735 3475 contra
1750 3443 1854 3484 Anglos
1867 3467 1874 3474 .
1887 3442 1922 3474 H
1927 3442 2057 3476 iberniae

241 3490 353 3527 decem
368 3487 558 3524 hominibus
577 3487 698 3522 dicitur
719 3489 775 3523 vix
784 3500 867 3525 unus
878 3491 1002 3526 evafiffe
1020 3517 1028 3524 .
1057 3491 1119 3527 lsta
1177 3492 1318 3532 Prima,
1332 3489 1442 3526 Abbas
1453 3491 1658 3534 Sambana&
1671 3491 1833 3527 universus
1843 3490 1972 3537 Angla‘ae
1985 3493 2059 3528 Cle.

336 3539 444 3580 christ.
457 3542 535 3581 Lupi
547 3542 645 3581 Opera
656 3541 733 3572 Tom.
747 3542 801 3572 Xl
1679 3541 1705 3575 B
1734 3541 1753 3574 b

238 2744 374 2776 Domnus
386 2742 474 2780 Papa
483 2763 494 2779 ,
519 2748 577 2770 non
589 2736 643 2781 m'fi
648 2739 692 2771 ad
702 2750 786 2772 vana
797 2742 832 2773 ct
842 2743 1017 2783 temporalia
1026 2753 1117 2776 vaca-

237 2789 398 2834 tissaepius
412 2814 422 2829 ,
448 2788 611 2829 &studetis
625 2801 636 2821 :
664 2791 710 2821 Et
731 2790 814 2822 modo
826 2789 881 2823 huc
889 2801 992 2825 contra
1003 2793 1116 2826 Mendi-

238 2852 342 2877 oantes
365 2839 485 2879 venistis
498 2863 509 2878 ,
529 2835 602 2879 ficut
620 2848 679 2871 una
701 2842 896 2884 congregatio
914 2850 1065 2875 taurorum
1085 2849 1116 2875 in

242 2895 344 2926 Vaccis
351 2891 526 2933 populorum
538 2912 548 2928 ,
559 2898 592 2921 ut
602 2890 768 2922 excludatis
779 2900 825 2922 eos
838 2916 847 2931 ,
858 2896 910 2932 qui
917 2893 1038 2934 probati
1043 2892 1115 2936 sunt

240 2951 362 2987 argento
374 2965 381 2972 .
409 2939 544 2972 Tandem
565 2939 645 2971 dixit
652 2945 693 2971 eis
706 2943 838 2973 Domnus
852 2943 940 2983 Papa
951 2967 961 2982 ‚
988 2945 1069 2986 ,ραις
1081 2944 1116 2976 ἐν

243 2993 345 3034 ςααὶζα
355 2992 435 3023 mala
445 3014 455 3029 ,
468 2991 502 3022 ἀί
510 2996 624 3031 quanta
635 2989 825 3033 emergebant
834 2991 1040 3033 Ecclefiaefiea
1050 3003 1115 3034 quae

240 3040 297 3083 ipsi
305 3042 432 3073 Praelati
440 3041 697 3080 petebant,contra
710 3041 917 3073 Mendicantes
923 3042 1058 3082 finaliter
1069 3042 1116 3077 ob-

240 3098 370 3124 tinerent
379 3115 386 3122 .
418 3093 505 3121 Dixit
530 3098 630 3122 tamen
640 3094 681 3123 eis
696 3102 704 3121 ι
726 3091 816 3132 ,Quod
826 3089 857 3131 si
862 3092 963 3133 aliqua
974 3092 1117 3126 haberent

241 3150 345 3176 contra
355 3137 433 3182 ipsos
444 3137 599 3183 Religiosos
612 3164 623 3179 ‚
640 3147 782 3181 ponerent
792 3138 949 3183 inscriptis
961 3166 971 3182 ,
983 3142 1017 3175 Θ
1032 3142 1084 3174 alii
1100 3145 1117 3176 ἐ

242 3189 380 3233 converso
389 3213 400 3230 ,
412 3191 446 3223 (rt
457 3188 516 3232 ipse
526 3192 658 3223 Domnus
674 3192 762 3231 Papa
772 3191 860 3223 daret
871 3197 914 3223 ets
926 3198 1049 3233 optimos
1062 3195 1117 3225 Au·

241 3243 351 3274 ditores
367 3263 374 3270 .
394 3242 422 3271 E
426 3248 439 3271 t
455 3238 492 3280 fic
507 3245 596 3272 vacui
618 3241 788 3284 res-efferunt
799 3241 930 3273 dolentes
942 3241 1098 3284 &confufi
1105 3266 1116 3283 ‚

241 3286 391 3334 Religiofis
398 3289 599 3332 gaudentibus
610 3314 621 3330 ‚
646 3290 888 3323 &laudantibus
896 3295 992 3325 Deum
1003 3303 1116 3325 verum.

292 3339 361 3374 Sub
373 3339 544 3373 Clemente
554 3339 613 3372 Vl.
627 3342 761 3384 grassata
772 3342 876 3375 fuerat
888 3341 942 3375 illa
956 3340 1116 3376 horrenda

1951 3557 2003 3580 tus
