2366 3736
312 127 314 129 ’
382 121 476 174 186

339 213 476 256 Prosper
488 225 496 244 :
525 211 680 246 Praetered
692 233 703 249 ,
716 207 930 250 quamofuerit
941 209 1014 245 beno
1024 218 1102 242 mota
1110 212 1217 245 tumul-

337 266 372 296 tu
385 265 468 296 clara
479 261 632 309 Ephesqs,
659 271 716 291 non
725 258 879 301 paffasurs
903 260 1044 301 confistere
1061 261 1145 295 teffls
1160 273 1212 295 va-

331 312 369 357 sa
379 320 433 347 rrae
447 338 458 354 ‚
483 314 517 345 ζ’]
526 312 617 344 morbl
626 311 719 344 flatus
729 332 740 349 ,
767 308 924 352 &semma
936 317 1039 342 mortis
1052 335 1059 343 .
1087 312 1209 351 Lauda·
1258 339 1263 350 2

331 375 369 401 re
381 365 504 397 videtur
514 360 691 394 tumultum
703 383 713 400 ,
735 370 802 403 quo
815 360 972 404 joannem
990 360 1210 395 Patriarcham

330 411 581 448 Antiochenam
593 433 605 449 ,
630 410 665 443 δε
677 409 744 452 ejus
754 407 883 450 asseclas
895 412 1074 455 Episcopus
1083 436 1094 452 ,
1114 411 1132 448 a
1144 413 1209 445 sua-

329 473 400 497 rum
412 459 616 494 Basilicarum
630 461 768 505 ingressu
781 462 966 503 prohibuit,
997 473 1035 495 ac
1048 461 1210 504 lapidibus

327 511 467 553 impetiit
495 509 672 552 Ephesinus
694 510 859 554 Populus,
887 512 1035 554 populari
1062 513 1096 545 in
1121 511 1207 546 hanc

323 561 423 596 etiam
444 557 581 594 haeresim
599 561 680 594 odio
704 560 829 599 videtur
849 563 955 600 zelum
968 562 1066 599 istum
1086 561 1207 598 adscri-

322 611 416 644 bere.

340 710 446 750 'sandi
468 710 602 747 celestini
627 711 777 753 Pontificis
803 713 988 760 Apologetlca
1006 718 1063 752 pro
1073 712 1182 749 Sanfflo

479 761 633 807 Augusttno
643 763 688 795 ad
710 763 864 795 Gallorum
888 760 1044 802 Anttstttes

685 811 817 854 Epistola
827 836 835 845 .

390 911 433 944 Er
443 909 632 945 Patroclum
645 910 870 947 Arelatensem
882 911 1079 958 Episcopum
1087 925 1125 947 ac
1137 913 1199 948 lau·

412 962 522 995 datam
535 961 764 996 Valentiniani
778 964 884 1007 legem
897 964 1031 998 correcti
1044 964 1078 997 in
1092 964 1201 999 Gallia

313 1011 468 1056 Episcopi
487 1011 645 1057 reliquere
656 1011 836 1057 discipulos
846 1014 1029 1048 eruditione
1040 1026 1078 1048 ac
1102 1015 1200 1058 pieta-

312 1072 346 1096 te
370 1061 529 1103 illustres,
557 1062 666 1099 verum
685 1064 742 1107 qui
767 1063 951 1108 pelagianis
972 1063 1135 1099 erroribus
1156 1065 1199 1099 sic

313 1112 550 1152 valedicerent,
578 1124 613 1147 ut
635 1125 745 1147 tamen
771 1115 805 1147 in
819 1115 927 1149 SanCti
952 1114 1130 1158 Augustini
1142 1115 1195 1149 ad·

311 1162 437 1197 versum
451 1163 526 1196 illos
536 1164 670 1207 Scriptis
690 1164 836 1208 quaedam
858 1165 1097 1207 improbarent.
1128 1167 1196 1202 Pro

305 1212 430 1257 postium
439 1224 474 1246 ac
477 1213 768 1255 praedestinationem
778 1217 834 1250 ,Dei
839 1213 1004 1257 secundam
1017 1214 1154 1248 initialis
1163 1214 1197 1247 fi.

310 1263 363 1297 dei
388 1275 426 1297 ac
449 1264 557 1297 finalis
580 1264 820 1307 perseverantiae
836 1263 1061 1307 praescientiam
1071 1270 1195 1307 recipie-

307 1313 382 1352 bant
393 1338 400 1346 .
430 1314 539 1347 Prima
550 1314 626 1349 fidei
639 1315 775 1349 exordia
787 1326 825 1348 ac
839 1316 969 1348 finalem
982 1317 1015 1348 in
1042 1315 1109 1357 ipsa
1120 1326 1194 1358 per-

306 1363 521 1396 severantiam
543 1363 607 1396 effe
630 1364 695 1397 Dei
707 1365 820 1404 dona,
846 1364 1053 1398 &Divinam
1064 1365 1193 1402 61ςᾶῐο-

305 1423 382 1450 nem
395 1413 461 1447 sine
474 1413 589 1455 quovis
603 1412 751 1448 humanae
762 1415 942 1448 voluntatis
954 1414 1086 1457 praeviso
1098 1415 1189 1449 meri-

305 1473 340 1501 to
354 1462 420 1496 fieri
435 1463 683 1503 aversabantur,
710 1465 878 1501 credentes
889 1465 945 1497 tali
960 1466 1064 1508 gratia
1088 1467 1189 1499 everti

304 1512 443 1549 liberum
465 1512 653 1553 arbitrium,
681 1513 853 1549 hominem
867 1514 899 1548 in
912 1515 1183 1557 disperationem,

302 1564 356 1607 agi
371 1574 405 1597 ut
419 1562 579 1606 torpidam
589 1563 790 1598 securitatem
803 1589 814 1604 ,
837 1564 943 1609 frangi
958 1565 1113 1599 virtutum
1126 1565 1189 1598 stu-

302 1615 380 1653 dia,
406 1625 444 1646 ac
466 1614 723 1647 fataleminduci
749 1615 986 1648 necessitatem.
1016 1614 1185 1653 obstinatio-

303 1676 371 1696 nem
380 1662 466 1706 suam
479 1663 624 1702 vetustate
644 1664 864 1706 defendebant:
894 1665 1073 1709 Augustini
1100 1667 1185 1700 sensa

301 1713 493 1748 adserebant
518 1714 664 1747 besterna
685 1737 694 1752 ,
722 1716 756 1751 (θ’
777 1715 797 1745 ἃ
815 1716 955 1748 nonnullo
981 1714 1185 1756 Ecclqst‘afltco-

301 1775 366 1800 gum
381 1763 584 1795 ztainielleaea
600 1788 606 1794 .
634 1763 679 1795 Ea
694 1774 849 1806 tanquam
864 1764 938 1799 fidei
951 1766 1107 1798 articulos
1127 1775 1185 1799 tra-

300 1812 332 1849 di
358 1813 398 1847 ab
414 1813 627 1857 AugustinO,
653 1814 826 1856 capiebant
850 1810 998 1856 pefli'mffi
1020 1816 1185 1848 censentes

300 1876 317 1897 a
343 1863 475 1897 Divinis
501 1863 672 1906 Scripturis
695 1862 778 1896 nihil
801 1862 856 1897 hic
889 1863 996 1897 lucide
1017 1864 1182 1898 decisum.

300 1913 393 1961 Qin
409 1914 441 1947 ὃ(
461 1912 552 1946 illum
574 1912 752 1960 arguebant
776 1912 1021 1949 inconstantia-:z
1052 1913 1185 1957 Utpote

300 1967 357 2008 qui
374 1965 406 1997 in
421 1963 582 2006 prioribus
596 1964 658 1997 suis
670 1963 804 2006 Scriptis
816 1964 1003 2006 oppositum
1015 1963 1182 1998 docuiflet.

351 2013 481 2047 Eodem
507 2024 607 2056 nuper
624 2014 656 2046 in
671 2014 742 2049 luto
753 2012 906 2047 haiserant
925 2013 1134 2049 Adrumetini
1150 2013 1181 2047 in

303 2063 475 2107 Byzacena
488 2064 599 2096 Africa
613 2062 774 2100 Monachi
788 2088 797 2103 ,
823 2064 944 2105 eosque
959 2072 1012 2105 per
1021 2064 1127 2097 editos
1140 2064 1181 2097 de

300 2114 415 2148 Gratia
437 2126 474 2147 ac
496 2113 606 2147 libero'
618 2113 755 2146 arbitrio
769 2138 778 2152 ,
804 2114 836 2147 δε
862 2114 904 2146 de
926 2113 1184 2157 Correptione&

303 2164 416 2197 Gratia
432 2163 531 2196 libros
547 2163 753 2202 Augustinus
769 2173 950 2197 extraxerat
964 2186 971 2194 .
1000 2162 1093 2196 Prior
1104 2164 1186 2196 liber

302 2213 441 2246 necdum
465 2223 529 2245 erat
545 2213 577 2246 in
592 2212 721 2252 Gallia,
746 2211 824 2244 hinc
846 2212 951 2245 solum
973 2212 1183 2253 posteriorem

302 2265 456 2308 produxit
479 2263 612 2296 Sanstns
636 2261 792 2304 Prosper,
818 2262 944 2304 sperans
961 2263 1111 2297 eumdem
1123 2261 1182 2295 fru-

302 2316 389 2348 stum
405 2338 412 2345 .
440 2311 676 2359 Qosdatnille
690 2311 833 2350 sanavit,
862 2312 944 2343 alios
965 2321 1073 2344 autern
1098 2312 1186 2355 pejo-

302 2375 350 2396 res
366 2364 443 2397 fecit
455 2388 465 2402 ‚
492 2362 572 2396 adeo
585 2372 619 2395 ut
633 2363 777 2404 ipsorum
791 2360 898 2403 potiris
910 2360 1155 2394 Monachorum
1170 2387 1179 2402 ,

301 2413 448 2447 immo&
460 2412 685 2454 ipsiusjuliani
698 2436 708 2451 ‚
734 2422 831 2454 quam
844 2410 1021 2454 Augustini
1042 2412 1083 2444 de
1096 2410 1185 2445 hisce

302 2463 532 2503 quaestionibus
553 2462 650 2493 Dicta
672 2461 849 2494 clamarent
872 2460 1071 2503 recipienda.
1098 2462 1183 2508 Qae

302 2514 415 2547 omnia
431 2514 463 2545 in
477 2512 538 2545 suis
550 2509 590 2544 ad
606 2510 774 2545 Ruffinum
796 2522 832 2543 ac
852 2512 1004 2545 Sanctum
1030 2512 1183 2556 Augusti—

302 2575 382 2602 num
396 2563 496 2596 literis
516 2570 690 2604 exponunt
703 2559 1124 2605 latiuslaudatusl'rosper,
1150 2564 1182 2596 ἀ

301 2614 415 2649 nescio
428 2613 502 2656 quis
515 2611 682 2644 Hilarius.

352 2662 407 2697 Ad
429 2663 496 2699 haec
517 2659 746 2706 componenda
776 2659 892 2696 librum
914 2660 955 2700 de
989 2661 1181 2696 Sanctorum

300 2712 586 2748 Praedestinatione
599 2736 609 2752 ,
620 2722 656 2745 ac
667 2709 708 2744 de
721 2710 966 2746 Perseverantiae
977 2712 1070 2745 dono
1081 2713 1180 2747 alium

300 2762 637 2809 Augustinusedidit:
666 2760 973 2795 accrevitmalum.
1003 2761 1180 2796 Praesertim

300 2815 370 2858 post
384 2814 472 2849 brevi
484 2814 624 2847 secutam
648 2810 826 2855 Augustini
851 2822 1007 2847 mortem,
1035 2813 1179 2846 Omnem

299 2875 380 2899 tunc
404 2863 597 2899 modestiam
622 2860 752 2904 quidam
784 2870 943 2894 exuerunt
963 2883 970 2891 .
998 2861 1181 2897 Lerinenfis

299 2916 389 2948 enim
401 2911 587 2948 Monachus
606 2911 823 2951 Vincentius,
850 2911 985 2952 quidam
1005 2912 1179 2949 Maffilien-

300 2964 347 2999 ses
369 2963 488 2997 Clerici
512 2963 602 2997 Galli
627 2961 735 2996 adhuc
749 2962 824 3002 alii,
851 2961 1086 2996 &Genuenses
1100 2987 1110 3003 ,
1137 2975 1178 2997 ex

299 3013 367 3055 ejus
388 3013 477 3046 libris
498 3012 695 3046 fabricarunt
718 3010 823 3046 foedos
844 3010 919 3044 istos
939 3012 1112 3054 articulos,
1137 3025 1179 3048 ex

300 3063 418 3104 quibus
440 3063 596 3106 profluxit
611 3061 774 3096 calumnia
787 3061 905 3095 haeresis
925 3060 1178 3098 praedestinatia-

299 3124 348 3146 nar
367 3138 374 3145 .
401 3113 481 3149 Non
504 3114 593 3145 enirn
612 3122 689 3146 tunc
713 3114 774 3146 fuit
797 3112 854 3145 ista
878 3107 1001 3145 h'aeresis
1017 3135 1027 3150 ,
1055 3112 1109 3146 sed
1133 3114 1177 3158 ip-

297 3164 364 3197 sam
387 3161 540 3196 adfricare
560 3161 749 3205 Augustino
772 3161 1105 3205 tentaruntquidam,
1133 3173 1178 3197 at÷

297 3224 362 3257 que
383 3212 427 3247 ita
460 3211 527 3254 ejus
551 3212 719 3246 necessaria
754 3212 900 3246 Ecclesia:
928 3212 1051 3255 Scripta
1072 3215 1175 3248 exsuf-

296 3265 393 3298 flare.

348 3315 396 3349 Ea
410 3312 541 3347 santius
554 3310 688 3354 Prosper
700 3336 711 3352 ,
736 3323 772 3347 ac
787 3312 844 3345 ille
857 3312 966 3346 nescio
985 3312 1175 3355 quislauda-

298 3372 349 3401 tus
371 3362 521 3397 Hilarius
541 3361 802 3406 generosetutati
817 3364 906 3402 sunt,
935 3363 1044 3396 verum
1056 3366 1190 3400 caninai

298 3414 510 3448 Confratrum
523 3410 675 3446 facundia
688 3412 770 3453 ipsos
782 3411 863 3444 adeo
873 3412 1019 3446 exercuit
1032 3438 1042 3455 ,
1053 3424 1089 3447 ut
1097 3415 1184 3448 Gal-1

296 3462 340 3497 lia
350 3462 503 3499 excedere
513 3486 524 3505 ,
549 3462 583 3497 δι
597 3459 749 3497 accedere
761 3461 905 3497 Romam
916 3464 1020 3503 coasti
1032 3463 1095 3499 sint
1107 3488 1119 3509 ,
1132 3463 1189 3500 se·'

718 130 1003 186 ANHQJA
1039 119 1361 179 Ecctcsrn
1396 125 1683 177 Decurrit

1260 213 1373 259 spultae
1395 212 1515 251 heresis
1536 211 1769 246 imminentem
1789 210 2051 251 “summouent
2071 222 2161 251 nun..

1260 286 1263 291 -
1275 264 1390 297 ciaturi
1401 289 1412 307 ‚
1441 275 1479 297 ac
1491 262 1681 307 postulaturi
1694 260 1910 301 medicinam,

1324 315 1380 348 Ad
1403 315 1546 356 ipsorum
1556 312 1636 358 ergo
1646 312 1841 347 relationem
1855 313 1890 348 dt
1901 325 2009 358 preces
2021 314 2158 350 celesti.

1273 372 1333 397 nus
1352 363 1508 397 Pontifex
1530 365 1654 406 priores
1674 363 1746 400 suas
1755 362 1797 397 ad
1820 361 2009 400 Tuentium
2020 366 2158 411 Episco-

1258 448 1260 452 ,
1274 423 1350 456 pum
1364 415 1505 453 firmavit
1517 436 1528 452 ,
1553 414 1588 446 ὅ(
1602 413 1659 447 has
1670 424 1729 456 pro
1740 412 1920 458 Augustini
1932 414 2066 458 Scriptis
2078 426 2158 460 apo·

1256 463 1431 517 glogeticas
1452 461 1582 498 addidit
1603 463 1747 505 litteras,
1772 464 1904 498 edicens
1926 463 2033 507 ipsum
2059 465 2157 501 fuisse

1273 514 1395 557 semper
1413 514 1579 556 optimum
1600 513 1748 552 Ecclesiae
1775 514 1967 559 magistrum
1987 513 2155 559 insigniter

1272 561 1496 599 orthodoxum
1507 589 1517 606 ‚
1543 562 1627 599 acin
1641 563 1832 601 bisceetiatn
1846 565 1990 599 materiis
2001 563 2087 598 nihil
2097 574 2157 600 tra·

1271 613 1386 650 didisse
1396 615 1484 658 quod
1498 626 1565 648 non
1585 613 1729 656 probarit
1742 614 1881 649 Ecclesia
1901 615 2058 649 Romana
2069 639 2078 646 .

1321 665 1533 700 Adversarios
1542 662 1720 699 admodum
1728 663 1911 707 perstrinxit
1920 663 2007 699 istud
2015 664 2154 700 fulmen.

1271 716 1505 759 Dogmaticam
1525 715 1672 751 Romani
1685 714 1840 758 Episcopi
1850 714 2033 758 Epistolam
2053 715 2105 749 vel
2116 716 2155 749 in

1271 764 1375 808 lapsus
1394 766 1530 800 dubium
1554 765 1713 799 devocare
1730 788 1743 806 ,
1769 775 1831 798 nec
1853 765 1888 800 iu
1911 764 2154 810 cogitationem

1271 815 1380 849 venit.
1406 816 1510 866 Qod
1539 817 1628 850 enim
1650 814 1690 850 de
1709 815 1779 859 ejus
1800 815 1835 848 in
1857 814 2049 849 decidendis
2072 814 2153 849 fidei

1268 866 1499 907 quaestionibus
1511 865 1678 903 infallibili
1689 865 1880 906 austeritate
1891 865 1992 909 usque
2002 863 2044 899 ad
2056 864 2154 907 Joan·

1267 918 1318 950 nis
1329 917 1484 951 Gersonis
1495 927 1642 959 tempora
1653 926 1825 960 nunquam
1840 914 1989 950 titubarit
2008 913 2152 950 Gallica·

1269 976 1309 999 na
1326 966 1467 1005 Ecclesia
1479 992 1491 1008 ‚
1514 977 1556 1002 ex
1569 967 1670 1003 firmis
1680 967 1904 1002 fundamentis
1913 965 2013 1002 docet
2035 964 2152 999 Petrus

1265 1015 1305 1048 de
1317 1015 1428 1053 Marca
1438 1016 1711 1061 Archiepiscopus
1722 1015 1903 1051 Parisiensis
1915 1040 1922 1048 .
1951 1015 2045 1051 Hinc
2065 1025 2152 1058 opus

1266 1066 1329 1100 fuit
1354 1067 1466 1101 lucida
1489 1066 1640 1110 Epistolae
1654 1067 1749 1102 verba
1764 1067 1956 1111 detorquere
1974 1065 2010 1098 in
2022 1065 2151 1098 sensum

1264 1116 1407 1151 alienum
1419 1142 1430 1158 ,
1456 1117 1491 1151 ὅ(
1503 1117 1713 1152 successorem
1725 1116 1858 1156 Xistum
1869 1117 2005 1151 tertium
2024 1114 2066 1149 ad
2080 1114 2149 1158 ejus

1262 1166 1528 1202 exsufflationem
1554 1177 1696 1202 tentare.

1310 1215 1487 1253 Praesertitn
1503 1217 1640 1253 oderant
1662 1217 1780 1254 librum
1803 1216 1846 1250 de
1859 1215 1976 1252 Gratia
1994 1213 2148 1251 &libero

1260 1264 1431 1308 Arbitrio,
1457 1267 1575 1302 librum
1595 1268 1637 1304 de
1658 1267 1877 1309 Correptione
1899 1264 2061 1299 &Gratia
2069 1287 2082 1304 ,
2110 1262 2149 1302 li·

1259 1315 1351 1351 brum
1362 1316 1404 1355 de
1415 1316 1704 1354 Praedcstinatione
1714 1317 1907 1350 Sanitorum
1920 1338 1932 1354 ,
1955 1311 2080 1347 librum
2104 1312 2150 1347 de

1258 1367 1360 1401 Dono
1371 1366 1611 1411 perseverantiae
1623 1387 1635 1405 2
1660 1367 1694 1401 δε
1707 1365 1809 1400 libros
1823 1364 2016 1399 noviffimos
2027 1370 2148 1400 contra.

1256 1417 1421 1459 Iulianum
1444 1442 1453 1451 ,
1480 1417 1549 1453 Eos
1567 1415 1679 1452 dixere
1704 1416 1822 1450 litteris
1843 1413 2047 1458 Apostolicis
2074 1423 2146 1447 non

1254 1468 1431 1511 expressos,
1456 1467 1600 1510 ideoque
1611 1477 1672 1500 nec
1681 1465 1767 1508 ipsos
1779 1490 1789 1505 ,
1815 1476 1877 1499 nec
1886 1465 2028 1508 ipsorum
2041 1463 2145 1504 sensa,

1256 1517 1307 1551 sed
1320 1518 1479 1561 reliquam
1489 1517 1663 1553 dumtaxat
1675 1513 1855 1561 Augustini
1872 1513 2058 1549 doctrinam
2078 1511 2144 1548 esse

1253 1568 1465 1612 approbatam
1476 1592 1484 1605 ,

1300 1618 1439 1654 Librum
1449 1626 1565 1651 contra
1586 1615 1792 1652 Collatorem
1804 1613 1862 1649 sub
1873 1611 2007 1663 laudato
2030 1612 2140 1647 Xixto

1252 1667 1371 1712 scripsit
1381 1668 1482 1701 etiam
1501 1667 1620 1701 Beatus
1635 1666 1791 1709 Prosper.
1820 1665 1916 1700 Hinc
1937 1663 2005 1706 ejus
2024 1662 2060 1696 in
2073 1661 2140 1696 fine

1252 1718 1361 1752 laudat
1380 1718 1564 1760 praesentem
1587 1715 1769 1759 Epistolam
1782 1737 1794 1754 ,
1818 1715 1852 1751 δε
1871 1713 2046 1749 adversum
2070 1710 2140 1755 jam

1249 1767 1349 1801 dictas
1361 1778 1465 1811 nugas
1476 1767 1597 1811 pergit:
1629 1769 1744 1798 Contra
1757 1763 1840 1804 istam
1851 1765 2012 1804 clariffimae
2032 1763 2142 1798 lauda·

1249 1822 1341 1849 tionis
1354 1816 1460 1851 tubam
1473 1840 1485 1856 ,
1509 1825 1612 1849 contra
1624 1816 1710 1855 istam
1718 1813 1907 1858 sacratiffimt
1926 1812 2083 1852 testimonii
2094 1812 2143 1843 di-

1246 1871 1397 1909 gnitatem
1408 1890 1419 1909 ,
1445 1866 1536 1899 audet
1554 1864 1716 1908 quisquam
1726 1865 1867 1907 maligna
1877 1867 2140 1904 interpretationis

1249 1928 1384 1949 murmur
1404 1922 1541 1949 emittere
1563 1939 1575 1955 ‚
1600 1910 1635 1949 θ
1649 1912 1815 1957 perspicuae
1837 1936 1848 1953 ,
1882 1910 2139 1955 syncerifflmaequo

1248 1965 1406 2007 sententiae
1417 1966 1525 1998 nubem
1533 1965 1660 2006 obliquae
1671 1964 1881 2012 ambiguitatis
1891 1962 2073 1997 obtendere?
2098 1964 2139 1999 Ut,

1245 2014 1356 2058 fiditer
1366 2020 1439 2058 quta
1449 2020 1483 2047 m
1495 2014 1632 2056 Epistola
1645 2016 1741 2055 Papae
1760 2012 1905 2046 librorum
1914 2034 1929 2051 ‚
1949 2019 2007 2054 pro
2027 2009 2140 2053 quibus

1249 2065 1349 2100 ac‘lum
1368 2064 1407 2105 eft
1417 2086 1429 2104 ‚
1454 2075 1513 2099 non
1531 2063 1679 2107 expreffus
1687 2063 1724 2103 est
1736 2064 1845 2096 titulus
1857 2086 1881 2102 ,.
1895 2060 1965 2095 binc
1974 2072 2022 2095 eos
2044 2067 2139 2102 appa-

1249 2123 1313 2149 reat
1334 2126 1393 2148 non
1411 2113 1557 2155 probatos
1569 2138 1581 2155 ,
1607 2116 1642 2148 <ir
1653 2112 1738 2154 istam
1749 2117 1782 2145 m
1792 2111 1936 2147 sendum
1947 2110 2140 2156 augustinum

1251 2166 1453 2197 laudationem
1459 2172 1517 2206 pro
1527 2165 1711 2200 amulorum
1721 2165 1905 2204 Scriptorum
1915 2166 2033 2196 meritis
2046 2159 2138 2203 suffe

1249 2214 1402 2247 collatam.
1431 2213 1475 2246 Et
1499 2214 1533 2246 in
1557 2213 1743 2255 prioribus,
1767 2223 1850 2253 quos
1872 2210 2080 2255 probabant,
2104 2210 2138 2248 ὅ(

1250 2266 1280 2297 in
1295 2261 1549 2306 posterioribus,
1575 2272 1660 2305 quos
1671 2259 1903 2303 improbabant
1926 2258 2139 2300 Adversarii,

1247 2312 1416 2348 adversum
1435 2310 1637 2357 Pelagianos
1661 2310 1751 2344 libris
1761 2308 1963 2344 demonstrat
1982 2309 2136 2343 eamdem

1249 2362 1377 2405 penitus
1401 2362 1489 2396 tradi
1509 2362 1720 2400 dostririam,
1745 2369 1846 2404 atque
1871 2359 1919 2393 ita
1941 2358 2095 2400 utrosque
2115 2358 2135 2394 a

1247 2413 1414 2447 celestino
1435 2412 1606 2451 firmatos,
1633 2410 1738 2445 immo
1758 2410 1792 2447 &
1813 2408 1881 2452 ipsa
1893 2408 2058 2442 Romauae
2075 2407 2138 2441 Ec-

1246 2464 1345 2497 clesiae
1357 2463 1552 2497 auctoritate
1562 2461 1705 2495 donatos
1719 2485 1726 2492 .
1754 2459 1803 2497 lta
1825 2458 1918 2494 enim
1940 2458 1982 2492 de
1996 2457 2084 2491 libro
2094 2456 2137 2491 do

1248 2512 1535 2549 Praedest'inatione
1555 2511 1749 2545 Sanstorum
1762 2532 1774 2549 ‚
1797 2520 1837 2543 ac
1848 2507 1891 2542 de
1904 2507 1990 2546 libro
2001 2507 2043 2541 de
2063 2506 2139 2540 Do-

1247 2575 1291 2597 no
1313 2561 1565 2596 perseverantiae
1585 2560 1719 2597 testatur
1737 2559 1771 2605 in
1786 2557 1899 2591 litteris
1915 2556 1957 2591 ad
1979 2556 2136 2593 Posseflo·

1245 2625 1312 2648 rem
1329 2612 1521 2646 Africanum
1537 2609 1738 2656 Episcopum
1757 2607 1916 2643 Pontifex
1930 2606 2113 2645 Hormisda
2125 2630 2136 2642 .

1296 2662 1479 2697 Adversum
1504 2662 1577 2696 istas
1600 2665 1824 2704 &pumturum
1841 2655 1966 2697 infidias
1996 2657 2136 2692 Sanssus

1248 2713 1380 2757 Prosper
1388 2712 1562 2747 concludit
1577 2726 1587 2745 :
1613 2710 1800 2753 Confidrmur
1809 2711 1935 2741 Domini
1952 2707 2134 2748 proredium

1243 2763 1446 2805 praestandum
1459 2787 1470 2802 ,
1494 2772 1528 2796 ut
1538 2765 1619 2805 quod
1627 2770 1766 2804 operatus
1777 2760 1815 2801 est
1826 2764 1860 2792 ln
1872 2760 2057 2797 Innocentio,
2074 2759 2134 2789 Zo-

1239 2826 1342 2858 uzymo,
1368 2812 1543 2855 Bonffacio,
1569 2812 1731 2853 celestino,
1757 2818 1891 2853 operetur
1912 2807 1950 2845 θ
1969 2810 2004 2840 ln
2014 2808 2133 2842 Xlxto·

1247 2863 1521 2898 Astutiffimarum
1534 2863 1684 2899 fraudum
1696 2885 1707 2902 ‚
1733 2860 1855 2906 quibus
1863 2858 2007 2898 Xixtum
2020 2856 2063 2891 ad
2076 2868 2135 2890 ex-

1243 2914 1434 2949 sufflandam
1457 2925 1495 2947 ac
1520 2912 1740 2948 revocandam
1761 2909 1920 2945 Celestini
1944 2905 2132 2951 Epistolam

1242 2963 1504 2998 circumscribere
1513 2962 1720 2998 conabantur
1731 2961 1798 2995 istae
1810 2960 1921 3003 vulpes
1932 2982 1944 2999 ,
1969 2956 2132 3002 colligata

1242 3016 1335 3059 orgia
1348 3016 1450 3058 sperat
1460 3012 1619 3052 divinitus
1629 3011 1810 3056 dissipanda
1821 3035 1832 3051 ‚
1858 3009 1892 3043 δε
1903 3008 1946 3042 ab
1968 3007 2131 3042 Anteces⁴

1212 3072 1214 3075 ·
1243 3066 1351 3099 sorum
1369 3066 1501 3098 suorum
1526 3064 1624 3100 toties
1644 3063 1763 3098 iterato
1779 3058 1907 3105 judicio
1927 3058 2069 3097 Xixtum
2090 3056 2130 3094 in

1240 3116 1333 3149 nullo
1355 3115 1556 3149 movendum
1569 3139 1577 3147 .

1291 3166 1333 3199 Et
1347 3167 1434 3209 spem
1447 3176 1513 3198 non
1526 3164 1620 3198 fuiffe
1633 3173 1748 3197 vanam
1760 3186 1771 3202 ,
1797 3159 1906 3196 statim
1921 3170 1983 3194 nos
1994 3156 2129 3192 docebit

1234 3227 1371 3251 eventus
1384 3239 1390 3249 .
1402 3217 1491 3250 Nam
1505 3215 1538 3249 in
1552 3214 1649 3249 Petro
1661 3211 1826 3255 Apostolo
1837 3235 1848 3251 ,
1859 3211 1940 3245 dum
1950 3209 2016 3252 ejus
2026 3208 2128 3245 fidem

1240 3278 1306 3300 non
1332 3267 1470 3304 deficere
1491 3262 1675 3308 impetravit
1688 3262 1854 3296 Dominus
1866 3285 1874 3293 .
1901 3261 2044 3295 omnino
2057 3266 2126 3293 erat

1235 3317 1270 3351 δ(
1303 3316 1426 3350 Xixtus
1446 3341 1453 3348 .
1484 3315 1579 3363 Qiu
1603 3313 1706 3347 immo
1727 3313 1915 3355 praesentem
1941 3309 2126 3361 Epistulam

1236 3378 1302 3401 non
1316 3366 1383 3400 sola
1396 3367 1494 3400 latina
1508 3388 1518 3404 ,
1546 3363 1598 3397 sed
1612 3363 1646 3397 dc
1658 3363 1768 3397 Graeca
1783 3362 1817 3395 in
1841 3361 1972 3405 plenam
1984 3361 2121 3395 austori-

1234 3426 1336 3451 tatem
1347 3416 1476 3451 admisit
1490 3413 1630 3449 Ecclesia
1645 3426 1657 3446 .·
1686 3413 1769 3447 Eam
1778 3410 1899 3456 quippe
1910 3409 2035 3452 duplici
2057 3407 2125 3442 elo·

1233 3467 1291 3516 gio
1303 3466 1444 3505 Photius
1454 3465 1488 3499 in
1502 3466 1557 3501 sua
1583 3462 1795 3501 Bibliotheca
1819 3469 1957 3499 exornat
1973 3481 1981 3490 ·

1998 3506 2087 3550 mk«,
