2366 3736
50 2184 52 2211 l

550 139 617 184 DE
654 132 1092 185 Containone
1128 151 1191 181 E'r
1224 128 1641 184 Arriairiom.

244 227 371 272 ptismiet
379 223 471 269 potest
482 225 566 267 ineffe
576 225 624 258 ubi
633 224 774 267 conversio
783 226 881 258 cordis
892 222 1037 265 defuerit3
1059 236 1120 258 con-

243 277 330 319 verfio
354 285 452 309 autem
463 279 560 309 cordis
574 275 665 317 potest
675 275 758 316 ineffe
770 286 827 306 non
834 282 973 315 percepto
994 274 1116 316 Baptis-

242 339 287 359 mo
296 351 308 367 ,
326 325 383 369 sed
388 334 550 368 contempto
562 336 620 358 non
627 324 716 365 potest
727 346 734 354 .
757 327 864 366 Neque
874 329 954 356 enim
969 324 1025 355 ullo
1037 327 1118 356 modo

242 378 370 409 dicenda
383 376 421 416 est
433 375 574 416 conversio
585 375 679 407 cordis
690 374 736 405 ad
745 377 840 407 Deum
852 398 861 414 ,
874 385 938 406 cum
951 377 1006 406 Dei
1018 376 1036 406 5
1038 386 1118 407 acra-

242 432 373 460 mentum
385 430 588 464 contemnitur,
601 423 632 456 id
646 423 689 456 est
706 448 715 463 ‚
731 425 906 469 negligitur
917 448 927 463 ,
938 435 975 456 ac
987 435 1053 456 non
1067 424 1119 458 de·

241 477 394 510 sideratur
405 501 412 509 .
438 478 480 510 Et
491 475 530 508 ad
542 474 641 517 Regii
658 473 829 529 Prophetae
841 474 970 507 verbum
984 498 995 513 ,
1006 476 1115 517 ,Quem-

241 527 398 560 admodi'cm
411 524 554 566 desiderat
564 535 666 556 cervus
683 524 835 565 adfantes
856 535 1000 566 aquarum
1010 547 1020 562 ‚
1047 524 1117 558 scri·

242 577 289 611 bit
303 578 336 610 in
350 573 637 618 explanationibus
650 573 851 608 psalmorum
866 588 876 607 .·
904 578 976 606 Non
987 575 1062 607 male
1073 581 1117 607 in·

242 626 382 669 telllgitur
394 636 454 657 vox
466 625 516 666 esse
527 635 625 657 eorum
637 648 646 662 ‚
673 630 722 666 qui
732 625 795 657 ciam
810 624 869 665 fint
882 622 1095 658 Catecbumeni
1106 647 1116 663 ,

241 678 285 710 ad
289 681 424 718 gratiam
429 671 528 716 sandi}
543 675 660 707 lavacri
662 674 812 715 festinant
825 699 832 707 .
846 675 930 707 Unde
939 676 972 707 (ε’
981 672 1116 716 solemni·

239 735 284 759 ter
294 750 304 765 ,
331 725 444 767 utique
456 725 488 757 iti
503 724 669 758 Sabb‘atho
694 724 811 757 Sancto
834 724 872 757 ad
897 724 1117 767 regenerantis

239 775 342 809 fontis
352 774 628 808 consecrationem
644 797 654 812 ‚
678 781 819 806 cantatur
831 774 877 806 hic
892 772 1030 816 Psalmics
1043 798 1054 811 ‚
1085 783 1117 806 ut

240 832 287 858 ita
312 823 472 865 desiderent
495 825 679 864 remt'ffionem
698 834 880 864 peccatorum
889 849 899 864 ,
927 825 1116 865 quemadmo-

241 876 314 908 diam
327 873 470 917 defiderat
478 885 585 907 cervus
596 873 747 915 adsontes
757 886 906 915 aquarum
918 898 925 905 .
938 875 1054 906 Hocce
1065 874 1114 907 de-

243 925 391 959 siderium
403 925 486 959 adeo
500 923 702 958 necessarium
717 923 999 966 semperjudicavit
1011 923 1116 956 Eccle-

192 972 194 974 ’
243 976 284 1008 fia
297 1000 306 1015 ‚
336 986 370 1008 ut
394 976 571 1017 supremam
596 971 916 1007 catechumenorum
938 974 1064 1006 classem
1078 986 1116 1007 ex

240 1022 437 1067 Apostolico
449 1023 598 1056 instituto
610 1024 731 1056 vocarit
743 1027 950 1065 Competentes
966 1049 975 1063 ,
1013 1023 1045 1056 id
1059 1024 1118 1063 est,

244 1083 347 1108 unum
367 1072 492 1115 aliquid
516 1072 606 1106 simul
629 1083 773 1115 petentes
783 1099 793 1113 ‚
820 1074 861 1107 de
884 1086 951 1117 quo
972 1074 1119 1106 laudatus

245 1122 450 1167 Augustinus
462 1123 496 1155 in
508 1122 717 1156 sermonibus
740 1124 781 1157 de
806 1124 952 1157 diversis:
982 1124 1069 1166 ,Quid
1080 1123 1116 1162 est

244 1175 323 1207 illud
330 1184 419 1206 unum
431 1197 441 1213 ,
470 1174 552 1215 quod
567 1181 675 1214 petunt
686 1175 739 1206 vel
747 1173 970 1216 concupiscunt?
998 1171 1119 1215 Baptis-

243 1229 287 1258 mi
295 1226 315 1255 5
316 1230 486 1256 atramenta
498 1235 505 1253 :
533 1227 570 1255 Ut
578 1228 629 1264 qui
639 1234 725 1256 erant
735 1222 811 1266 vasa
825 1224 942 1256 Diaboli
954 1247 965 1263 ‚
992 1234 1118 1255 merean-

245 1283 296 1307 tur
305 1274 356 1316 effe
366 1271 442 1315 vasa
452 1271 560 1312 Christi
573 1297 580 1305 .
599 1271 713 1306 Parem
727 1275 849 1317 semper
859 1273 899 1308 de
912 1272 1121 1307 Reconcilia-

245 1325 348 1357 tionis
361 1325 571 1357 sacramento
584 1323 675 1356 fuisse
685 1324 844 1357 rationem
857 1349 867 1364 ‚
896 1324 982 1357 lucet
993 1335 1033 1356 ex
1047 1325 1120 1356 San-

246 1375 299 1407 ίὶο
312 1372 482 1415 Cypriano
496 1396 507 1412 ,
534 1373 646 1405 multis
658 1373 689 1404 in
706 1373 785 1406 locis
796 1374 1005 1407 adseverante
1019 1374 1120 1414 ipsum

72 480 154 516 Psal.
167 489 224 527 41.

74 1136 171 1170 Serm.
194 1131 224 1171 8·

65 1196 139 1231 cap.
147 1195 176 1223 1.

246 1422 328 1457 nulli
344 1422 502 1465 lapsorum
516 1423 602 1463 posse
614 1422 831 1462 impendi‚nifi
852 1424 907 1465 qui
919 1423 986 1465 ejus
998 1422 1122 1464 dispen-

246 1473 392 1507 satricem
413 1473 445 1505 δε
468 1469 632 1504 custodem
660 1471 834 1504 Ecclesiam
847 1473 1005 1505 ferventer
1016 1484 1053 1505 ac
1066 1473 1119 1505 fre·

244 1533 383 1564 quenter
395 1521 558 1563 pulsasset.
587 1520 766 1554 Rationem
779 1522 857 1555 dant
871 1523 904 1555 in
919 1522 1003 1555 libro
1011 1522 1052 1554 de
1065 1522 1123 1555 Ba-

244 1572 365 1616 ptismo
378 1569 603 1603 Tertullianus
616 1595 626 1610 ‚
652 1571 730 1603 &in
747 1571 884 1605 laudatis
895 1573 935 1605 de
946 1572 1064 1605 eodem
1074 1571 1123 1604 Sa·

244 1631 412 1656 eramento
423 1619 510 1653 libris
521 1620 669 1653 laudatus
691 1619 895 1665 Augustinus
907 1644 916 1659 ‚
942 1621 1126 1655 adserentes

246 1670 520 1714 Regenerationis
530 1694 540 1709 ‚
554 1669 700 1712 adeoque
710 1671 744 1703 &
758 1670 1060 1704 Reconciliationis
1074 1672 1124 1705 Sa-

247 1731 409 1754 cramenta
422 1732 462 1753 ex
475 1718 596 1752 Christi
611 1719 750 1752 Domini
761 1720 911 1755 instituto
922 1721 983 1754 esse
1006 1720 1125 1754 fidei&

247 1770 471 1804 Contritionis
485 1769 602 1802 vestem
614 1793 625 1809 ‚
651 1769 871 1803 subsidiarium
886 1770 1045 1804 auxilium
1059 1795 1069 1811 ‚
1094 1772 1126 1804 ἀ

245 1821 454 1854 necessariam
481 1819 595 1852 nossrae
621 1819 861 1861 justificationis
900 1822 1094 1853 concausam
1117 1845 1127 1860 ‚

245 1870 392 1911 adeoque
405 1869 470 1902 stne
482 1869 549 1910 ejus
559 1868 669 1902 saltem
685 1880 764 1902 voto
783 1871 816 1903 &
829 1870 983 1903 desiderio
996 1870 1121 1903 nullum

245 1921 336 1962 posse
356 1919 419 1952 esse
442 1919 649 1952 Contritioni
673 1919 822 1954 effestum
833 1944 844 1960 ,
872 1920 995 1954 nullam
1020 1930 1127 1954 veram

246 1969 496 2003 Contritionem
509 1993 517 2000 .

484 2066 760 2103 CAPUT
810 2069 884 2104 111.

249 2166 436 2213 exponitur
451 2166 674 2201 Contritionis
686 2171 772 2202 astus
782 2167 1039 2204 fundamentalis
1052 2195 1062 2211 ,
1088 2170 1129 2205 de

348 2230 416 2264 quo
426 2218 624 2251 sacrosansta
636 2217 838 2252 Tridentina
853 2220 1024 2262 Synodus:

400 2270 497 2300 Deum
506 2274 659 2307 tamquam
669 2274 762 2300 omnIs
767 2270 800 2310 J
800 2269 906 2308 ustitia
910 2269 980 2310 fon-

449 2325 510 2349 tem
533 2317 657 2360 diligere
678 2323 821 2360 incipiunt
832 2344 843 2360 ‚
869 2319 933 2352 διε.

113 2228 188 2261 Sess.
200 2226 233 2262 6.

96 2288 166 2321 cap.
199 2281 231 2314 6.

73 2425 94 2451 t·
110 2425 234 2461 Omnis
345 2417 462 2451 Mnem
475 2427 580 2451 veram
594 2441 605 2458 ,
630 2418 706 2451 licet
717 2419 933 2462 imperfectam
947 2444 958 2459 ‚
985 2431 1055 2464 quae
1066 2420 1130 2463 pas-

75 2475 209 2510 Contri-
371 2469 425 2500 sim
439 2467 578 2500 Attritio
590 2467 723 2509 dicitur,
751 2470 999 2504 Contritionem
1010 2471 1072 2504 esse
1086 2472 1127 2503 es·

75 2525 125 2559 330
136 2525 233 2558 effen.
253 2517 427 2550 sentialiter
438 2528 548 2558 puram
565 2517 628 2549 Dei
641 2516 852 2558 charitatem,
875 2520 983 2554 lucide
993 2521 1129 2554 edicunt

77 2574 198 2608 fiante,-
253 2566 346 2600 verba
359 2567 426 2599 issa.
443 2566 484 2598 Et
501 2566 574 2599 licet
587 2565 626 2599 de
641 2568 707 2600 sola
721 2568 1041 2603 Catechumenorum
1052 2582 1127 2603 con-

75 2624 120 2658 est
166 2625 233 2659 Dei
253 2617 386 2650 tricione
397 2617 573 2659 loquantur
587 2639 596 2655 ‚
621 2617 758 2651 eandem
773 2629 881 2652 tamen
895 2621 957 2653 esse
966 2619 1006 2652 de
1024 2619 1127 2653 Poeni-

78 2674 211 2708 dsseffio
225 2700 232 2707 ,
253 2667 394 2700 rentium
407 2666 618 2700 Contritione
627 2668 789 2702 rationem
800 2692 810 2707 ,
836 2668 922 2702 lucet
935 2680 975 2702 ex
987 2669 1126 2712 ejusdem

82 2723 154 2758 seff,
177 2734 230 2771 ¹4·
252 2716 378 2760 Synodi
388 2715 427 2749 de
436 2715 501 2758 ipsa
512 2715 631 2748 verbis:
660 2723 802 2752 continet
811 2720 989 2761 cessationem
998 2728 1125 2761 apeeca-

83 2783 151 2818 cap,
176 2785 207 2820 4,
250 2773 309 2806 tis,
333 2767 366 2799 <ir
376 2777 473 2798 eorum
485 2765 701 2805 detestationem
714 2791 721 2799 .
735 2767 865 2812 Utique
874 2769 1125 2803 detestationem

249 2827 355 2860 ortam
366 2827 407 2849 ex
419 2815 545 2857 justitiae
562 2815 737 2851 dilectione
751 2842 758 2849 .
772 2819 852 2852 Item
863 2830 904 2853 ex
915 2818 1001 2852 hisce
1013 2819 1126 2853 verbis:

250 2869 405 2909 ‚Quamvis
412 2864 474 2905 fine
487 2868 678 2899 sacramento
691 2870 882 2902 Poenitentlae
888 2868 981 2911 perse
988 2870 1030 2902 ad
1045 2869 1127 2910 justi-

247 2917 413 2958 ficationem
423 2916 579 2957 perducere
585 2924 768 2957 peccatorem
781 2929 908 2961 nequeat
922 2943 931 2958 ‚
953 2927 1053 2952 tamen
1063 2932 1126 2952 eum

251 2968 296 2998 ad
304 2970 361 2999 Dei
366 2972 502 3009 gratiam
513 2971 545 2998 in
559 2969 578 2998 5
579 2977 747 3001 aeramento
758 2971 947 3002 PoenitentIae
965 2974 1127 3011 impetran-

253 3016 324 3046 dam
336 3015 464 3058 disponit
478 3039 485 3046 .
505 3015 635 3059 Utique
649 3018 797 3060 proxime
809 3020 842 3052 δι
855 3019 1048 3054 sufficienter
1059 3043 1066 3050 .
1080 3020 1125 3053 At

254 3064 332 3097 vero
344 3068 526 3107 proximam
542 3089 552 3104 ‚
573 3067 604 3100 ἀ
619 3067 694 3101 licet
706 3080 773 3102 non
787 3069 843 3102 nisi
857 3081 931 3102 cum
944 3070 1126 3103 Sacramen-

253 3123 288 3147 ιο
310 3115 520 3149 sufficientem
544 3116 724 3151 istiusmodi
750 3119 994 3162 dispositionem
1014 3118 1128 3152 debere

253 3164 315 3197 este
336 3163 524 3199 charitatem
548 3167 665 3200 definit
685 3166 761 3201 alibi
774 3169 886 3203 eadem
901 3169 1071 3211 synodus:
1099 3171 1129 3201 51

252 3219 319 3254 quis
331 3215 444 3246 dixerit
451 3213 511 3256 fine
520 3223 728 3257 praeveniente
741 3221 870 3259 Spiritus
883 3221 902 3251 5
904 3220 984 3252 anaqi
993 3219 1128 3262 inspira-

253 3270 330 3295 tione
350 3271 436 3305 atque
458 3267 520 3304 eju!
535 3268 682 3305 adjutorio
691 3267 836 3302 hominem
847 3271 978 3309 credere,
994 3268 1128 3312 sperare,

252 3315 373 3357 diligere
389 3338 399 3353 ‚
410 3323 462 3345 aut
471 3321 612 3354 poenttere
618 3318 693 3360 posse
695 3317 768 3358 ficut
778 3328 898 3360 oportet,
912 3330 945 3352 ut
958 3319 1129 3361 eiJustifica-

250 3369 342 3396 tionis
348 3369 452 3406 gratia
463 3364 630 3404 confi-ratur
642 3391 652 3405 ,
665 3369 829 3402 anathema
836 3370 875 3410 fit
890 3396 896 3402 .
928 3370 1036 3403 Voces
1047 3395 1057 3411 ,
1087 3371 1129 3401 Si-

241 3423 298 3446 -cut
310 3421 422 3455 oportet
433 3437 442 3452 ‚
470 3413 641 3457 desumptae
663 3418 735 3450 sunt
757 3430 798 3452 ex
821 3421 924 3454 Sanffi
951 3419 1129 3463 Augustini

250 3462 475 3504 Encbyridioz
503 3468 607 3496 omnis
622 3468 851 3508 Praereptc‘finit
862 3470 900 3510 est
916 3469 1071 3510 charitas,
1096 3470 1130 3502 id

345 3513 451 3555 Christ.
468 3517 546 3556 Lupi
558 3518 653 3557 Opera
666 3519 746 3549 Tom.
757 3519 788 3549 X
792 3522 812 3551 1.

79 3127 155 3162 Seis.
176 3129 207 3165 6.

79 3175 160 3212 Can.
177 3191 206 3228 3.

1949 153 2045 193 209

1175 222 1236 264 est,
1260 224 1305 256 ad
1311 222 1485 258 charitatem
1496 226 1624 267 refertur
1633 234 1717 259 omne
1729 227 1928 266 Praeceptum.
1955 225 2049 270 ,Quod

1182 285 1253 306 vero
1276 279 1321 306 ita
1337 274 1375 316 fit
1395 275 1444 305 vel
1454 281 1556 308 timore
1573 285 1689 317 poenae,
1715 276 1769 310 vel
1774 276 1875 317 aliqua
1891 281 2048 308 intentione

1179 325 1311 362 carnali,
1325 334 1357 357 ut
1369 334 1425 355 non
1436 324 1583 362 referatur
1593 328 1636 359 ad
1647 327 1729 359 illam
1740 324 1917 359 charitatem
1926 350 1936 366 ‚
1958 335 2048 366 quam

1179 373 1324 413 diffundit
1347 375 1474 414 spiritus
1496 375 1624 407 Sam‘lus
1646 382 1678 409 in
1687 375 1822 408 cordibus
1833 375 1953 415 nostris,
1981 385 2050 406 non-

1179 424 1250 456 dum
1256 423 1295 465 fit
1306 424 1551 465 quemadmodum
1556 424 1625 465 fieri
1635 433 1745 466 oportet
1758 449 1767 465 ,
1781 431 1920 468 quamvis
1926 424 1991 467 fieri
2003 428 2050 457 vi-

1179 474 1285 506 deatur
1296 497 1303 504 .
1333 473 1485 506 Eundem
1497 474 1529 505 in
1543 475 1666 508 sensum
1678 476 1814 518 exponit
1822 476 1946 509 easdem
1956 484 2051 508 voces
2068 472 2149 518 Cap.
2161 474 2219 518 253

1179 522 1213 555 in
1227 523 1311 556 libro
1323 522 1471 556 adversus
1482 525 1660 557 sermonem
1672 525 1870 559 Arianorum
1884 549 1892 557 .
1913 521 2053 572 roit-

1179 583 1216 606 ca
1227 573 1506 616 quemadmodum
1517 581 1644 616 oportet
1658 575 1812 616 poenitere
1823 575 1867 607 est
1880 586 1921 608 ex
1942 574 2005 608 fide
2017 574 2051 608 &

1177 621 1333 657 charitate
1342 632 1510 666 peccatum
1522 623 1624 656 odisse
1636 635 1673 656 ac
1685 623 1831 657 detestari
1844 648 1855 663 ,
1882 624 1971 668 quod
1982 624 2055 666 qui-

1179 684 1319 716 cumque
1332 673 1470 707 necdum
1484 673 1607 713 fecerit,
1621 673 1859 715 justificationis
1870 673 1971 715 gratia
1983 684 2053 706 nec·

1178 724 1256 757 dum
1270 723 1314 756 est
1326 722 1464 767 dignus.
1493 724 1585 757 Dicit
1607 734 1747 765 namque
1760 723 1891 756 Sanetus
1913 722 2053 764 Joaiines

1181 774 1359 816 Apostolus
1372 787 1379 805 :
1406 775 1471 816 ,Qui
1483 785 1540 806 non
1550 775 1646 816 diligit
1655 797 1665 812 ,
1688 782 1788 805 manet
1800 778 1832 804 ln
1844 784 1933 804 morte
1944 797 1951 803 .

1230 823 1478 857 Contritionem
1491 834 1623 856 omnem
1636 825 1697 857 effe
1709 822 1917 856 essentialiter
1930 822 1993 855 Dei
2007 821 2053 854 di-
2071 826 2231 862 probatug

1180 873 1352 906 lefsionem
1375 873 1519 907 clamant
1542 874 1708 916 Scripturae
1727 883 1841 905 omnes
1855 871 2030 905 Canonicae
2044 895 2055 910 ,
2071 891 2109 911 ex
2124 878 2230 922 Scrip-

1180 933 1293 956 omnes
1305 923 1447 956 Ecciefiae
1459 923 1568 956 Patres
1581 948 1591 962 ‚
1619 934 1733 956 omnes
1743 922 1870 965 Synodi
1885 947 1894 961 ,
1914 932 2053 964 quorum
2071 928 2151 962 tutis
2163 951 2172 959 ,

1179 973 1330 1006 omnium
1358 975 1470 1006 cunfla
1500 973 1688 1006 testimonia
1711 973 1731 1005 si
1755 972 1853 1005 velim
1877 971 2036 1005 adducere
2048 995 2059 1011 ‚

1180 1023 1368 1066 opportebit
1391 1023 1529 1067 grandin
1553 1023 1721 1056 volumina
1748 1023 1912 1065 complere
1925 1047 1932 1054 .
1960 1023 2002 1054 Et
2024 1022 2059 1053 in

1182 1085 1213 1106 re
1252 1073 1355 1105 lucida
1394 1074 1483 1116 piget
1515 1072 1547 1105 ὅς
1582 1073 1805 1115 memetipsum
1833 1074 1865 1105 ὅς
1894 1072 2061 1105 Leuorem

1181 1123 1266 1167 quasi
1290 1122 1399 1155 frustra
1423 1124 1571 1166 fatigari.
1602 1124 1724 1156 Nonne
1738 1122 1900 1165 Propheta
1910 1121 1991 1155 dicit
2007 1131 2063 1154 vo-

1181 1173 1309 1214 culam;
1338 1175 1434 1215 Dilige
1447 1198 1457 1213 ‚
1483 1173 1544 1206 effe
1559 1172 1652 1206 breve
1665 1173 1798 1206 verbum
1812 1195 1822 1210 ‚
1847 1173 1879 1204 in
1905 1184 1971 1215 quo
1985 1183 2061 1204 orn-
2105 1180 2239 1225 E‘qffig

1185 1234 1257 1256 nem
1286 1223 1367 1266 legis
1394 1225 1453 1256 suae
1478 1222 1727 1265 amplitudinem
1755 1224 1844 1255 Deus
1880 1222 2061 1255 conclusit?
2078 1232 2193 1265 omnia

1183 1274 1275 1306 Hinc
1298 1268 1550 1315 frequentissime
1571 1274 1672 1306 edicit
1698 1271 1902 1316 Augustinus
1924 1286 1934 1304 .-
1963 1270 2060 1313 Dilige
2079 1280 2212 1315 Deilex

1183 1325 1216 1356 (τ
1237 1322 1294 1364 fac
1318 1324 1397 1363 quod
1419 1328 1468 1355 vis
1483 1346 1490 1352 .
1521 1322 1667 1355 Eandem
1694 1322 1787 1354 fuiffe
1799 1322 1905 1354 Sancti
1927 1321 2061 1361 Joannis
2080 1331 2125 1364 est
2147 1330 2190 1363 de

1185 1370 1337 1414 Apostoli
1349 1371 1513 1405 adsiduam
1527 1382 1623 1411 atque
1634 1381 1811 1404 extremam
1835 1381 1950 1403 vocem
1963 1369 2061 1402 adfir-
2082 1380 2215 1414 chniu.

1186 1432 1251 1454 mat
1273 1421 1406 1454 Sanctus
1427 1421 1652 1463 Hieronymus
1677 1421 1709 1453 in
1732 1420 1975 1454 commentariis
1989 1419 2062 1461 Epi·
2085 1441 2132 1465 te·

1186 1472 1273 1504 stolae
1284 1471 1324 1504 ad
1351 1471 1500 1504 Galatas.
1529 1470 1571 1503 Et
1595 1471 1658 1513 ipse
1681 1469 1846 1503 Dominus
1860 1469 1962 1502 dizit:
1993 1471 2062 1511 ,Qui

1186 1533 1244 1554 non
1259 1523 1368 1564 diligit,
1379 1519 1525 1564 sermones
1537 1532 1610 1553 meos
1622 1532 1678 1552 non
1685 1519 1791 1562 servat
1803 1544 1810 1551 .
1835 1520 1898 1552 Dzi
1911 1520 1943 1553 &
1956 1520 2063 1562 proxi-

1187 1571 1231 1604 mi
1243 1571 1455 1604 dilediionem
1463 1572 1508 1603 ait
1519 1571 1582 1604 effe
1595 1570 1731 1604 unicum
1748 1571 1839 1603 suum
1852 1569 2066 1612 Praeceptum,

1187 1621 1323 1653 unicum
1343 1622 1404 1655 suae
1424 1619 1660 1663 praedicationis
1689 1620 1722 1653 &
1745 1620 1895 1663 passionis
1917 1621 2016 1652 finem
2030 1620 2064 1652 &

1188 1672 1327 1704 fructum
1337 1696 1348 1711 ,
1377 1672 1513 1704 unicum
1528 1672 1655 1704 suarum
1669 1672 1783 1704 ovium
1796 1669 1836 1702 ab
1848 1668 1946 1703 haedi's
1959 1668 2068 1702 discri-

1187 1732 1261 1754 men
1274 1746 1284 1760 ,
1316 1722 1351 1754 δε
1375 1722 1408 1754 in
1432 1721 1492 1754 illo
1512 1732 1646 1754 omnem
1659 1719 1798 1761 pendere
1811 1720 1932 1763 Legem
1946 1719 2068 1751 acPro-

1190 1770 1303 1813 phetas
1315 1795 1322 1802 .
1353 1772 1396 1804 Et
1409 1769 1590 1811 Apostolus
1605 1770 1743 1802 Paulus:
1774 1770 1935 1802 Plenitudo
1943 1770 2015 1811 legis
2029 1766 2068 1806 est

1189 1820 1303 1852 dileetio
1316 1844 1322 1850 .
1351 1820 1522 1863 ‚Qui'diligit
1536 1845 1546 1859 ‚
1577 1823 1668 1862 legem
1681 1821 1819 1860 implevit
1830 1844 1837 1851 .
1870 1823 1943 1851 Non
1956 1824 2068 1859 accepi-

1183 1870 1238 1909 stis
1258 1869 1399 1911 spiritum
1413 1869 1574 1912 servitutis
1597 1871 1702 1902 iternm
1713 1874 1744 1901 in
1751 1874 1853 1902 timore
1863 1892 1872 1907 ,
1893 1867 1951 1911 sed
1960 1874 2067 1910 accepi·
2091 1861 2170 1905 CaP·
2196 1869 2249 1897 12.

1183 1919 1242 1959 stis
1255 1919 1394 1961 spiritum
1405 1922 1576 1960 adoptionis
1583 1919 1714 1961 filiorum
1729 1944 1738 1959 ‚
1765 1925 1797 1952 in
1819 1931 1873 1961 quo
1883 1922 2047 1952 clamamus
2060 1941 2071 1957 ,

1192 1970 1315 2004 ABBA
1332 1995 1342 2010 ‚
1370 1969 1553 2004 PATER.
1583 1971 1667 2015 Qae
1680 1969 2006 2013 plurimaisliusmodi
2021 1970 2068 2002 lo-

1190 2031 1225 2054 ca
1237 2018 1443 2054 considerans
1451 2020 1681 2054 Tertullianus
1694 2019 1802 2053 scribit
1816 2021 1847 2053 in
1862 2020 1945 2053 libro
1955 2021 1994 2052 <le
2008 2019 2067 2051 Pa«

1191 2071 1307 2104 tientia
1321 2083 1328 2103 :
1358 2071 1482 2103 Dilec‘i'io
1488 2069 1636 2113 summum
1642 2071 1716 2112 fidei
1727 2073 1947 2103 sacramentum
1960 2094 1968 2109 ,
1981 2068 2068 2101 Chri-

1183 2121 1277 2159 stiani
1289 2127 1417 2153 nominis
1429 2119 1580 2163 thesaurus
1597 2146 1606 2160 ‚
1632 2132 1718 2162 quem
1744 2120 1888 2161 Apostolus
1914 2127 1982 2152 totis
1996 2126 2069 2151 viri-

1191 2170 1246 2202 bus
1271 2171 1373 2201 sandi}
1394 2172 1523 2210 Spiritus
1548 2171 1733 2202 commendat
1748 2195 1754 2202 .
1782 2170 1858 2203 Sine
1871 2169 1931 2203 hac
1945 2170 2069 2201 nullam

1191 2219 1318 2262 impleri
1341 2219 1468 2263 legem,
1495 2220 1624 2252 nullum
1646 2220 1759 2253 servari
1783 2219 1924 2252 Domini
1938 2219 2071 2252 manda-

1190 2280 1259 2303 tum
1273 2294 1281 2309 ,
1309 2270 1435 2302 nullum
1450 2269 1567 2303 mentis
1579 2270 1691 2302 nostrae
1704 2281 1786 2312 opus
1796 2279 1851 2302 aut
1865 2279 1993 2302 motum
2007 2270 2070 2301 esse

1190 2318 1465 2363 quemadmodum
1486 2329 1615 2362 oportet
1642 2319 1767 2352 bonum
1790 2319 1910 2352 clamat
1940 2318 2069 2351 adsidue

1190 2371 1321 2403 Saucius
1346 2369 1554 2414 Augustinus
1579 2394 1586 2401 .
1616 2369 1703 2404 Cum
1730 2368 1894 2412 Apostolo
1919 2368 2069 2400 adfirmat

1189 2420 1315 2462 antiqui
1331 2419 1362 2453 ὅ(
1378 2419 1454 2452 novi
1465 2419 1672 2452 Testamenti
1688 2420 1825 2460 palmare
1836 2419 2009 2451 discrimen
2023 2418 2069 2450 es-

1190 2471 1221 2503 se
1242 2469 1393 2504 timorem
1416 2471 1448 2503 ὅ(
1472 2480 1637 2509 amorem,
1665 2467 1803 2511 ideoque
1823 2469 1953 2501 cunflos
1974 2491 1984 2507 ‚
2010 2467 2069 2510 qui

1191 2521 1300 2553 Deum
1314 2519 1420 2552 adhuc
1433 2519 1480 2552 uti
1495 2519 1681 2552 Dominum
1701 2517 1871 2552 dumtaxat
1892 2527 2042 2551 metuunt
2055 2541 2066 2557 ,

1188 2570 1220 2602 ὃς
1235 2581 1299 2602 non
1314 2569 1361 2602 uti
1380 2568 1509 2602 Patrem
1521 2567 1604 2601 caste
1626 2567 1772 2611 diligunt
1785 2592 1795 2608 ‚
1822 2568 2002 2601 etiamnum
2021 2579 2067 2600 er-

1188 2631 1256 2653 rare
1266 2620 1298 2652 &
1311 2618 1423 2652 haerere
1436 2618 1470 2650 in
1485 2619 1585 2651 veteri
1598 2616 1792 2651 testamento
1803 2642 1814 2658 ,
1840 2629 1876 2650 ac
1887 2619 1948 2652 effe
1959 2629 2067 2651 carna·

1191 2670 1234 2702 les
1249 2671 1409 2701 minarum
1425 2668 1528 2701 servos
1543 2692 1552 2707 ,
1580 2667 1596 2700 ὲ
1609 2666 1757 2707 Divinae,
1769 2678 1837 2710 quae
1846 2668 1912 2701 sola
1924 2668 2066 2701 dileetio·
2091 2695 2093 2697 ,

1190 2730 1229 2752 ne
1240 2719 1414 2761 acquiritur
1427 2742 1437 2757 ‚
1448 2718 1635 2760 adoptionis
1646 2718 1678 2750 ὃς
1690 2717 1860 2751 filiationis
1871 2742 1881 2757 ‚
1905 2717 1955 2751 seu
1968 2714 2064 2749 Chri-

1188 2767 1544 2810 stianaejuslificationis
1563 2767 1667 2811 gratia
1679 2768 1820 2800 multum
1844 2768 1986 2801 alienos.
2019 2767 2062 2799 Et

1197 2818 1273 2851 hinc
1285 2819 1501 2851 Dominicam
1521 2841 1531 2857 ‚
1560 2821 1653 2850 Pater
1673 2816 1783 2857 noster,
1811 2827 1907 2859 quam
1931 2816 2062 2850 laudata

1188 2867 1339 2911 Apostoli
1352 2868 1444 2900 verba
1459 2891 1469 2907 ,
1494 2867 1577 2900 Abba
1591 2870 1680 2899 Pater
1694 2892 1704 2905 ‚
1725 2867 1865 2899 omnino
1879 2864 2055 2909 respiciunt

1185 2919 1367 2952 orationem
1381 2929 1445 2950 non
1459 2918 1551 2950 fuisse
1566 2919 1596 2950 in
1613 2917 1708 2949 veteri
1726 2916 1944 2950 Testamento
1957 2939 1967 2954 ,
1992 2917 2024 2950 δε
2042 2916 2061 2949 ὲ

1187 2969 1261 3001 solis
1275 2969 1383 3001 Deum
1398 2967 1479 3000 caste
1491 2966 1698 3010 diligentibus
1715 2966 1800 3007 posse
1815 2966 1966 2999 veraciter
1978 2966 2057 3004 dici,

1186 3019 1368 3061 frequenter
1383 3018 1468 3060 leges
1481 3019 1562 3059 apud
1575 3017 1724 3049 Sanctum
1741 3016 1900 3057 Joannem
1914 3013 2061 3058 Chryso-

1187 3069 1348 3101 ssomum.
1377 3068 1520 3100 Proinde
1543 3067 1575 3099 ὅ(
1599 3078 1651 3108 per
1674 3066 1828 3099 timorem
1854 3077 1919 3099 non
1955 3066 2060 3100 solum

1186 3119 1263 3151 citra
1278 3116 1469 3150 charitatem
1489 3117 1528 3148 de
1550 3115 1688 3158 peccatis
1710 3127 1869 3158 concepta
1889 3115 2060 3149 Contritio

1186 3169 1230 3202 est
1243 3167 1464 3201 Contritionis
1489 3167 1581 3199 fucus
1594 3190 1604 3204 ‚
1633 3178 1699 3197 non
1725 3165 1769 3198 est
1783 3164 2058 3209 quemadmodum

1187 3228 1316 3261 oportet
1328 3242 1339 3258 ‚
1367 3216 1571 3259 Evangelicae
1582 3214 1788 3257 Poenitent1ae
1810 3216 1913 3259 legem
1928 3226 1993 3247 non
2006 3212 2059 3246 ad-

1190 3268 1300 3310 implet
1317 3290 1326 3306 ,
1353 3268 1396 3300 est
1409 3267 1504 3300 dolor
1517 3266 1681 3299 servilis&
1692 3265 1837 3307 judaicus
1849 3292 1858 3306 ‚
1873 3278 1938 3298 non
1952 3263 2060 3297 filialis

1188 3319 1222 3351 &
1232 3315 1436 3351 Christianus
1451 3341 1458 3347 .
2083 3314 2244 3349 Probatur

1239 3366 1341 3415 Qiod
1356 3364 1561 3408 Baptismatis
1576 3366 1723 3399 effectum
1739 3367 1805 3399 fine
1829 3364 1912 3399 casta
1936 3362 1999 3396 Dei
2012 3364 2060 3398 di·
2086 3377 2128 3399 ex
2176 3365 2244 3399 Ba·-

1189 3418 1328 3451 lestione
1342 3427 1405 3449 non
1417 3415 1503 3458 posse
1517 3415 1618 3459 accipi
1631 3415 1800 3449 docuerint
1811 3414 1998 3448 constanter
2011 3415 2063 3447 A-
2089 3415 2234 3458 ptismali

1191 3468 1332 3513 postoli,
1356 3466 1444 3501 lucet
1455 3477 1495 3501 ex
1506 3466 1758 3510 Baptismalibus
1774 3463 1923 3508 periples
1940 3463 2064 3498 institu-
2087 3465 2248 3508 profeffio-

1683 3516 1704 3549 S
1755 3525 1774 3562 3
1976 3512 2017 3547 tis
2089 3526 2148 3549 ne.
