<?xml version="1.0" encoding="UTF-8"?>
<!DOCTYPE html PUBLIC "-//W3C//DTD XHTML 1.0 Transitional//EN"
    "http://www.w3.org/TR/xhtml1/DTD/xhtml1-transitional.dtd">
<html xmlns="http://www.w3.org/1999/xhtml" xml:lang="en" lang="en">
 <head>
  <title>
</title>
<meta http-equiv="Content-Type" content="text/html;charset=utf-8" />
  <meta name='ocr-system' content='tesseract 3.04.00' />
  <meta name='ocr-capabilities' content='ocr_page ocr_carea ocr_par ocr_line ocrx_word'/>
</head>
<body>
  <div class='ocr_page' id='page_1' title='image "./operaomniastudio11lupuuoft_0162.png"; bbox 0 0 2366 3736; ppageno 0'>
   <div class='ocr_carea' id='block_1_1' title="bbox 370 145 460 203">
    <p class='ocr_par' dir='ltr' id='par_1_1' title="bbox 370 145 460 203">
     <span class='ocr_line' id='line_1_1' title="bbox 370 145 460 203; baseline -0.033 -13"><span class='ocrx_word' id='word_1_1' title='bbox 370 145 460 203; x_wconf 84' lang='lat'><em>148</em></span> 
     </span>
    </p>
   </div>
   <div class='ocr_carea' id='block_1_2' title="bbox 331 223 1213 369">
    <p class='ocr_par' dir='ltr' id='par_1_2' title="bbox 331 223 1213 369">
     <span class='ocr_line' id='line_1_2' title="bbox 331 223 1213 270; baseline 0.002 -12"><span class='ocrx_word' id='word_1_2' title='bbox 331 227 409 269; x_wconf 82' lang='lat' dir='ltr'><em>quod</em></span> <span class='ocrx_word' id='word_1_3' title='bbox 427 237 581 270; x_wconf 80' lang='lat' dir='ltr'>nunquam</span> <span class='ocrx_word' id='word_1_4' title='bbox 600 228 691 260; x_wconf 65' lang='lat' dir='ltr'><em>amet?</em></span> <span class='ocrx_word' id='word_1_5' title='bbox 701 223 822 267; x_wconf 69' lang='lat' dir='ltr'><em>fizc‘t&#39;um</em></span> <span class='ocrx_word' id='word_1_6' title='bbox 848 234 916 262; x_wconf 74' lang='lat' dir='ltr'><em>ereis</em></span> <span class='ocrx_word' id='word_1_7' title='bbox 928 251 938 269; x_wconf 77' lang='lat'>‚</span> <span class='ocrx_word' id='word_1_8' title='bbox 959 228 1172 269; x_wconf 84' lang='lat' dir='ltr'><em>jure-jurando</em></span> <span class='ocrx_word' id='word_1_9' title='bbox 1193 231 1213 265; x_wconf 70' lang='grc' dir='ltr'><em>ἢ</em></span> 
     </span>
     <span class='ocr_line' id='line_1_3' title="bbox 331 275 1212 320; baseline 0 -10"><span class='ocrx_word' id='word_1_10' title='bbox 331 277 474 313; x_wconf 76' lang='lat' dir='ltr'><em>Tribunis</em></span> <span class='ocrx_word' id='word_1_11' title='bbox 488 280 614 310; x_wconf 84' lang='lat' dir='ltr'><em>militum</em></span> <span class='ocrx_word' id='word_1_12' title='bbox 624 276 748 314; x_wconf 56' lang='lat' dir='ltr'><em>adacti,</em></span> <span class='ocrx_word' id='word_1_13' title='bbox 768 276 847 318; x_wconf 79' lang='lat' dir='ltr'><em>jussu</em></span> <span class='ocrx_word' id='word_1_14' title='bbox 871 275 1029 320; x_wconf 76' lang='lat' dir='ltr'><em>Confidam</em></span> <span class='ocrx_word' id='word_1_15' title='bbox 1053 288 1212 315; x_wconf 81' lang='lat' dir='ltr'><em>conventu-</em></span> 
     </span>
     <span class='ocr_line' id='line_1_4' title="bbox 333 324 1212 369; baseline 0.001 -10"><span class='ocrx_word' id='word_1_16' title='bbox 333 339 399 367; x_wconf 82' lang='lat' dir='ltr'><em>ros,</em></span> <span class='ocrx_word' id='word_1_17' title='bbox 426 339 517 369; x_wconf 87' lang='lat' dir='ltr'><em>neque</em></span> <span class='ocrx_word' id='word_1_18' title='bbox 527 326 632 367; x_wconf 75' lang='lat' dir='ltr'><em>injussu</em></span> <span class='ocrx_word' id='word_1_19' title='bbox 645 325 794 362; x_wconf 69' lang='lat' dir='ltr'><em>abituros,</em></span> <span class='ocrx_word' id='word_1_20' title='bbox 826 330 913 358; x_wconf 89' lang='lat' dir='ltr'><em>Nam</em></span> <span class='ocrx_word' id='word_1_21' title='bbox 941 329 1104 364; x_wconf 73' lang='lat' dir='ltr'><em>&amp;adeam</em></span> <span class='ocrx_word' id='word_1_22' title='bbox 1131 324 1212 360; x_wconf 83' lang='lat' dir='ltr'><em>diem</em></span> 
     </span>
    </p>
   </div>
   <div class='ocr_carea' id='block_1_3' title="bbox 219 374 1210 2417">
    <p class='ocr_par' dir='ltr' id='par_1_3' title="bbox 219 374 1210 2417">
     <span class='ocr_line' id='line_1_5' title="bbox 332 374 1208 420; baseline 0.002 -11"><span class='ocrx_word' id='word_1_23' title='bbox 332 377 527 419; x_wconf 76' lang='lat' dir='ltr'><em>nihilpraeter</em></span> <span class='ocrx_word' id='word_1_24' title='bbox 538 377 758 411; x_wconf 71' lang='lat' dir='ltr'><em>sacramentum</em></span> <span class='ocrx_word' id='word_1_25' title='bbox 767 374 894 420; x_wconf 81' lang='lat' dir='ltr'><em>fuerat.</em></span> <span class='ocrx_word' id='word_1_26' title='bbox 926 381 970 413; x_wconf 80' lang='lat' dir='ltr'><em>Et</em></span> <span class='ocrx_word' id='word_1_27' title='bbox 992 377 1041 410; x_wconf 82' lang='lat' dir='ltr'><em>ubi</em></span> <span class='ocrx_word' id='word_1_28' title='bbox 1053 379 1098 410; x_wconf 86' lang='lat' dir='ltr'><em>ad</em></span> <span class='ocrx_word' id='word_1_29' title='bbox 1121 381 1208 411; x_wconf 77' lang='lat' dir='ltr'><em>Decu—</em></span> 
     </span>
     <span class='ocr_line' id='line_1_6' title="bbox 331 425 1210 470; baseline 0.002 -12"><span class='ocrx_word' id='word_1_30' title='bbox 331 432 442 458; x_wconf 83' lang='lat' dir='ltr'><em>riatum</em></span> <span class='ocrx_word' id='word_1_31' title='bbox 453 433 504 458; x_wconf 83' lang='lat' dir='ltr'><em>aut</em></span> <span class='ocrx_word' id='word_1_32' title='bbox 518 428 726 461; x_wconf 78' lang='lat' dir='ltr'><em>centuriatum</em></span> <span class='ocrx_word' id='word_1_33' title='bbox 738 427 931 469; x_wconf 80' lang='lat' dir='ltr'><em>conveniffimt</em></span> <span class='ocrx_word' id='word_1_34' title='bbox 942 450 953 466; x_wconf 92' lang='lat'><strong>,</strong></span> <span class='ocrx_word' id='word_1_35' title='bbox 973 425 1032 470; x_wconf 89' lang='lat' dir='ltr'><em>sua</em></span> <span class='ocrx_word' id='word_1_36' title='bbox 1054 427 1210 463; x_wconf 79' lang='lat' dir='ltr'><em>voluntate</em></span> 
     </span>
     <span class='ocr_line' id='line_1_7' title="bbox 331 473 1209 519; baseline 0.007 -12"><span class='ocrx_word' id='word_1_37' title='bbox 331 475 387 517; x_wconf 72' lang='lat' dir='ltr'><em>ipsi</em></span> <span class='ocrx_word' id='word_1_38' title='bbox 393 482 467 507; x_wconf 83' lang='lat' dir='ltr'><em>inter</em></span> <span class='ocrx_word' id='word_1_39' title='bbox 476 473 648 517; x_wconf 86' lang='lat' dir='ltr'><em>seEquites</em></span> <span class='ocrx_word' id='word_1_40' title='bbox 666 476 832 517; x_wconf 87' lang='lat' dir='ltr'><em>decuriati,</em></span> <span class='ocrx_word' id='word_1_41' title='bbox 858 479 891 510; x_wconf 67' lang='lat'><em>(5</em></span> <span class='ocrx_word' id='word_1_42' title='bbox 913 483 1073 512; x_wconf 71' lang='lat' dir='ltr'><em>centuriati</em></span> <span class='ocrx_word' id='word_1_43' title='bbox 1092 479 1209 519; x_wconf 82' lang='lat' dir='ltr'><em>pedites</em></span> 
     </span>
     <span class='ocr_line' id='line_1_8' title="bbox 329 523 1208 573; baseline 0.006 -17"><span class='ocrx_word' id='word_1_44' title='bbox 329 525 523 563; x_wconf 80' lang='lat' dir='ltr'><em>conjurabant</em></span> <span class='ocrx_word' id='word_1_45' title='bbox 539 523 604 573; x_wconf 84' lang='lat' dir='ltr'><em>sese</em></span> <span class='ocrx_word' id='word_1_46' title='bbox 615 525 703 570; x_wconf 83' lang='lat' dir='ltr'><em>fugae</em></span> <span class='ocrx_word' id='word_1_47' title='bbox 716 536 804 569; x_wconf 82' lang='lat' dir='ltr'><em>atque</em></span> <span class='ocrx_word' id='word_1_48' title='bbox 807 526 984 568; x_wconf 83' lang='lat' dir='ltr'><em>formidinis</em></span> <span class='ocrx_word' id='word_1_49' title='bbox 1000 530 1066 572; x_wconf 72' lang='lat' dir='ltr'><em>ergo</em></span> <span class='ocrx_word' id='word_1_50' title='bbox 1079 538 1135 560; x_wconf 89' lang='lat' dir='ltr'><em>non</em></span> <span class='ocrx_word' id='word_1_51' title='bbox 1148 529 1208 561; x_wconf 78' lang='lat' dir='ltr'><em>abi-</em></span> 
     </span>
     <span class='ocr_line' id='line_1_9' title="bbox 327 577 1210 621; baseline 0.005 -15"><span class='ocrx_word' id='word_1_52' title='bbox 327 584 428 615; x_wconf 85' lang='lat' dir='ltr'><em>turos,</em></span> <span class='ocrx_word' id='word_1_53' title='bbox 456 586 548 617; x_wconf 81' lang='lat' dir='ltr'><em>neque</em></span> <span class='ocrx_word' id='word_1_54' title='bbox 558 587 596 611; x_wconf 71' lang='lat' dir='ltr'><em>ex</em></span> <span class='ocrx_word' id='word_1_55' title='bbox 607 579 706 611; x_wconf 84' lang='lat' dir='ltr'><em>ordine</em></span> <span class='ocrx_word' id='word_1_56' title='bbox 716 578 863 620; x_wconf 85' lang='lat' dir='ltr'><em>receffuros</em></span> <span class='ocrx_word' id='word_1_57' title='bbox 876 601 888 618; x_wconf 87' lang='lat'>‚</span> <span class='ocrx_word' id='word_1_58' title='bbox 916 577 972 619; x_wconf 82' lang='lat' dir='ltr'><em>nisi</em></span> <span class='ocrx_word' id='word_1_59' title='bbox 978 579 1028 615; x_wconf 79' lang='lat' dir='ltr'><em>teli</em></span> <span class='ocrx_word' id='word_1_60' title='bbox 1046 577 1210 621; x_wconf 83' lang='lat' dir='ltr'><em>sumendi,</em></span> 
     </span>
     <span class='ocr_line' id='line_1_10' title="bbox 325 623 1207 670; baseline 0.007 -14"><span class='ocrx_word' id='word_1_61' title='bbox 325 635 378 657; x_wconf 87' lang='lat' dir='ltr'><em>aut</em></span> <span class='ocrx_word' id='word_1_62' title='bbox 389 623 536 667; x_wconf 77' lang='lat' dir='ltr'><em>petendl‚</em></span> <span class='ocrx_word' id='word_1_63' title='bbox 563 635 618 659; x_wconf 84' lang='lat' dir='ltr'><em>aut</em></span> <span class='ocrx_word' id='word_1_64' title='bbox 629 625 871 668; x_wconf 82' lang='lat' dir='ltr'><em>bostisferiendi,</em></span> <span class='ocrx_word' id='word_1_65' title='bbox 901 638 955 660; x_wconf 87' lang='lat' dir='ltr'><em>aut</em></span> <span class='ocrx_word' id='word_1_66' title='bbox 975 630 1038 667; x_wconf 86' lang='lat' dir='ltr'><em>ejus</em></span> <span class='ocrx_word' id='word_1_67' title='bbox 1058 626 1207 670; x_wconf 77' lang='lat' dir='ltr'><em>servandi</em></span> 
     </span>
     <span class='ocr_line' id='line_1_11' title="bbox 323 675 1205 719; baseline 0.006 -14"><span class='ocrx_word' id='word_1_68' title='bbox 323 675 416 717; x_wconf 73' lang='lat' dir='ltr'><em>caussa</em></span> <span class='ocrx_word' id='word_1_69' title='bbox 427 699 434 707; x_wconf 82' lang='lat'><em>.</em></span> <span class='ocrx_word' id='word_1_70' title='bbox 463 677 502 708; x_wconf 91' lang='lat' dir='ltr'>1d</span> <span class='ocrx_word' id='word_1_71' title='bbox 510 687 549 711; x_wconf 76' lang='lat' dir='ltr'><em>ex</em></span> <span class='ocrx_word' id='word_1_72' title='bbox 567 675 734 711; x_wconf 81' lang='lat' dir='ltr'><em>voluntario</em></span> <span class='ocrx_word' id='word_1_73' title='bbox 745 683 824 710; x_wconf 89' lang='lat' dir='ltr'><em>inter</em></span> <span class='ocrx_word' id='word_1_74' title='bbox 839 676 917 719; x_wconf 76' lang='lat' dir='ltr'><em>ipfhs</em></span> <span class='ocrx_word' id='word_1_75' title='bbox 924 676 1041 718; x_wconf 79' lang='lat' dir='ltr'><em>foedere</em></span> <span class='ocrx_word' id='word_1_76' title='bbox 1064 679 1083 710; x_wconf 82' lang='grc' dir='ltr'><em>ᾶ</em></span> <span class='ocrx_word' id='word_1_77' title='bbox 1101 677 1205 714; x_wconf 80' lang='lat' dir='ltr'><em>Tribu-</em></span> 
     </span>
     <span class='ocr_line' id='line_1_12' title="bbox 323 726 1205 772; baseline 0.008 -17"><span class='ocrx_word' id='word_1_78' title='bbox 323 729 372 756; x_wconf 84' lang='lat' dir='ltr'><em>nis</em></span> <span class='ocrx_word' id='word_1_79' title='bbox 395 726 438 757; x_wconf 87' lang='lat' dir='ltr'>ad</span> <span class='ocrx_word' id='word_1_80' title='bbox 457 727 621 769; x_wconf 76' lang='lat' dir='ltr'><em>legitimam</em></span> <span class='ocrx_word' id='word_1_81' title='bbox 637 728 845 772; x_wconf 80' lang='lat' dir='ltr'><em>jurisjurandi</em></span> <span class='ocrx_word' id='word_1_82' title='bbox 855 727 1039 760; x_wconf 57' lang='lat' dir='ltr'><em>adactionem</em></span> <span class='ocrx_word' id='word_1_83' title='bbox 1067 730 1205 762; x_wconf 86' lang='lat' dir='ltr'><em>transla-</em></span> 
     </span>
     <span class='ocr_line' id='line_1_13' title="bbox 323 776 1206 821; baseline 0.009 -16"><span class='ocrx_word' id='word_1_84' title='bbox 323 783 387 806; x_wconf 88' lang='lat' dir='ltr'><em>tum</em></span> <span class='ocrx_word' id='word_1_85' title='bbox 403 799 410 806; x_wconf 92' lang='lat'>.</span> <span class='ocrx_word' id='word_1_86' title='bbox 437 776 489 809; x_wconf 85' lang='lat' dir='ltr'><em>Ex</em></span> <span class='ocrx_word' id='word_1_87' title='bbox 501 777 720 821; x_wconf 74' lang='lat' dir='ltr'>indeepraelio</span> <span class='ocrx_word' id='word_1_88' title='bbox 732 778 810 821; x_wconf 85' lang='lat' dir='ltr'>fuga</span> <span class='ocrx_word' id='word_1_89' title='bbox 822 778 921 820; x_wconf 87' lang='lat' dir='ltr'>coepit</span> <span class='ocrx_word' id='word_1_90' title='bbox 934 778 1017 820; x_wconf 87' lang='lat' dir='ltr'>apud</span> <span class='ocrx_word' id='word_1_91' title='bbox 1034 777 1206 813; x_wconf 86' lang='lat' dir='ltr'>Romanos</span> 
     </span>
     <span class='ocr_line' id='line_1_14' title="bbox 322 826 1201 871; baseline 0.003 -14"><span class='ocrx_word' id='word_1_92' title='bbox 322 826 385 858; x_wconf 81' lang='lat' dir='ltr'><em>effe</em></span> <span class='ocrx_word' id='word_1_93' title='bbox 397 826 519 859; x_wconf 83' lang='lat' dir='ltr'>crimen</span> <span class='ocrx_word' id='word_1_94' title='bbox 533 827 683 871; x_wconf 85' lang='lat' dir='ltr'>Capitale</span> <span class='ocrx_word' id='word_1_95' title='bbox 696 852 703 859; x_wconf 92' lang='lat'><strong>.</strong></span> <span class='ocrx_word' id='word_1_96' title='bbox 732 827 908 862; x_wconf 81' lang='lat' dir='ltr'>Decretum</span> <span class='ocrx_word' id='word_1_97' title='bbox 936 828 968 860; x_wconf 91' lang='lat' dir='ltr'><em>id</em></span> <span class='ocrx_word' id='word_1_98' title='bbox 982 829 1043 862; x_wconf 88' lang='lat' dir='ltr'>fuit</span> <span class='ocrx_word' id='word_1_99' title='bbox 1064 840 1105 862; x_wconf 83' lang='lat' dir='ltr'><em>ex</em></span> <span class='ocrx_word' id='word_1_100' title='bbox 1121 828 1201 861; x_wconf 86' lang='lat' dir='ltr'>Afri-</span> 
     </span>
     <span class='ocr_line' id='line_1_15' title="bbox 322 875 1203 920; baseline 0.003 -11"><span class='ocrx_word' id='word_1_101' title='bbox 322 875 681 917; x_wconf 85' lang='lat' dir='ltr'>canibellioccafione‚</span> <span class='ocrx_word' id='word_1_102' title='bbox 711 877 744 912; x_wconf 75' lang='grc' dir='ltr'><em>ὅ(</em></span> <span class='ocrx_word' id='word_1_103' title='bbox 761 878 912 920; x_wconf 82' lang='lat' dir='ltr'><strong>deinceps</strong></span> <span class='ocrx_word' id='word_1_104' title='bbox 927 889 1001 914; x_wconf 89' lang='lat' dir='ltr'><em>cum</em></span> <span class='ocrx_word' id='word_1_105' title='bbox 1025 879 1203 912; x_wconf 87' lang='lat' dir='ltr'>incremen-</span> 
     </span>
     <span class='ocr_line' id='line_1_16' title="bbox 322 925 1176 972; baseline 0.004 -14"><span class='ocrx_word' id='word_1_106' title='bbox 322 934 359 958; x_wconf 87' lang='lat' dir='ltr'><em>to</em></span> <span class='ocrx_word' id='word_1_107' title='bbox 370 926 532 960; x_wconf 84' lang='lat' dir='ltr'>servatum</span> <span class='ocrx_word' id='word_1_108' title='bbox 544 951 551 959; x_wconf 88' lang='lat'><strong><em>.</em></strong></span> <span class='ocrx_word' id='word_1_109' title='bbox 581 928 622 960; x_wconf 85' lang='lat' dir='ltr'><em>Et</em></span> <span class='ocrx_word' id='word_1_110' title='bbox 637 925 833 971; x_wconf 83' lang='lat' dir='ltr'>quandoque</span> <span class='ocrx_word' id='word_1_111' title='bbox 844 927 939 969; x_wconf 84' lang='lat' dir='ltr'>poffit</span> <span class='ocrx_word' id='word_1_112' title='bbox 955 929 1016 962; x_wconf 81' lang='lat' dir='ltr'><em>esse</em></span> <span class='ocrx_word' id='word_1_113' title='bbox 1036 927 1155 972; x_wconf 86' lang='lat' dir='ltr'>justum</span> <span class='ocrx_word' id='word_1_114' title='bbox 1170 953 1176 960; x_wconf 91' lang='lat'>.</span> 
     </span>
     <span class='ocr_line' id='line_1_17' title="bbox 372 974 1202 1015; baseline 0.002 -6"><span class='ocrx_word' id='word_1_115' title='bbox 372 974 475 1010; x_wconf 76' lang='lat' dir='ltr'><em>Porro</em></span> <span class='ocrx_word' id='word_1_116' title='bbox 496 977 638 1013; x_wconf 85' lang='lat' dir='ltr'>militum</span> <span class='ocrx_word' id='word_1_117' title='bbox 653 977 818 1015; x_wconf 82' lang='lat' dir='ltr'>Lustratio</span> <span class='ocrx_word' id='word_1_118' title='bbox 840 978 909 1013; x_wconf 79' lang='lat' dir='ltr'><em>fieri</em></span> <span class='ocrx_word' id='word_1_119' title='bbox 921 978 1015 1012; x_wconf 84' lang='lat' dir='ltr'><em>debet</em></span> <span class='ocrx_word' id='word_1_120' title='bbox 1029 990 1095 1015; x_wconf 89' lang='lat' dir='ltr'><em>non</em></span> <span class='ocrx_word' id='word_1_121' title='bbox 1113 979 1202 1012; x_wconf 88' lang='lat' dir='ltr'>dum·</span> 
     </span>
     <span class='ocr_line' id='line_1_18' title="bbox 320 1027 1201 1071; baseline 0.005 -13"><span class='ocrx_word' id='word_1_122' title='bbox 320 1035 410 1060; x_wconf 86' lang='lat' dir='ltr'>taxat</span> <span class='ocrx_word' id='word_1_123' title='bbox 438 1028 477 1061; x_wconf 89' lang='lat' dir='ltr'><em>ad</em></span> <span class='ocrx_word' id='word_1_124' title='bbox 501 1038 629 1071; x_wconf 83' lang='lat' dir='ltr'>poenam</span> <span class='ocrx_word' id='word_1_125' title='bbox 643 1051 652 1067; x_wconf 92' lang='lat'><strong><em>‚</em></strong></span> <span class='ocrx_word' id='word_1_126' title='bbox 682 1028 842 1063; x_wconf 87' lang='lat' dir='ltr'>sedetiam</span> <span class='ocrx_word' id='word_1_127' title='bbox 860 1027 898 1060; x_wconf 89' lang='lat' dir='ltr'><em>ad</em></span> <span class='ocrx_word' id='word_1_128' title='bbox 913 1028 1082 1065; x_wconf 67' lang='lat' dir='ltr'>solatium,</span> <span class='ocrx_word' id='word_1_129' title='bbox 1111 1030 1201 1062; x_wconf 88' lang='lat' dir='ltr'>Hinc</span> 
     </span>
     <span class='ocr_line' id='line_1_19' title="bbox 223 1061 1200 1113; baseline 0 -3"><span class='ocrx_word' id='word_1_130' title='bbox 223 1061 255 1100; x_wconf 76' lang='lat'><em>6·</em></span> <span class='ocrx_word' id='word_1_131' title='bbox 320 1076 361 1110; x_wconf 89' lang='lat' dir='ltr'><em>de</em></span> <span class='ocrx_word' id='word_1_132' title='bbox 385 1077 509 1110; x_wconf 84' lang='lat' dir='ltr'>Avidio</span> <span class='ocrx_word' id='word_1_133' title='bbox 534 1077 643 1111; x_wconf 85' lang='lat' dir='ltr'>Caffio</span> <span class='ocrx_word' id='word_1_134' title='bbox 666 1078 774 1111; x_wconf 85' lang='lat' dir='ltr'>scribit</span> <span class='ocrx_word' id='word_1_135' title='bbox 798 1077 971 1112; x_wconf 78' lang='lat' dir='ltr'>Vulcatius</span> <span class='ocrx_word' id='word_1_136' title='bbox 984 1079 1174 1113; x_wconf 85' lang='lat' dir='ltr'>Gallicanus</span> <span class='ocrx_word' id='word_1_137' title='bbox 1190 1092 1200 1110; x_wconf 90' lang='lat'><em>:</em></span> 
     </span>
     <span class='ocr_line' id='line_1_20' title="bbox 320 1127 1198 1171; baseline 0.003 -14"><span class='ocrx_word' id='word_1_138' title='bbox 320 1127 449 1158; x_wconf 77' lang='lat' dir='ltr'><em>Avidius</em></span> <span class='ocrx_word' id='word_1_139' title='bbox 484 1139 570 1160; x_wconf 89' lang='lat' dir='ltr'><em>arma</em></span> <span class='ocrx_word' id='word_1_140' title='bbox 602 1128 728 1161; x_wconf 84' lang='lat' dir='ltr'><em>militum</em></span> <span class='ocrx_word' id='word_1_141' title='bbox 745 1127 877 1171; x_wconf 84' lang='lat' dir='ltr'><em>septima</em></span> <span class='ocrx_word' id='word_1_142' title='bbox 898 1131 949 1165; x_wconf 80' lang='lat' dir='ltr'><em>dte</em></span> <span class='ocrx_word' id='word_1_143' title='bbox 966 1127 1084 1171; x_wconf 83' lang='lat' dir='ltr'><em>semper</em></span> <span class='ocrx_word' id='word_1_144' title='bbox 1105 1127 1198 1171; x_wconf 88' lang='lat' dir='ltr'><em>respe-</em></span> 
     </span>
     <span class='ocr_line' id='line_1_21' title="bbox 320 1176 1199 1218; baseline 0.006 -12"><span class='ocrx_word' id='word_1_145' title='bbox 320 1182 383 1207; x_wconf 82' lang='lat' dir='ltr'><em>xit.</em></span> <span class='ocrx_word' id='word_1_146' title='bbox 411 1176 586 1215; x_wconf 74' lang='lat' dir='ltr'><em>V.st1menta</em></span> <span class='ocrx_word' id='word_1_147' title='bbox 612 1183 702 1210; x_wconf 85' lang='lat' dir='ltr'><em>etiam</em></span> <span class='ocrx_word' id='word_1_148' title='bbox 720 1201 731 1218; x_wconf 86' lang='lat'>‚</span> <span class='ocrx_word' id='word_1_149' title='bbox 761 1180 802 1212; x_wconf 67' lang='lat'><em>1&amp;</em></span> <span class='ocrx_word' id='word_1_150' title='bbox 827 1179 1025 1211; x_wconf 77' lang='lat' dir='ltr'><em>calceamenta</em></span> <span class='ocrx_word' id='word_1_151' title='bbox 1056 1203 1062 1211; x_wconf 94' lang='lat'>.</span> <span class='ocrx_word' id='word_1_152' title='bbox 1093 1179 1133 1212; x_wconf 85' lang='lat' dir='ltr'><em>Et</em></span> <span class='ocrx_word' id='word_1_153' title='bbox 1159 1178 1199 1211; x_wconf 87' lang='lat' dir='ltr'><em>de</em></span> 
     </span>
     <span class='ocr_line' id='line_1_22' title="bbox 317 1224 1199 1272; baseline 0.003 -15"><span class='ocrx_word' id='word_1_154' title='bbox 317 1224 511 1269; x_wconf 83' lang='lat' dir='ltr'>Imperatore</span> <span class='ocrx_word' id='word_1_155' title='bbox 530 1226 744 1266; x_wconf 79' lang='lat' dir='ltr'>Maximino,</span> <span class='ocrx_word' id='word_1_156' title='bbox 770 1226 876 1260; x_wconf 90' lang='lat' dir='ltr'>adhuc</span> <span class='ocrx_word' id='word_1_157' title='bbox 889 1227 1067 1271; x_wconf 72' lang='lat' dir='ltr'>Tribuno,</span> <span class='ocrx_word' id='word_1_158' title='bbox 1095 1228 1199 1272; x_wconf 83' lang='lat' dir='ltr'>Julius</span> 
     </span>
     <span class='ocr_line' id='line_1_23' title="bbox 220 1276 1196 1337; baseline 0.001 -29"><span class='ocrx_word' id='word_1_159' title='bbox 220 1301 241 1337; x_wconf 77' lang='lat'><strong>6</strong></span> <span class='ocrx_word' id='word_1_160' title='bbox 317 1276 546 1319; x_wconf 81' lang='lat' dir='ltr'>Capitolinus:</span> <span class='ocrx_word' id='word_1_161' title='bbox 574 1279 759 1309; x_wconf 71' lang='lat' dir='ltr'><em>Maximinus</em></span> <span class='ocrx_word' id='word_1_162' title='bbox 775 1277 903 1318; x_wconf 83' lang='lat' dir='ltr'><em>jubebat</em></span> <span class='ocrx_word' id='word_1_163' title='bbox 908 1279 1026 1320; x_wconf 88' lang='lat' dir='ltr'><em>gladios</em></span> <span class='ocrx_word' id='word_1_164' title='bbox 1047 1303 1057 1319; x_wconf 85' lang='lat'>,</span> <span class='ocrx_word' id='word_1_165' title='bbox 1081 1280 1196 1318; x_wconf 80' lang='lat' dir='ltr'><em>loricas,</em></span> 
     </span>
     <span class='ocr_line' id='line_1_24' title="bbox 243 1325 1196 1368; baseline 0.003 -11"><span class='ocrx_word' id='word_1_166' title='bbox 243 1327 250 1334; x_wconf 84' lang='lat'>&#39;</span> <span class='ocrx_word' id='word_1_167' title='bbox 312 1327 417 1368; x_wconf 77' lang='lat' dir='ltr'><em>galeas</em></span> <span class='ocrx_word' id='word_1_168' title='bbox 433 1350 442 1365; x_wconf 94' lang='lat'>,</span> <span class='ocrx_word' id='word_1_169' title='bbox 464 1325 550 1368; x_wconf 89' lang='lat' dir='ltr'><em>scuta</em></span> <span class='ocrx_word' id='word_1_170' title='bbox 565 1350 575 1365; x_wconf 94' lang='lat'>,</span> <span class='ocrx_word' id='word_1_171' title='bbox 602 1333 717 1363; x_wconf 84' lang='lat' dir='ltr'><em>tunicas</em></span> <span class='ocrx_word' id='word_1_172' title='bbox 742 1352 751 1367; x_wconf 88' lang='lat'><em>‚</em></span> <span class='ocrx_word' id='word_1_173' title='bbox 777 1330 810 1361; x_wconf 65' lang='grc' dir='ltr'><strong><em>Θ</em></strong></span> <span class='ocrx_word' id='word_1_174' title='bbox 833 1328 932 1360; x_wconf 80' lang='lat' dir='ltr'><em>omnia</em></span> <span class='ocrx_word' id='word_1_175' title='bbox 953 1339 1039 1361; x_wconf 86' lang='lat' dir='ltr'><em>arma</em></span> <span class='ocrx_word' id='word_1_176' title='bbox 1067 1331 1196 1362; x_wconf 86' lang='lat' dir='ltr'><em>militum</em></span> 
     </span>
     <span class='ocr_line' id='line_1_25' title="bbox 221 1374 1196 1423; baseline 0.004 -17"><span class='ocrx_word' id='word_1_177' title='bbox 221 1389 248 1422; x_wconf 48' lang='lat' dir='ltr'><em>o·</em></span> <span class='ocrx_word' id='word_1_178' title='bbox 316 1374 450 1417; x_wconf 76' lang='lat' dir='ltr'><em>quotidie</em></span> <span class='ocrx_word' id='word_1_179' title='bbox 461 1375 699 1423; x_wconf 75' lang='lat' dir='ltr'><em>circumspicere.</em></span> <span class='ocrx_word' id='word_1_180' title='bbox 727 1379 939 1412; x_wconf 82' lang='lat' dir='ltr'><em>Calceamenta</em></span> <span class='ocrx_word' id='word_1_181' title='bbox 949 1385 1020 1421; x_wconf 86' lang='lat' dir='ltr'><em>quin</em></span> <span class='ocrx_word' id='word_1_182' title='bbox 1036 1385 1127 1415; x_wconf 85' lang='lat' dir='ltr'><em>etiam</em></span> <span class='ocrx_word' id='word_1_183' title='bbox 1137 1377 1196 1420; x_wconf 72' lang='lat' dir='ltr'><em>ipse</em></span> 
     </span>
     <span class='ocr_line' id='line_1_26' title="bbox 312 1424 1195 1468; baseline 0.006 -13"><span class='ocrx_word' id='word_1_184' title='bbox 312 1424 510 1468; x_wconf 80' lang='lat' dir='ltr'><em>prospiciebat</em></span> <span class='ocrx_word' id='word_1_185' title='bbox 534 1450 541 1457; x_wconf 90' lang='lat'><strong>.</strong></span> <span class='ocrx_word' id='word_1_186' title='bbox 576 1425 618 1458; x_wconf 84' lang='lat' dir='ltr'><em>Et</em></span> <span class='ocrx_word' id='word_1_187' title='bbox 639 1427 678 1459; x_wconf 87' lang='lat' dir='ltr'><em>de</em></span> <span class='ocrx_word' id='word_1_188' title='bbox 702 1425 856 1461; x_wconf 82' lang='lat' dir='ltr'><em>Misitheo</em></span> <span class='ocrx_word' id='word_1_189' title='bbox 879 1426 1022 1462; x_wconf 84' lang='lat' dir='ltr'><em>Praetorii</em></span> <span class='ocrx_word' id='word_1_190' title='bbox 1047 1429 1195 1462; x_wconf 66' lang='lat' dir='ltr'><em>Praefesto</em></span> 
     </span>
     <span class='ocr_line' id='line_1_27' title="bbox 316 1476 1191 1524; baseline 0.003 -16"><span class='ocrx_word' id='word_1_191' title='bbox 316 1476 425 1509; x_wconf 82' lang='lat' dir='ltr'>scribit</span> <span class='ocrx_word' id='word_1_192' title='bbox 448 1477 481 1509; x_wconf 90' lang='lat' dir='ltr'><em>in</em></span> <span class='ocrx_word' id='word_1_193' title='bbox 494 1476 683 1512; x_wconf 81' lang='lat' dir='ltr'>Gordiano:</span> <span class='ocrx_word' id='word_1_194' title='bbox 715 1481 805 1510; x_wconf 75' lang='lat' dir='ltr'><em>Arma</em></span> <span class='ocrx_word' id='word_1_195' title='bbox 824 1479 953 1511; x_wconf 82' lang='lat' dir='ltr'><em>militum</em></span> <span class='ocrx_word' id='word_1_196' title='bbox 966 1477 1083 1520; x_wconf 79' lang='lat' dir='ltr'><em>semper</em></span> <span class='ocrx_word' id='word_1_197' title='bbox 1104 1477 1191 1524; x_wconf 83' lang='lat' dir='ltr'><em>inspe-</em></span> 
     </span>
     <span class='ocr_line' id='line_1_28' title="bbox 219 1516 1191 1571; baseline 0.005 -17"><span class='ocrx_word' id='word_1_198' title='bbox 219 1516 251 1554; x_wconf 81' lang='lat'><em>8·</em></span> <span class='ocrx_word' id='word_1_199' title='bbox 316 1531 379 1557; x_wconf 81' lang='lat' dir='ltr'><em>xit.</em></span> <span class='ocrx_word' id='word_1_200' title='bbox 411 1528 451 1560; x_wconf 83' lang='lat' dir='ltr'><em>Et</em></span> <span class='ocrx_word' id='word_1_201' title='bbox 474 1527 514 1560; x_wconf 92' lang='lat' dir='ltr'><em>de</em></span> <span class='ocrx_word' id='word_1_202' title='bbox 536 1527 733 1568; x_wconf 85' lang='lat' dir='ltr'>Imperatore</span> <span class='ocrx_word' id='word_1_203' title='bbox 748 1528 858 1562; x_wconf 83' lang='lat' dir='ltr'><em>Probo</em></span> <span class='ocrx_word' id='word_1_204' title='bbox 872 1528 1001 1562; x_wconf 83' lang='lat' dir='ltr'>Flavius</span> <span class='ocrx_word' id='word_1_205' title='bbox 1017 1529 1191 1571; x_wconf 85' lang='lat' dir='ltr'>Vopiscus:</span> 
     </span>
     <span class='ocr_line' id='line_1_29' title="bbox 314 1573 1193 1622; baseline 0.002 -14"><span class='ocrx_word' id='word_1_206' title='bbox 314 1577 367 1609; x_wconf 79' lang='lat' dir='ltr'>Ille</span> <span class='ocrx_word' id='word_1_207' title='bbox 382 1573 508 1622; x_wconf 80' lang='lat' dir='ltr'><em>fingulos</em></span> <span class='ocrx_word' id='word_1_208' title='bbox 520 1578 689 1617; x_wconf 84' lang='lat' dir='ltr'>Manipulos.</span> <span class='ocrx_word' id='word_1_209' title='bbox 710 1578 809 1617; x_wconf 84' lang='lat' dir='ltr'><em>adiit,</em></span> <span class='ocrx_word' id='word_1_210' title='bbox 835 1578 927 1617; x_wconf 80' lang='lat' dir='ltr'><em>vestes</em></span> <span class='ocrx_word' id='word_1_211' title='bbox 950 1580 984 1611; x_wconf 68' lang='grc' dir='ltr'><em>ό·</em></span> <span class='ocrx_word' id='word_1_212' title='bbox 996 1580 1193 1613; x_wconf 84' lang='lat' dir='ltr'><em>calceamenta</em></span> 
     </span>
     <span class='ocr_line' id='line_1_30' title="bbox 306 1625 1192 1669; baseline 0.002 -11"><span class='ocrx_word' id='word_1_213' title='bbox 306 1625 463 1669; x_wconf 74' lang='lat' dir='ltr'><em>prospexit</em></span> <span class='ocrx_word' id='word_1_214' title='bbox 481 1652 488 1659; x_wconf 93' lang='lat'><strong><em>.</em></strong></span> <span class='ocrx_word' id='word_1_215' title='bbox 516 1628 559 1660; x_wconf 89' lang='lat' dir='ltr'><em>Et</em></span> <span class='ocrx_word' id='word_1_216' title='bbox 580 1628 621 1659; x_wconf 91' lang='lat' dir='ltr'><em>de</em></span> <span class='ocrx_word' id='word_1_217' title='bbox 643 1627 840 1669; x_wconf 86' lang='lat' dir='ltr'>Imperatore</span> <span class='ocrx_word' id='word_1_218' title='bbox 864 1629 1055 1662; x_wconf 76' lang='lat' dir='ltr'>Alexandro</span> <span class='ocrx_word' id='word_1_219' title='bbox 1078 1628 1192 1665; x_wconf 84' lang='lat' dir='ltr'>AElius</span> 
     </span>
     <span class='ocr_line' id='line_1_31' title="bbox 311 1678 1181 1721; baseline 0.001 -11"><span class='ocrx_word' id='word_1_220' title='bbox 311 1678 543 1721; x_wconf 69' lang='lat' dir='ltr'>Lampridius:</span> <span class='ocrx_word' id='word_1_221' title='bbox 571 1678 682 1709; x_wconf 78' lang='lat' dir='ltr'><em>Milites</em></span> <span class='ocrx_word' id='word_1_222' title='bbox 685 1678 828 1717; x_wconf 82' lang='lat' dir='ltr'><em>juvenem</em></span> <span class='ocrx_word' id='word_1_223' title='bbox 842 1682 1051 1719; x_wconf 73' lang='lat' dir='ltr'><em>Imperatorem</em></span> <span class='ocrx_word' id='word_1_224' title='bbox 1057 1678 1097 1720; x_wconf 80' lang='lat' dir='ltr'><em>fic</em></span> <span class='ocrx_word' id='word_1_225' title='bbox 1109 1692 1181 1711; x_wconf 88' lang='lat' dir='ltr'><em>ama</em></span> 
     </span>
     <span class='ocr_line' id='line_1_32' title="bbox 309 1726 1191 1770; baseline 0 -11"><span class='ocrx_word' id='word_1_226' title='bbox 309 1728 403 1764; x_wconf 86' lang='lat' dir='ltr'><em>bant,</em></span> <span class='ocrx_word' id='word_1_227' title='bbox 428 1736 460 1760; x_wconf 89' lang='lat' dir='ltr'><em>ut</em></span> <span class='ocrx_word' id='word_1_228' title='bbox 481 1727 618 1768; x_wconf 86' lang='lat' dir='ltr'><em>fratrem</em></span> <span class='ocrx_word' id='word_1_229' title='bbox 633 1751 642 1766; x_wconf 89' lang='lat'><strong>,</strong></span> <span class='ocrx_word' id='word_1_230' title='bbox 669 1735 700 1758; x_wconf 88' lang='lat' dir='ltr'><em>ut</em></span> <span class='ocrx_word' id='word_1_231' title='bbox 710 1726 823 1767; x_wconf 81' lang='lat' dir='ltr'>filium,</span> <span class='ocrx_word' id='word_1_232' title='bbox 852 1738 886 1760; x_wconf 90' lang='lat' dir='ltr'><em>ut</em></span> <span class='ocrx_word' id='word_1_233' title='bbox 894 1738 1061 1770; x_wconf 78' lang='lat' dir='ltr'><em>parentem.</em></span> <span class='ocrx_word' id='word_1_234' title='bbox 1094 1729 1191 1768; x_wconf 81' lang='lat' dir='ltr'><em>Vcstm‘</em></span> 
     </span>
     <span class='ocr_line' id='line_1_33' title="bbox 308 1776 1181 1818; baseline 0.002 -10"><span class='ocrx_word' id='word_1_235' title='bbox 308 1776 443 1818; x_wconf 70' lang='lat' dir='ltr'><em>honeste,</em></span> <span class='ocrx_word' id='word_1_236' title='bbox 467 1778 591 1813; x_wconf 81' lang='lat' dir='ltr'><em>calceati</em></span> <span class='ocrx_word' id='word_1_237' title='bbox 613 1777 704 1809; x_wconf 76' lang='lat' dir='ltr'><em>etlam</em></span> <span class='ocrx_word' id='word_1_238' title='bbox 727 1778 771 1809; x_wconf 85' lang='lat' dir='ltr'><em>ad</em></span> <span class='ocrx_word' id='word_1_239' title='bbox 779 1778 930 1818; x_wconf 82' lang='lat' dir='ltr'><em>decorem,</em></span> <span class='ocrx_word' id='word_1_240' title='bbox 956 1785 1076 1814; x_wconf 78' lang='lat' dir='ltr'><em>armati·</em></span> <span class='ocrx_word' id='word_1_241' title='bbox 1092 1780 1181 1811; x_wconf 69' lang='lat' dir='ltr'><em>nobili</em></span> 
     </span>
     <span class='ocr_line' id='line_1_34' title="bbox 307 1825 1190 1869; baseline 0.002 -11"><span class='ocrx_word' id='word_1_242' title='bbox 307 1835 352 1859; x_wconf 91' lang='lat' dir='ltr'><em>ter</em></span> <span class='ocrx_word' id='word_1_243' title='bbox 364 1850 374 1866; x_wconf 90' lang='lat'><em>‚</em></span> <span class='ocrx_word' id='word_1_244' title='bbox 400 1833 484 1869; x_wconf 73' lang='lat' dir='ltr'><em>equis</em></span> <span class='ocrx_word' id='word_1_245' title='bbox 505 1830 595 1861; x_wconf 81' lang='lat' dir='ltr'><em>etiam</em></span> <span class='ocrx_word' id='word_1_246' title='bbox 607 1825 738 1863; x_wconf 73' lang='lat' dir='ltr'><em>inllruc‘li</em></span> <span class='ocrx_word' id='word_1_247' title='bbox 748 1851 759 1866; x_wconf 93' lang='lat'>‚</span> <span class='ocrx_word' id='word_1_248' title='bbox 786 1829 819 1859; x_wconf 69' lang='lat' dir='ltr'><em>(tt</em></span> <span class='ocrx_word' id='word_1_249' title='bbox 831 1827 983 1869; x_wconf 79' lang='lat' dir='ltr'><em>ephippiis</em></span> <span class='ocrx_word' id='word_1_250' title='bbox 997 1852 1007 1867; x_wconf 90' lang='lat'><strong>,</strong></span> <span class='ocrx_word' id='word_1_251' title='bbox 1039 1830 1072 1862; x_wconf 62' lang='grc' dir='ltr'><em>Θ·</em></span> <span class='ocrx_word' id='word_1_252' title='bbox 1079 1827 1190 1869; x_wconf 84' lang='lat' dir='ltr'><em>fraenis</em></span> 
     </span>
     <span class='ocr_line' id='line_1_35' title="bbox 306 1877 1189 1919; baseline 0.002 -10"><span class='ocrx_word' id='word_1_253' title='bbox 306 1878 499 1919; x_wconf 84' lang='lat' dir='ltr'><em>decentibus;</em></span> <span class='ocrx_word' id='word_1_254' title='bbox 529 1877 655 1911; x_wconf 73' lang='lat' dir='ltr'><em>Prorsus</em></span> <span class='ocrx_word' id='word_1_255' title='bbox 676 1884 710 1908; x_wconf 88' lang='lat' dir='ltr'><em>ut</em></span> <span class='ocrx_word' id='word_1_256' title='bbox 732 1879 897 1911; x_wconf 86' lang='lat' dir='ltr'><em>Romanam</em></span> <span class='ocrx_word' id='word_1_257' title='bbox 911 1878 1189 1919; x_wconf 81' lang='lat' dir='ltr'><em>Rempublicamin-</em></span> 
     </span>
     <span class='ocr_line' id='line_1_36' title="bbox 306 1927 1188 1971; baseline 0.001 -13"><span class='ocrx_word' id='word_1_258' title='bbox 306 1928 452 1971; x_wconf 82' lang='lat' dir='ltr'><em>telligeret</em></span> <span class='ocrx_word' id='word_1_259' title='bbox 466 1951 475 1966; x_wconf 92' lang='lat'>‚</span> <span class='ocrx_word' id='word_1_260' title='bbox 501 1933 675 1971; x_wconf 75' lang='lat' dir='ltr'><em>quicumque</em></span> <span class='ocrx_word' id='word_1_261' title='bbox 689 1927 855 1959; x_wconf 72' lang='lat' dir='ltr'><em>Alexandri</em></span> <span class='ocrx_word' id='word_1_262' title='bbox 875 1929 995 1969; x_wconf 77' lang='lat' dir='ltr'><em>vidiffet</em></span> <span class='ocrx_word' id='word_1_263' title='bbox 1006 1935 1169 1961; x_wconf 80' lang='lat' dir='ltr'><em>exercitum</em></span> <span class='ocrx_word' id='word_1_264' title='bbox 1183 1953 1188 1958; x_wconf 88' lang='lat'>.</span> 
     </span>
     <span class='ocr_line' id='line_1_37' title="bbox 306 1976 1189 2020; baseline -0.001 -10"><span class='ocrx_word' id='word_1_265' title='bbox 306 1977 350 2010; x_wconf 83' lang='lat' dir='ltr'><em>Et</em></span> <span class='ocrx_word' id='word_1_266' title='bbox 374 1978 489 2010; x_wconf 78' lang='lat' dir='ltr'>iterum</span> <span class='ocrx_word' id='word_1_267' title='bbox 503 1989 515 2009; x_wconf 91' lang='lat'><em>.·</em></span> <span class='ocrx_word' id='word_1_268' title='bbox 542 1978 742 2018; x_wconf 75' lang='lat' dir='ltr'><em>AEgrotcmtes</em></span> <span class='ocrx_word' id='word_1_269' title='bbox 763 1977 871 2010; x_wconf 79' lang='lat' dir='ltr'><em>milites.</em></span> <span class='ocrx_word' id='word_1_270' title='bbox 893 1976 955 2019; x_wconf 83' lang='lat' dir='ltr'><em>ipse</em></span> <span class='ocrx_word' id='word_1_271' title='bbox 977 1977 1116 2020; x_wconf 75' lang='lat' dir='ltr'><em>visitavit</em></span> <span class='ocrx_word' id='word_1_272' title='bbox 1133 1987 1189 2019; x_wconf 83' lang='lat' dir='ltr'><em>per</em></span> 
     </span>
     <span class='ocr_line' id='line_1_38' title="bbox 306 2027 1190 2067; baseline 0.005 -10"><span class='ocrx_word' id='word_1_273' title='bbox 306 2029 466 2065; x_wconf 78' lang='lat' dir='ltr'><em>Tentoria,</em></span> <span class='ocrx_word' id='word_1_274' title='bbox 491 2032 582 2059; x_wconf 87' lang='lat' dir='ltr'><em>etiam</em></span> <span class='ocrx_word' id='word_1_275' title='bbox 603 2027 720 2058; x_wconf 81' lang='lat' dir='ltr'><em>ultimos</em></span> <span class='ocrx_word' id='word_1_276' title='bbox 743 2048 753 2064; x_wconf 92' lang='lat'>‚</span> <span class='ocrx_word' id='word_1_277' title='bbox 780 2028 815 2059; x_wconf 63' lang='grc' dir='ltr'><em>δ’</em></span> <span class='ocrx_word' id='word_1_278' title='bbox 831 2035 984 2067; x_wconf 83' lang='lat' dir='ltr'><em>carpentes</em></span> <span class='ocrx_word' id='word_1_279' title='bbox 1005 2035 1093 2060; x_wconf 84' lang='lat' dir='ltr'><em>vexit</em></span> <span class='ocrx_word' id='word_1_280' title='bbox 1115 2051 1125 2065; x_wconf 89' lang='lat'>,</span> <span class='ocrx_word' id='word_1_281' title='bbox 1156 2029 1190 2061; x_wconf 58' lang='grc' dir='ltr'>Θ</span> 
     </span>
     <span class='ocr_line' id='line_1_39' title="bbox 307 2075 1186 2120; baseline 0.001 -12"><span class='ocrx_word' id='word_1_282' title='bbox 307 2077 440 2108; x_wconf 82' lang='lat' dir='ltr'><em>omnibus</em></span> <span class='ocrx_word' id='word_1_283' title='bbox 463 2076 626 2120; x_wconf 80' lang='lat' dir='ltr'><em>necessariis</em></span> <span class='ocrx_word' id='word_1_284' title='bbox 649 2077 794 2114; x_wconf 83' lang='lat' dir='ltr'><em>adjuvit.</em></span> <span class='ocrx_word' id='word_1_285' title='bbox 823 2080 868 2108; x_wconf 82' lang='lat' dir='ltr'><em>Et</em></span> <span class='ocrx_word' id='word_1_286' title='bbox 885 2075 914 2116; x_wconf 85' lang='lat' dir='ltr'><em>fi</em></span> <span class='ocrx_word' id='word_1_287' title='bbox 912 2077 996 2116; x_wconf 66' lang='lat' dir='ltr'><em>forte*</em></span> <span class='ocrx_word' id='word_1_288' title='bbox 1002 2078 1131 2120; x_wconf 76' lang='lat' dir='ltr'><em>gravius</em></span> <span class='ocrx_word' id='word_1_289' title='bbox 1145 2078 1186 2109; x_wconf 88' lang='lat' dir='ltr'>la-</span> 
     </span>
     <span class='ocr_line' id='line_1_40' title="bbox 307 2126 1189 2169; baseline -0.001 -10"><span class='ocrx_word' id='word_1_290' title='bbox 307 2127 467 2168; x_wconf 78' lang='lat' dir='ltr'><em>boraffem‚</em></span> <span class='ocrx_word' id='word_1_291' title='bbox 490 2136 546 2167; x_wconf 89' lang='lat' dir='ltr'><em>per</em></span> <span class='ocrx_word' id='word_1_292' title='bbox 570 2131 711 2158; x_wconf 84' lang='lat' dir='ltr'><em>civitates</em></span> <span class='ocrx_word' id='word_1_293' title='bbox 731 2126 767 2158; x_wconf 73' lang='lat'><em>&amp;-</em></span> <span class='ocrx_word' id='word_1_294' title='bbox 785 2138 871 2169; x_wconf 85' lang='lat' dir='ltr'><em>agros</em></span> <span class='ocrx_word' id='word_1_295' title='bbox 898 2127 1189 2166; x_wconf 79' lang='lat' dir='ltr'><em>Patribus-familias</em></span> 
     </span>
     <span class='ocr_line' id='line_1_41' title="bbox 310 2173 1189 2217; baseline 0.001 -10"><span class='ocrx_word' id='word_1_296' title='bbox 310 2176 476 2208; x_wconf 80' lang='lat' dir='ltr'><em>bominibus</em></span> <span class='ocrx_word' id='word_1_297' title='bbox 491 2200 501 2214; x_wconf 89' lang='lat'>,</span> <span class='ocrx_word' id='word_1_298' title='bbox 530 2178 563 2209; x_wconf 63' lang='grc' dir='ltr'><em>(π</em></span> <span class='ocrx_word' id='word_1_299' title='bbox 579 2173 777 2217; x_wconf 68' lang='lat' dir='ltr'><em>sandJioribus</em></span> <span class='ocrx_word' id='word_1_300' title='bbox 802 2179 948 2208; x_wconf 78' lang='lat' dir='ltr'><em>Matronis</em></span> <span class='ocrx_word' id='word_1_301' title='bbox 970 2189 1017 2209; x_wconf 80' lang='lat' dir='ltr'><em>eos</em></span> <span class='ocrx_word' id='word_1_302' title='bbox 1041 2176 1189 2211; x_wconf 65' lang='lat' dir='ltr'><em>distribue-</em></span> 
     </span>
     <span class='ocr_line' id='line_1_42' title="bbox 310 2224 1187 2267; baseline -0.002 -10"><span class='ocrx_word' id='word_1_303' title='bbox 310 2226 386 2265; x_wconf 83' lang='lat' dir='ltr'><em>bat,</em></span> <span class='ocrx_word' id='word_1_304' title='bbox 417 2227 546 2257; x_wconf 86' lang='lat' dir='ltr'><em>reddens</em></span> <span class='ocrx_word' id='word_1_305' title='bbox 571 2226 725 2265; x_wconf 83' lang='lat' dir='ltr'><em>impendia</em></span> <span class='ocrx_word' id='word_1_306' title='bbox 748 2236 814 2265; x_wconf 83' lang='lat' dir='ltr'><em>quae</em></span> <span class='ocrx_word' id='word_1_307' title='bbox 828 2224 962 2266; x_wconf 77' lang='lat' dir='ltr'><em>fecissent</em></span> <span class='ocrx_word' id='word_1_308' title='bbox 978 2250 986 2264; x_wconf 91' lang='lat'>,</span> <span class='ocrx_word' id='word_1_309' title='bbox 1006 2224 1069 2267; x_wconf 85' lang='lat' dir='ltr'><em>five</em></span> <span class='ocrx_word' id='word_1_310' title='bbox 1080 2237 1187 2257; x_wconf 85' lang='lat' dir='ltr'><em>conva-</em></span> 
     </span>
     <span class='ocr_line' id='line_1_43' title="bbox 311 2271 1190 2317; baseline 0 -10"><span class='ocrx_word' id='word_1_311' title='bbox 311 2274 422 2317; x_wconf 81' lang='lat' dir='ltr'><em>luissent</em></span> <span class='ocrx_word' id='word_1_312' title='bbox 447 2275 515 2313; x_wconf 83' lang='lat' dir='ltr'>illi,</span> <span class='ocrx_word' id='word_1_313' title='bbox 534 2272 595 2312; x_wconf 82' lang='lat' dir='ltr'><em>five</em></span> <span class='ocrx_word' id='word_1_314' title='bbox 611 2274 782 2315; x_wconf 83' lang='lat' dir='ltr'><em>periiffent.</em></span> <span class='ocrx_word' id='word_1_315' title='bbox 813 2277 891 2315; x_wconf 87' lang='lat' dir='ltr'><em>Ejus</em></span> <span class='ocrx_word' id='word_1_316' title='bbox 898 2271 1060 2315; x_wconf 81' lang='lat' dir='ltr'><em>familiare</em></span> <span class='ocrx_word' id='word_1_317' title='bbox 1080 2274 1190 2307; x_wconf 52' lang='lat' dir='ltr'>dicium</span> 
     </span>
     <span class='ocr_line' id='line_1_44' title="bbox 310 2321 1199 2367; baseline -0.004 -9"><span class='ocrx_word' id='word_1_318' title='bbox 310 2335 402 2358; x_wconf 85' lang='lat' dir='ltr'><em>erat:</em></span> <span class='ocrx_word' id='word_1_319' title='bbox 429 2327 543 2357; x_wconf 79' lang='lat' dir='ltr'><em>Milites</em></span> <span class='ocrx_word' id='word_1_320' title='bbox 562 2322 598 2365; x_wconf 84' lang='lat' dir='ltr'><em>se·</em></span> <span class='ocrx_word' id='word_1_321' title='bbox 614 2330 709 2367; x_wconf 81' lang='lat' dir='ltr'><em>magis</em></span> <span class='ocrx_word' id='word_1_322' title='bbox 726 2321 851 2364; x_wconf 83' lang='lat' dir='ltr'><em>servare</em></span> <span class='ocrx_word' id='word_1_323' title='bbox 876 2348 887 2363; x_wconf 92' lang='lat'><strong>,</strong></span> <span class='ocrx_word' id='word_1_324' title='bbox 914 2327 1003 2365; x_wconf 63' lang='lat' dir='ltr'><em>quom</em></span> <span class='ocrx_word' id='word_1_325' title='bbox 1012 2323 1158 2367; x_wconf 85' lang='lat' dir='ltr'><em>se·ipsum.</em></span> <span class='ocrx_word' id='word_1_326' title='bbox 1179 2348 1199 2363; x_wconf 78' lang='lat'>„</span> 
     </span>
     <span class='ocr_line' id='line_1_45' title="bbox 312 2372 1191 2417; baseline 0 -11"><span class='ocrx_word' id='word_1_327' title='bbox 312 2377 389 2416; x_wconf 85' lang='lat' dir='ltr'><em>quod</em></span> <span class='ocrx_word' id='word_1_328' title='bbox 406 2373 488 2417; x_wconf 86' lang='lat' dir='ltr'>salus</span> <span class='ocrx_word' id='word_1_329' title='bbox 506 2374 629 2415; x_wconf 82' lang='lat' dir='ltr'>publica</span> <span class='ocrx_word' id='word_1_330' title='bbox 652 2380 683 2405; x_wconf 86' lang='lat' dir='ltr'><em>in</em></span> <span class='ocrx_word' id='word_1_331' title='bbox 697 2372 744 2405; x_wconf 89' lang='lat' dir='ltr'><em>his</em></span> <span class='ocrx_word' id='word_1_332' title='bbox 766 2374 832 2415; x_wconf 82' lang='lat' dir='ltr'><em>esset</em></span> <span class='ocrx_word' id='word_1_333' title='bbox 846 2399 853 2405; x_wconf 90' lang='lat'><strong><em>.</em></strong></span> <span class='ocrx_word' id='word_1_334' title='bbox 885 2373 966 2407; x_wconf 84' lang='lat' dir='ltr'><em>Haec</em></span> <span class='ocrx_word' id='word_1_335' title='bbox 989 2375 1155 2408; x_wconf 83' lang='lat' dir='ltr'>Lustratio</span> <span class='ocrx_word' id='word_1_336' title='bbox 1180 2398 1191 2414; x_wconf 85' lang='lat'>,</span> 
     </span>
    </p>
   </div>
   <div class='ocr_carea' id='block_1_4' title="bbox 134 1979 239 2017">
    <p class='ocr_par' dir='ltr' id='par_1_4' title="bbox 134 1979 239 2017">
     <span class='ocr_line' id='line_1_46' title="bbox 134 1979 239 2017; baseline 0 0"><span class='ocrx_word' id='word_1_337' title='bbox 134 2012 136 2017; x_wconf 33' lang='lat' dir='ltr'>r</span> <span class='ocrx_word' id='word_1_338' title='bbox 184 1979 239 2017; x_wconf 76' lang='lat'><em>47·</em></span> 
     </span>
    </p>
   </div>
   <div class='ocr_carea' id='block_1_5' title="bbox 311 2422 1189 2519">
    <p class='ocr_par' dir='ltr' id='par_1_5' title="bbox 311 2422 1189 2519">
     <span class='ocr_line' id='line_1_47' title="bbox 312 2422 1189 2468; baseline -0.002 -10"><span class='ocrx_word' id='word_1_339' title='bbox 312 2425 376 2458; x_wconf 87' lang='lat' dir='ltr'><em>hoc</em></span> <span class='ocrx_word' id='word_1_340' title='bbox 397 2425 559 2467; x_wconf 83' lang='lat' dir='ltr'>Principis</span> <span class='ocrx_word' id='word_1_341' title='bbox 580 2422 727 2457; x_wconf 83' lang='lat' dir='ltr'>officium</span> <span class='ocrx_word' id='word_1_342' title='bbox 754 2424 858 2457; x_wconf 86' lang='lat' dir='ltr'><em>reddit</em></span> <span class='ocrx_word' id='word_1_343' title='bbox 870 2425 990 2459; x_wconf 81' lang='lat' dir='ltr'><em>milites</em></span> <span class='ocrx_word' id='word_1_344' title='bbox 1001 2423 1189 2468; x_wconf 84' lang='lat' dir='ltr'>promptiffi·</span> 
     </span>
     <span class='ocr_line' id='line_1_48' title="bbox 311 2473 831 2519; baseline -0.006 -10"><span class='ocrx_word' id='word_1_345' title='bbox 311 2486 384 2509; x_wconf 86' lang='lat' dir='ltr'>mos</span> <span class='ocrx_word' id='word_1_346' title='bbox 396 2474 435 2510; x_wconf 86' lang='lat' dir='ltr'><em>ad</em></span> <span class='ocrx_word' id='word_1_347' title='bbox 448 2475 578 2519; x_wconf 83' lang='lat' dir='ltr'>plenam</span> <span class='ocrx_word' id='word_1_348' title='bbox 595 2473 831 2508; x_wconf 85' lang='lat' dir='ltr'><em>obedientiam.</em></span> 
     </span>
    </p>
   </div>
   <div class='ocr_carea' id='block_1_6' title="bbox 469 2560 1068 2716">
    <p class='ocr_par' dir='ltr' id='par_1_6' title="bbox 469 2560 1068 2716">
     <span class='ocr_line' id='line_1_49' title="bbox 469 2560 1068 2608; baseline -0.003 0"><span class='ocrx_word' id='word_1_349' title='bbox 469 2574 501 2608; x_wconf 79' lang='lat' dir='ltr'><em>c</em></span> <span class='ocrx_word' id='word_1_350' title='bbox 550 2574 583 2608; x_wconf 86' lang='lat' dir='ltr'>A</span> <span class='ocrx_word' id='word_1_351' title='bbox 633 2573 660 2607; x_wconf 82' lang='grc' dir='ltr'><strong>Ρ</strong></span> <span class='ocrx_word' id='word_1_352' title='bbox 718 2573 758 2608; x_wconf 87' lang='lat' dir='ltr'>U</span> <span class='ocrx_word' id='word_1_353' title='bbox 809 2573 846 2607; x_wconf 89' lang='lat' dir='ltr'><strong>T</strong></span> <span class='ocrx_word' id='word_1_354' title='bbox 921 2574 954 2607; x_wconf 86' lang='lat' dir='ltr'>x</span> <span class='ocrx_word' id='word_1_355' title='bbox 967 2560 1068 2608; x_wconf 86' lang='lat' dir='ltr'>v1.&#39;</span> 
     </span>
     <span class='ocr_line' id='line_1_50' title="bbox 486 2674 1017 2716; baseline 0.002 -11"><span class='ocrx_word' id='word_1_356' title='bbox 486 2676 686 2716; x_wconf 84' lang='lat' dir='ltr'><em>Exponuntur</em></span> <span class='ocrx_word' id='word_1_357' title='bbox 701 2674 833 2707; x_wconf 83' lang='lat' dir='ltr'><em>Militum</em></span> <span class='ocrx_word' id='word_1_358' title='bbox 841 2676 997 2716; x_wconf 81' lang='lat' dir='ltr'><em>stipendia</em></span> <span class='ocrx_word' id='word_1_359' title='bbox 1010 2698 1017 2706; x_wconf 88' lang='lat'><strong>.</strong></span> 
     </span>
    </p>
   </div>
   <div class='ocr_carea' id='block_1_7' title="bbox 307 2772 1194 3467">
    <p class='ocr_par' dir='ltr' id='par_1_7' title="bbox 307 2772 1194 3467">
     <span class='ocr_line' id='line_1_51' title="bbox 337 2772 1189 2814; baseline -0.004 -5"><span class='ocrx_word' id='word_1_360' title='bbox 337 2801 340 2803; x_wconf 51' lang='lat'>&gt;</span> <span class='ocrx_word' id='word_1_361' title='bbox 404 2774 594 2809; x_wconf 78' lang='lat' dir='ltr'>DDomini</span> <span class='ocrx_word' id='word_1_362' title='bbox 615 2772 730 2807; x_wconf 83' lang='lat' dir='ltr'>verba:</span> <span class='ocrx_word' id='word_1_363' title='bbox 759 2773 868 2805; x_wconf 75' lang='lat' dir='ltr'><em>Militis</em></span> <span class='ocrx_word' id='word_1_364' title='bbox 888 2779 1016 2807; x_wconf 83' lang='lat' dir='ltr'><em>contenti</em></span> <span class='ocrx_word' id='word_1_365' title='bbox 1038 2773 1121 2814; x_wconf 88' lang='lat' dir='ltr'><em>estote</em></span> <span class='ocrx_word' id='word_1_366' title='bbox 1142 2785 1189 2806; x_wconf 84' lang='lat' dir='ltr'><em>ve-</em></span> 
     </span>
     <span class='ocr_line' id='line_1_52' title="bbox 423 2820 1190 2868; baseline 0 -11"><span class='ocrx_word' id='word_1_367' title='bbox 423 2824 498 2866; x_wconf 82' lang='lat' dir='ltr'><em>stris.</em></span> <span class='ocrx_word' id='word_1_368' title='bbox 518 2824 676 2866; x_wconf 68' lang='lat' dir='ltr'><em>stipendus</em></span> <span class='ocrx_word' id='word_1_369' title='bbox 699 2847 709 2862; x_wconf 91' lang='lat'><em>‚</em></span> <span class='ocrx_word' id='word_1_370' title='bbox 736 2820 842 2855; x_wconf 78' lang='lat' dir='ltr'>scribit</span> <span class='ocrx_word' id='word_1_371' title='bbox 866 2824 991 2857; x_wconf 17' lang='lat' dir='ltr'>sanstus!</span> <span class='ocrx_word' id='word_1_372' title='bbox 1011 2824 1190 2868; x_wconf 83' lang='lat' dir='ltr'>Gregorius</span> 
     </span>
     <span class='ocr_line' id='line_1_53' title="bbox 312 2873 1190 2917; baseline -0.003 -8"><span class='ocrx_word' id='word_1_373' title='bbox 312 2876 560 2910; x_wconf 84' lang='lat' dir='ltr'>Nazianzenus.-</span> <span class='ocrx_word' id='word_1_374' title='bbox 589 2873 736 2916; x_wconf 83' lang='lat' dir='ltr'><em>stipendii</em></span> <span class='ocrx_word' id='word_1_375' title='bbox 746 2877 861 2906; x_wconf 82' lang='lat' dir='ltr'><em>nomine</em></span> <span class='ocrx_word' id='word_1_376' title='bbox 872 2895 886 2911; x_wconf 67' lang='lat'><em>‚‚</em></span> <span class='ocrx_word' id='word_1_377' title='bbox 905 2877 1028 2917; x_wconf 84' lang='lat' dir='ltr'><em>Regiam</em></span> <span class='ocrx_word' id='word_1_378' title='bbox 1040 2886 1190 2906; x_wconf 85' lang='lat' dir='ltr'><em>annonam</em></span> 
     </span>
     <span class='ocr_line' id='line_1_54' title="bbox 307 2925 1188 2969; baseline -0.001 -11"><span class='ocrx_word' id='word_1_379' title='bbox 307 2925 472 2969; x_wconf 81' lang='lat' dir='ltr'><em>fignificat,</em></span> <span class='ocrx_word' id='word_1_380' title='bbox 500 2936 596 2967; x_wconf 84' lang='lat' dir='ltr'><em>eaque</em></span> <span class='ocrx_word' id='word_1_381' title='bbox 613 2935 759 2961; x_wconf 70' lang='lat' dir='ltr'><em>munera,</em></span> <span class='ocrx_word' id='word_1_382' title='bbox 785 2926 925 2964; x_wconf 74' lang='lat' dir='ltr'><em>quaeiis,</em></span> <span class='ocrx_word' id='word_1_383' title='bbox 954 2931 1005 2965; x_wconf 82' lang='lat' dir='ltr'><em>qut</em></span> <span class='ocrx_word' id='word_1_384' title='bbox 1020 2927 1188 2967; x_wconf 81' lang='lat' dir='ltr'><em>Dignitates</em></span> 
     </span>
     <span class='ocr_line' id='line_1_55' title="bbox 313 2971 1187 3018; baseline -0.001 -11"><span class='ocrx_word' id='word_1_385' title='bbox 313 2977 444 3008; x_wconf 75' lang='lat' dir='ltr'><em>obtinent</em></span> <span class='ocrx_word' id='word_1_386' title='bbox 458 3000 467 3015; x_wconf 87' lang='lat'>‚</span> <span class='ocrx_word' id='word_1_387' title='bbox 497 2979 570 3018; x_wconf 86' lang='lat' dir='ltr'>Lege</span> <span class='ocrx_word' id='word_1_388' title='bbox 590 2974 745 3013; x_wconf 84' lang='lat' dir='ltr'><em>constituta</em></span> <span class='ocrx_word' id='word_1_389' title='bbox 762 2971 852 3015; x_wconf 85' lang='lat' dir='ltr'><em>sunt3</em></span> <span class='ocrx_word' id='word_1_390' title='bbox 883 2975 963 3014; x_wconf 87' lang='lat' dir='ltr'><em>quod</em></span> <span class='ocrx_word' id='word_1_391' title='bbox 984 2973 1187 3016; x_wconf 83' lang='lat' dir='ltr'><em>autemsuper-</em></span> 
     </span>
     <span class='ocr_line' id='line_1_56' title="bbox 310 3021 1188 3067; baseline -0.001 -9"><span class='ocrx_word' id='word_1_392' title='bbox 310 3025 402 3065; x_wconf 81' lang='lat' dir='ltr'><em>fluum</em></span> <span class='ocrx_word' id='word_1_393' title='bbox 425 3026 462 3065; x_wconf 77' lang='lat' dir='ltr'><em>est</em></span> <span class='ocrx_word' id='word_1_394' title='bbox 479 3050 488 3064; x_wconf 94' lang='lat'>‚</span> <span class='ocrx_word' id='word_1_395' title='bbox 510 3023 662 3067; x_wconf 77' lang='lat' dir='ltr'>cujusnam</span> <span class='ocrx_word' id='word_1_396' title='bbox 667 3023 706 3065; x_wconf 84' lang='lat' dir='ltr'><em>fit</em></span> <span class='ocrx_word' id='word_1_397' title='bbox 719 3047 729 3063; x_wconf 93' lang='lat'><em>‚</em></span> <span class='ocrx_word' id='word_1_398' title='bbox 755 3021 814 3064; x_wconf 82' lang='lat' dir='ltr'><em>ipse</em></span> <span class='ocrx_word' id='word_1_399' title='bbox 826 3025 943 3064; x_wconf 85' lang='lat' dir='ltr'><em>quidem</em></span> <span class='ocrx_word' id='word_1_400' title='bbox 957 3035 1058 3056; x_wconf 84' lang='lat' dir='ltr'><em>vereor</em></span> <span class='ocrx_word' id='word_1_401' title='bbox 1074 3026 1168 3057; x_wconf 80' lang='lat' dir='ltr'><em>dicere</em></span> <span class='ocrx_word' id='word_1_402' title='bbox 1178 3048 1188 3064; x_wconf 91' lang='lat'>,</span> 
     </span>
     <span class='ocr_line' id='line_1_57' title="bbox 316 3071 1194 3117; baseline -0.003 -10"><span class='ocrx_word' id='word_1_403' title='bbox 316 3087 351 3108; x_wconf 87' lang='lat' dir='ltr'><em>ne</em></span> <span class='ocrx_word' id='word_1_404' title='bbox 368 3077 440 3117; x_wconf 84' lang='lat' dir='ltr'><em>quid</em></span> <span class='ocrx_word' id='word_1_405' title='bbox 458 3074 564 3114; x_wconf 74' lang='lat' dir='ltr'><em>sinistri</em></span> <span class='ocrx_word' id='word_1_406' title='bbox 584 3079 690 3107; x_wconf 80' lang='lat' dir='ltr'><em>ominis</em></span> <span class='ocrx_word' id='word_1_407' title='bbox 714 3072 761 3105; x_wconf 84' lang='lat' dir='ltr'><em>hic</em></span> <span class='ocrx_word' id='word_1_408' title='bbox 778 3072 878 3115; x_wconf 35' lang='lat' dir='ltr'><em>sermo*</em></span> <span class='ocrx_word' id='word_1_409' title='bbox 897 3072 1003 3107; x_wconf 84' lang='lat' dir='ltr'><em>habeat</em></span> <span class='ocrx_word' id='word_1_410' title='bbox 1028 3086 1042 3115; x_wconf 92' lang='lat'><em>;</em></span> <span class='ocrx_word' id='word_1_411' title='bbox 1064 3071 1120 3116; x_wconf 72' lang='lat' dir='ltr'><em>sed</em></span> <span class='ocrx_word' id='word_1_412' title='bbox 1139 3073 1194 3115; x_wconf 71' lang='lat' dir='ltr'><em>ipsi</em></span> 
     </span>
     <span class='ocr_line' id='line_1_58' title="bbox 314 3123 1186 3167; baseline -0.002 -9"><span class='ocrx_word' id='word_1_413' title='bbox 314 3127 394 3159; x_wconf 64' lang='lat' dir='ltr'><em>certe</em></span> <span class='ocrx_word' id='word_1_414' title='bbox 410 3133 463 3166; x_wconf 84' lang='lat' dir='ltr'><em>per</em></span> <span class='ocrx_word' id='word_1_415' title='bbox 486 3136 538 3157; x_wconf 83' lang='lat' dir='ltr'><em>vos</em></span> <span class='ocrx_word' id='word_1_416' title='bbox 557 3123 635 3166; x_wconf 83' lang='lat' dir='ltr'><em>satis</em></span> <span class='ocrx_word' id='word_1_417' title='bbox 646 3124 835 3167; x_wconf 81' lang='lat' dir='ltr'><em>intelligetis,</em></span> <span class='ocrx_word' id='word_1_418' title='bbox 867 3129 1009 3166; x_wconf 82' lang='lat' dir='ltr'><em>quamvis</em></span> <span class='ocrx_word' id='word_1_419' title='bbox 1033 3124 1125 3156; x_wconf 80' lang='lat' dir='ltr'><em>dicere</em></span> <span class='ocrx_word' id='word_1_420' title='bbox 1141 3123 1186 3166; x_wconf 86' lang='lat' dir='ltr'><em>su-</em></span> 
     </span>
     <span class='ocr_line' id='line_1_59' title="bbox 311 3172 1187 3218; baseline -0.001 -10"><span class='ocrx_word' id='word_1_421' title='bbox 311 3172 499 3218; x_wconf 82' lang='lat' dir='ltr'><em>persedeam.</em></span> <span class='ocrx_word' id='word_1_422' title='bbox 527 3175 634 3207; x_wconf 88' lang='lat' dir='ltr'>Docet</span> <span class='ocrx_word' id='word_1_423' title='bbox 655 3174 732 3206; x_wconf 87' lang='lat' dir='ltr'>tria.</span> <span class='ocrx_word' id='word_1_424' title='bbox 762 3173 898 3212; x_wconf 74' lang='lat' dir='ltr'>Primo,</span> <span class='ocrx_word' id='word_1_425' title='bbox 923 3173 1011 3216; x_wconf 92' lang='lat' dir='ltr'>quod</span> <span class='ocrx_word' id='word_1_426' title='bbox 1037 3174 1187 3207; x_wconf 83' lang='lat' dir='ltr'>Romana</span> 
     </span>
     <span class='ocr_line' id='line_1_60' title="bbox 315 3222 1187 3268; baseline -0.003 -9"><span class='ocrx_word' id='word_1_427' title='bbox 315 3225 484 3268; x_wconf 76' lang='lat' dir='ltr'>Stipendia</span> <span class='ocrx_word' id='word_1_428' title='bbox 507 3224 714 3257; x_wconf 81' lang='lat' dir='ltr'>consisterent</span> <span class='ocrx_word' id='word_1_429' title='bbox 738 3223 769 3255; x_wconf 91' lang='lat' dir='ltr'><em>in</em></span> <span class='ocrx_word' id='word_1_430' title='bbox 788 3222 935 3256; x_wconf 87' lang='lat' dir='ltr'>duobus:</span> <span class='ocrx_word' id='word_1_431' title='bbox 964 3224 996 3256; x_wconf 87' lang='lat' dir='ltr'><em>in</em></span> <span class='ocrx_word' id='word_1_432' title='bbox 1013 3223 1156 3256; x_wconf 84' lang='lat' dir='ltr'>Annona</span> <span class='ocrx_word' id='word_1_433' title='bbox 1178 3249 1187 3264; x_wconf 93' lang='lat'>‚</span> 
     </span>
     <span class='ocr_line' id='line_1_61' title="bbox 315 3272 1187 3310; baseline -0.006 1"><span class='ocrx_word' id='word_1_434' title='bbox 315 3275 349 3310; x_wconf 76' lang='grc' dir='ltr'><em>δε</em></span> <span class='ocrx_word' id='word_1_435' title='bbox 373 3274 559 3310; x_wconf 82' lang='lat' dir='ltr'>nummario</span> <span class='ocrx_word' id='word_1_436' title='bbox 581 3273 769 3306; x_wconf 89' lang='lat' dir='ltr'>Donativo.</span> <span class='ocrx_word' id='word_1_437' title='bbox 800 3272 901 3306; x_wconf 68' lang='lat' dir='ltr'><em>Porro</em></span> <span class='ocrx_word' id='word_1_438' title='bbox 925 3273 1071 3306; x_wconf 88' lang='lat' dir='ltr'>Annona</span> <span class='ocrx_word' id='word_1_439' title='bbox 1097 3283 1187 3306; x_wconf 87' lang='lat' dir='ltr'>erant</span> 
     </span>
     <span class='ocr_line' id='line_1_62' title="bbox 315 3322 1187 3365; baseline -0.003 -8"><span class='ocrx_word' id='word_1_440' title='bbox 315 3326 453 3359; x_wconf 82' lang='lat' dir='ltr'>laridum</span> <span class='ocrx_word' id='word_1_441' title='bbox 465 3349 476 3365; x_wconf 87' lang='lat'><strong>,</strong></span> <span class='ocrx_word' id='word_1_442' title='bbox 504 3325 703 3357; x_wconf 90' lang='lat' dir='ltr'>frumentum</span> <span class='ocrx_word' id='word_1_443' title='bbox 714 3346 723 3361; x_wconf 90' lang='lat'>‚</span> <span class='ocrx_word' id='word_1_444' title='bbox 739 3322 882 3358; x_wconf 81' lang='lat' dir='ltr'>buccella</span> <span class='ocrx_word' id='word_1_445' title='bbox 896 3348 904 3362; x_wconf 93' lang='lat'>‚</span> <span class='ocrx_word' id='word_1_446' title='bbox 918 3323 1030 3357; x_wconf 86' lang='lat' dir='ltr'>oleum</span> <span class='ocrx_word' id='word_1_447' title='bbox 1042 3346 1052 3363; x_wconf 84' lang='lat'><strong>,</strong></span> <span class='ocrx_word' id='word_1_448' title='bbox 1065 3324 1187 3364; x_wconf 84' lang='lat' dir='ltr'>vinum,</span> 
     </span>
     <span class='ocr_line' id='line_1_63' title="bbox 316 3373 1187 3416; baseline -0.005 -7"><span class='ocrx_word' id='word_1_449' title='bbox 316 3377 465 3415; x_wconf 83' lang='lat' dir='ltr'>foenum,</span> <span class='ocrx_word' id='word_1_450' title='bbox 491 3373 610 3416; x_wconf 83' lang='lat' dir='ltr'>aliique</span> <span class='ocrx_word' id='word_1_451' title='bbox 621 3373 791 3406; x_wconf 87' lang='lat' dir='ltr'>castrenses</span> <span class='ocrx_word' id='word_1_452' title='bbox 801 3373 887 3413; x_wconf 85' lang='lat' dir='ltr'>cibi,</span> <span class='ocrx_word' id='word_1_453' title='bbox 914 3374 1078 3407; x_wconf 86' lang='lat' dir='ltr'>variorum</span> <span class='ocrx_word' id='word_1_454' title='bbox 1091 3375 1187 3406; x_wconf 87' lang='lat' dir='ltr'>varii.</span> 
     </span>
     <span class='ocr_line' id='line_1_64' title="bbox 316 3422 1188 3467; baseline -0.001 -10"><span class='ocrx_word' id='word_1_455' title='bbox 316 3424 466 3459; x_wconf 77' lang='lat' dir='ltr'>Secundo</span> <span class='ocrx_word' id='word_1_456' title='bbox 488 3423 667 3467; x_wconf 83' lang='lat' dir='ltr'>Gregorius</span> <span class='ocrx_word' id='word_1_457' title='bbox 690 3422 787 3455; x_wconf 86' lang='lat' dir='ltr'>docet</span> <span class='ocrx_word' id='word_1_458' title='bbox 797 3435 809 3462; x_wconf 50' lang='lat'><em>·‚¹</em></span> <span class='ocrx_word' id='word_1_459' title='bbox 838 3435 905 3456; x_wconf 88' lang='lat' dir='ltr'><em>non</em></span> <span class='ocrx_word' id='word_1_460' title='bbox 919 3424 993 3457; x_wconf 84' lang='lat' dir='ltr'>solis</span> <span class='ocrx_word' id='word_1_461' title='bbox 1009 3422 1188 3462; x_wconf 83' lang='lat' dir='ltr'>militibus,</span> 
     </span>
    </p>
   </div>
   <div class='ocr_carea' id='block_1_8' title="bbox 169 2817 296 2858">
    <p class='ocr_par' dir='ltr' id='par_1_8' title="bbox 169 2817 296 2858">
     <span class='ocr_line' id='line_1_65' title="bbox 169 2817 296 2858; baseline -0.008 -10"><span class='ocrx_word' id='word_1_462' title='bbox 169 2817 296 2858; x_wconf 64' lang='lat' dir='ltr'>Oracq.</span> 
     </span>
    </p>
   </div>
   <div class='ocr_carea' id='block_1_9' title="bbox 844 138 1540 190">
    <p class='ocr_par' dir='ltr' id='par_1_9' title="bbox 844 138 1540 190">
     <span class='ocr_line' id='line_1_66' title="bbox 844 138 1540 190; baseline 0 -2"><span class='ocrx_word' id='word_1_463' title='bbox 844 138 1540 190; x_wconf 53' lang='lat' dir='ltr'>‘DissER‘TArto</span> 
     </span>
    </p>
   </div>
   <div class='ocr_carea' id='block_1_10' title="bbox 1261 224 2332 1218">
    <p class='ocr_par' dir='ltr' id='par_1_10' title="bbox 1261 224 2332 1218">
     <span class='ocr_line' id='line_1_67' title="bbox 1276 224 2161 272; baseline 0.002 -11"><span class='ocrx_word' id='word_1_464' title='bbox 1276 227 1359 270; x_wconf 83' lang='lat' dir='ltr'>apud</span> <span class='ocrx_word' id='word_1_465' title='bbox 1374 227 1545 266; x_wconf 82' lang='lat' dir='ltr'>Romanos</span> <span class='ocrx_word' id='word_1_466' title='bbox 1566 224 1743 272; x_wconf 43' lang='lat' dir='ltr'>stipendia</span> <span class='ocrx_word' id='word_1_467' title='bbox 1770 227 1891 267; x_wconf 65' lang='lat' dir='ltr'><em>Tertio</em></span> <span class='ocrx_word' id='word_1_468' title='bbox 1914 228 2012 266; x_wconf 85' lang='lat' dir='ltr'><em>docet</em></span> <span class='ocrx_word' id='word_1_469' title='bbox 2036 229 2092 265; x_wconf 78' lang='lat' dir='ltr'>illa</span> <span class='ocrx_word' id='word_1_470' title='bbox 2102 229 2161 266; x_wconf 67' lang='lat' dir='ltr'><em>do-</em></span> 
     </span>
     <span class='ocr_line' id='line_1_68' title="bbox 1276 277 2162 323; baseline 0.003 -10"><span class='ocrx_word' id='word_1_471' title='bbox 1276 277 1377 313; x_wconf 79' lang='lat' dir='ltr'><em>buiffe</em></span> <span class='ocrx_word' id='word_1_472' title='bbox 1399 282 1463 313; x_wconf 83' lang='lat' dir='ltr'><em>effe</em></span> <span class='ocrx_word' id='word_1_473' title='bbox 1487 279 1678 313; x_wconf 84' lang='lat' dir='ltr'>sufficientia</span> <span class='ocrx_word' id='word_1_474' title='bbox 1696 304 1707 321; x_wconf 94' lang='lat'>‚</span> <span class='ocrx_word' id='word_1_475' title='bbox 1734 290 1801 313; x_wconf 91' lang='lat' dir='ltr'><em>non</em></span> <span class='ocrx_word' id='word_1_476' title='bbox 1825 282 1981 323; x_wconf 81' lang='lat' dir='ltr'>superflua</span> <span class='ocrx_word' id='word_1_477' title='bbox 1996 308 2004 315; x_wconf 92' lang='lat'>.</span> <span class='ocrx_word' id='word_1_478' title='bbox 2030 282 2162 316; x_wconf 85' lang='lat' dir='ltr'>Locum</span> 
     </span>
     <span class='ocr_line' id='line_1_69' title="bbox 1278 327 2158 375; baseline 0.003 -14"><span class='ocrx_word' id='word_1_479' title='bbox 1278 327 1332 362; x_wconf 89' lang='lat' dir='ltr'><em>hic</em></span> <span class='ocrx_word' id='word_1_480' title='bbox 1353 327 1470 367; x_wconf 86' lang='lat' dir='ltr'><em>habere</em></span> <span class='ocrx_word' id='word_1_481' title='bbox 1492 330 1635 363; x_wconf 89' lang='lat' dir='ltr'>Domini</span> <span class='ocrx_word' id='word_1_482' title='bbox 1661 329 1819 363; x_wconf 87' lang='lat' dir='ltr'>verbum:</span> <span class='ocrx_word' id='word_1_483' title='bbox 1846 333 1941 374; x_wconf 63' lang='lat' dir='ltr'><em>Quod</em></span> <span class='ocrx_word' id='word_1_484' title='bbox 1960 334 2087 375; x_wconf 85' lang='lat' dir='ltr'>amplius</span> <span class='ocrx_word' id='word_1_485' title='bbox 2100 330 2158 371; x_wconf 79' lang='lat' dir='ltr'><em>est,</em></span> 
     </span>
     <span class='ocr_line' id='line_1_70' title="bbox 1275 378 2161 427; baseline 0.006 -17"><span class='ocrx_word' id='word_1_486' title='bbox 1275 379 1296 415; x_wconf 68' lang='grc' dir='ltr'><em>ἃ</em></span> <span class='ocrx_word' id='word_1_487' title='bbox 1316 381 1395 412; x_wconf 87' lang='lat' dir='ltr'><em>malo</em></span> <span class='ocrx_word' id='word_1_488' title='bbox 1415 378 1468 418; x_wconf 87' lang='lat' dir='ltr'><em>est.</em></span> <span class='ocrx_word' id='word_1_489' title='bbox 1497 379 1590 413; x_wconf 91' lang='lat' dir='ltr'>Hinc</span> <span class='ocrx_word' id='word_1_490' title='bbox 1613 380 1761 425; x_wconf 84' lang='lat' dir='ltr'>intellige</span> <span class='ocrx_word' id='word_1_491' title='bbox 1783 382 1937 418; x_wconf 82' lang='lat' dir='ltr'>mandata</span> <span class='ocrx_word' id='word_1_492' title='bbox 1960 406 1971 422; x_wconf 90' lang='lat'><strong>,</strong></span> <span class='ocrx_word' id='word_1_493' title='bbox 1997 394 2068 427; x_wconf 83' lang='lat' dir='ltr'><em>quae</em></span> <span class='ocrx_word' id='word_1_494' title='bbox 2092 392 2161 425; x_wconf 89' lang='lat' dir='ltr'><em>ger·</em></span> 
     </span>
     <span class='ocr_line' id='line_1_71' title="bbox 1275 429 2161 468; baseline 0.005 -7"><span class='ocrx_word' id='word_1_495' title='bbox 1275 436 1373 465; x_wconf 84' lang='lat' dir='ltr'>mano</span> <span class='ocrx_word' id='word_1_496' title='bbox 1398 430 1456 463; x_wconf 91' lang='lat' dir='ltr'><em>suo</em></span> <span class='ocrx_word' id='word_1_497' title='bbox 1478 429 1568 462; x_wconf 86' lang='lat' dir='ltr'><em>fratri</em></span> <span class='ocrx_word' id='word_1_498' title='bbox 1586 440 1626 463; x_wconf 87' lang='lat' dir='ltr'><em>ac</em></span> <span class='ocrx_word' id='word_1_499' title='bbox 1647 430 1790 464; x_wconf 85' lang='lat' dir='ltr'>militurn</span> <span class='ocrx_word' id='word_1_500' title='bbox 1816 432 1906 465; x_wconf 90' lang='lat' dir='ltr'>Duci</span> <span class='ocrx_word' id='word_1_501' title='bbox 1929 431 2081 468; x_wconf 66' lang='lat' dir='ltr'><em>fuitseab</em></span> <span class='ocrx_word' id='word_1_502' title='bbox 2095 431 2161 465; x_wconf 91' lang='lat' dir='ltr'>Im-</span> 
     </span>
     <span class='ocr_line' id='line_1_72' title="bbox 1275 479 2159 524; baseline 0.003 -13"><span class='ocrx_word' id='word_1_503' title='bbox 1275 488 1420 524; x_wconf 84' lang='lat' dir='ltr'>peratore</span> <span class='ocrx_word' id='word_1_504' title='bbox 1442 479 1603 514; x_wconf 84' lang='lat' dir='ltr'>Mauritio</span> <span class='ocrx_word' id='word_1_505' title='bbox 1621 479 1696 513; x_wconf 85' lang='lat' dir='ltr'>data</span> <span class='ocrx_word' id='word_1_506' title='bbox 1708 481 1817 518; x_wconf 83' lang='lat' dir='ltr'>scribit</span> <span class='ocrx_word' id='word_1_507' title='bbox 1828 480 2097 524; x_wconf 76' lang='lat' dir='ltr'>Theophyiaetus</span> <span class='ocrx_word' id='word_1_508' title='bbox 2113 481 2159 515; x_wconf 92' lang='lat' dir='ltr'><em>Si-</em></span> 
     </span>
     <span class='ocr_line' id='line_1_73' title="bbox 1275 528 2332 568; baseline 0 -6"><span class='ocrx_word' id='word_1_509' title='bbox 1275 539 1423 563; x_wconf 85' lang='lat' dir='ltr'>mocata:</span> <span class='ocrx_word' id='word_1_510' title='bbox 1452 533 1563 562; x_wconf 85' lang='lat' dir='ltr'><em>Horum</em></span> <span class='ocrx_word' id='word_1_511' title='bbox 1583 540 1676 564; x_wconf 88' lang='lat' dir='ltr'>unum</span> <span class='ocrx_word' id='word_1_512' title='bbox 1698 533 1860 566; x_wconf 62' lang='lat' dir='ltr'><em>reddendae</em></span> <span class='ocrx_word' id='word_1_513' title='bbox 1871 533 2016 564; x_wconf 89' lang='lat' dir='ltr'><em>militaris</em></span> <span class='ocrx_word' id='word_1_514' title='bbox 2030 542 2156 563; x_wconf 82' lang='lat' dir='ltr'>annonae</span> <span class='ocrx_word' id='word_1_515' title='bbox 2177 528 2249 568; x_wconf 75' lang='lat' dir='ltr'><strong>L-7·</strong></span> <span class='ocrx_word' id='word_1_516' title='bbox 2270 537 2332 563; x_wconf 87' lang='lat' dir='ltr'>c.1.</span> 
     </span>
     <span class='ocr_line' id='line_1_74' title="bbox 1266 576 2157 625; baseline 0.002 -14"><span class='ocrx_word' id='word_1_517' title='bbox 1266 576 1400 620; x_wconf 82' lang='lat' dir='ltr'><em>formam</em></span> <span class='ocrx_word' id='word_1_518' title='bbox 1421 580 1589 612; x_wconf 83' lang='lat' dir='ltr'><em>continebat</em></span> <span class='ocrx_word' id='word_1_519' title='bbox 1606 602 1616 619; x_wconf 94' lang='lat'><strong>,</strong></span> <span class='ocrx_word' id='word_1_520' title='bbox 1640 582 1742 621; x_wconf 64' lang='lat' dir='ltr'><em>nempe*</em></span> <span class='ocrx_word' id='word_1_521' title='bbox 1764 589 1798 614; x_wconf 88' lang='lat' dir='ltr'><em>ut</em></span> <span class='ocrx_word' id='word_1_522' title='bbox 1819 584 1975 625; x_wconf 71' lang='lat' dir='ltr'><em>tripartite</em></span> <span class='ocrx_word' id='word_1_523' title='bbox 1993 605 2002 620; x_wconf 90' lang='lat'><strong>,</strong></span> <span class='ocrx_word' id='word_1_524' title='bbox 2028 587 2060 614; x_wconf 83' lang='lat' dir='ltr'><em>tn</em></span> <span class='ocrx_word' id='word_1_525' title='bbox 2073 581 2157 621; x_wconf 85' lang='lat' dir='ltr'><em>veste,</em></span> 
     </span>
     <span class='ocr_line' id='line_1_75' title="bbox 1269 630 2158 676; baseline 0.008 -17"><span class='ocrx_word' id='word_1_526' title='bbox 1269 633 1305 662; x_wconf 77' lang='lat' dir='ltr'><em>in</em></span> <span class='ocrx_word' id='word_1_527' title='bbox 1317 635 1413 667; x_wconf 76' lang='lat' dir='ltr'><em>armis</em></span> <span class='ocrx_word' id='word_1_528' title='bbox 1425 652 1436 670; x_wconf 83' lang='lat'><strong>,</strong></span> <span class='ocrx_word' id='word_1_529' title='bbox 1461 630 1494 664; x_wconf 64' lang='grc' dir='ltr'>θ</span> <span class='ocrx_word' id='word_1_530' title='bbox 1505 635 1631 664; x_wconf 84' lang='lat' dir='ltr'><em>nummis</em></span> <span class='ocrx_word' id='word_1_531' title='bbox 1643 635 1743 664; x_wconf 84' lang='lat' dir='ltr'><em>aureis</em></span> <span class='ocrx_word' id='word_1_532' title='bbox 1755 641 1921 676; x_wconf 81' lang='lat' dir='ltr'><em>erogaretur</em></span> <span class='ocrx_word' id='word_1_533' title='bbox 1931 655 1938 663; x_wconf 87' lang='lat'>.</span> <span class='ocrx_word' id='word_1_534' title='bbox 1963 632 2066 666; x_wconf 89' lang='lat' dir='ltr'>Addit</span> <span class='ocrx_word' id='word_1_535' title='bbox 2079 641 2158 666; x_wconf 83' lang='lat' dir='ltr'>con·</span> 
     </span>
     <span class='ocr_line' id='line_1_76' title="bbox 1272 678 2156 716; baseline 0.002 -6"><span class='ocrx_word' id='word_1_536' title='bbox 1272 688 1320 711; x_wconf 80' lang='lat' dir='ltr'><em>tra</em></span> <span class='ocrx_word' id='word_1_537' title='bbox 1347 678 1434 713; x_wconf 89' lang='lat' dir='ltr'>hunc</span> <span class='ocrx_word' id='word_1_538' title='bbox 1455 680 1630 713; x_wconf 87' lang='lat' dir='ltr'>articulum</span> <span class='ocrx_word' id='word_1_539' title='bbox 1650 679 1771 713; x_wconf 79' lang='lat' dir='ltr'>milites</span> <span class='ocrx_word' id='word_1_540' title='bbox 1793 681 1884 716; x_wconf 75' lang='lat' dir='ltr'>fuisse</span> <span class='ocrx_word' id='word_1_541' title='bbox 1908 681 2126 716; x_wconf 87' lang='lat' dir='ltr'>tumultuatos</span> <span class='ocrx_word' id='word_1_542' title='bbox 2149 704 2156 712; x_wconf 87' lang='lat'><strong>.</strong></span> 
     </span>
     <span class='ocr_line' id='line_1_77' title="bbox 1273 727 2155 776; baseline 0.003 -15"><span class='ocrx_word' id='word_1_543' title='bbox 1273 727 1385 763; x_wconf 83' lang='lat' dir='ltr'>Graeca</span> <span class='ocrx_word' id='word_1_544' title='bbox 1406 741 1493 770; x_wconf 84' lang='lat' dir='ltr'>vox,</span> <span class='ocrx_word' id='word_1_545' title='bbox 1520 729 1680 773; x_wconf 79' lang='lat' dir='ltr'><em>Epidofis.‚</em></span> <span class='ocrx_word' id='word_1_546' title='bbox 1708 741 1775 764; x_wconf 93' lang='lat' dir='ltr'><em>non</em></span> <span class='ocrx_word' id='word_1_547' title='bbox 1791 732 1969 766; x_wconf 81' lang='lat' dir='ltr'>Annonam</span> <span class='ocrx_word' id='word_1_548' title='bbox 1982 731 2155 776; x_wconf 78' lang='lat' dir='ltr'>fignificat,</span> 
     </span>
     <span class='ocr_line' id='line_1_78' title="bbox 1271 779 2155 825; baseline 0.005 -13"><span class='ocrx_word' id='word_1_549' title='bbox 1271 779 1321 812; x_wconf 87' lang='lat' dir='ltr'><em>sed</em></span> <span class='ocrx_word' id='word_1_550' title='bbox 1345 779 1551 815; x_wconf 87' lang='lat' dir='ltr'>Donativum</span> <span class='ocrx_word' id='word_1_551' title='bbox 1566 806 1577 821; x_wconf 95' lang='lat'>,</span> <span class='ocrx_word' id='word_1_552' title='bbox 1603 780 1656 813; x_wconf 87' lang='lat' dir='ltr'><em>seu</em></span> <span class='ocrx_word' id='word_1_553' title='bbox 1671 780 1890 816; x_wconf 80' lang='lat' dir='ltr'>nummarium</span> <span class='ocrx_word' id='word_1_554' title='bbox 1915 781 2123 825; x_wconf 86' lang='lat' dir='ltr'>Stipendium</span> <span class='ocrx_word' id='word_1_555' title='bbox 2146 804 2155 812; x_wconf 85' lang='lat'><strong>·</strong></span> 
     </span>
     <span class='ocr_line' id='line_1_79' title="bbox 1267 827 2154 874; baseline 0.002 -13"><span class='ocrx_word' id='word_1_556' title='bbox 1267 827 1402 865; x_wconf 72' lang='lat' dir='ltr'>Sanctus</span> <span class='ocrx_word' id='word_1_557' title='bbox 1426 828 1555 873; x_wconf 74' lang='lat' dir='ltr'><em>Martyr</em></span> <span class='ocrx_word' id='word_1_558' title='bbox 1567 830 1791 874; x_wconf 83' lang='lat' dir='ltr'>Theophanes</span> <span class='ocrx_word' id='word_1_559' title='bbox 1814 832 1917 867; x_wconf 86' lang='lat' dir='ltr'>utitur</span> <span class='ocrx_word' id='word_1_560' title='bbox 1930 843 2031 872; x_wconf 84' lang='lat' dir='ltr'>voce,</span> <span class='ocrx_word' id='word_1_561' title='bbox 2057 835 2154 874; x_wconf 85' lang='lat' dir='ltr'><em>Roga,</em></span> 
     </span>
     <span class='ocr_line' id='line_1_80' title="bbox 1270 878 2326 930; baseline 0.001 -18"><span class='ocrx_word' id='word_1_562' title='bbox 1270 878 1304 916; x_wconf 75' lang='grc' dir='ltr'>ἀ</span> <span class='ocrx_word' id='word_1_563' title='bbox 1330 880 1456 923; x_wconf 79' lang='lat' dir='ltr'>scribit:</span> <span class='ocrx_word' id='word_1_564' title='bbox 1484 885 1648 922; x_wconf 77' lang='lat' dir='ltr'><em>Imperator</em></span> <span class='ocrx_word' id='word_1_565' title='bbox 1668 883 1757 914; x_wconf 85' lang='lat' dir='ltr'><em>Petro</em></span> <span class='ocrx_word' id='word_1_566' title='bbox 1769 883 1843 913; x_wconf 86' lang='lat' dir='ltr'>Duci</span> <span class='ocrx_word' id='word_1_567' title='bbox 1859 879 1925 924; x_wconf 86' lang='lat' dir='ltr'><em>suis</em></span> <span class='ocrx_word' id='word_1_568' title='bbox 1948 882 2102 914; x_wconf 75' lang='lat' dir='ltr'><em>mandatis</em></span> <span class='ocrx_word' id='word_1_569' title='bbox 2119 879 2152 922; x_wconf 80' lang='lat' dir='ltr'><em>fi-</em></span> <span class='ocrx_word' id='word_1_570' title='bbox 2173 880 2326 930; x_wconf 80' lang='lat' dir='ltr'>Fol.231.</span> 
     </span>
     <span class='ocr_line' id='line_1_81' title="bbox 1264 928 2156 975; baseline 0.003 -15"><span class='ocrx_word' id='word_1_571' title='bbox 1264 928 1422 973; x_wconf 83' lang='lat' dir='ltr'><em>gnificavit</em></span> <span class='ocrx_word' id='word_1_572' title='bbox 1445 954 1456 970; x_wconf 91' lang='lat'><strong>,</strong></span> <span class='ocrx_word' id='word_1_573' title='bbox 1482 938 1515 963; x_wconf 90' lang='lat' dir='ltr'><em>ut</em></span> <span class='ocrx_word' id='word_1_574' title='bbox 1536 934 1627 975; x_wconf 81' lang='lat' dir='ltr'><em>Rogae</em></span> <span class='ocrx_word' id='word_1_575' title='bbox 1649 937 1771 965; x_wconf 81' lang='lat' dir='ltr'>tertiam</span> <span class='ocrx_word' id='word_1_576' title='bbox 1793 940 1912 973; x_wconf 86' lang='lat' dir='ltr'><em>partem</em></span> <span class='ocrx_word' id='word_1_577' title='bbox 1925 955 1935 970; x_wconf 95' lang='lat'>‚</span> <span class='ocrx_word' id='word_1_578' title='bbox 1963 936 2091 963; x_wconf 80' lang='lat' dir='ltr'><em>nummis</em></span> <span class='ocrx_word' id='word_1_579' title='bbox 2105 940 2156 963; x_wconf 81' lang='lat' dir='ltr'><em>au-</em></span> 
     </span>
     <span class='ocr_line' id='line_1_82' title="bbox 1269 978 2155 1023; baseline 0.002 -13"><span class='ocrx_word' id='word_1_580' title='bbox 1269 985 1326 1011; x_wconf 80' lang='lat' dir='ltr'><em>reis</em></span> <span class='ocrx_word' id='word_1_581' title='bbox 1344 978 1578 1023; x_wconf 81' lang='lat' dir='ltr'>persolvendam</span> <span class='ocrx_word' id='word_1_582' title='bbox 1590 1005 1600 1020; x_wconf 90' lang='lat'><em>‚</em></span> <span class='ocrx_word' id='word_1_583' title='bbox 1626 986 1754 1015; x_wconf 84' lang='lat' dir='ltr'><em>Romani</em></span> <span class='ocrx_word' id='word_1_584' title='bbox 1766 982 1870 1014; x_wconf 75' lang='lat' dir='ltr'>milites</span> <span class='ocrx_word' id='word_1_585' title='bbox 1886 987 2049 1023; x_wconf 82' lang='lat' dir='ltr'><em>acciperent</em></span> <span class='ocrx_word' id='word_1_586' title='bbox 2065 1004 2074 1019; x_wconf 93' lang='lat'>,</span> <span class='ocrx_word' id='word_1_587' title='bbox 2083 989 2155 1021; x_wconf 80' lang='lat' dir='ltr'><em>par-</em></span> 
     </span>
     <span class='ocr_line' id='line_1_83' title="bbox 1266 1030 2153 1073; baseline 0 -11"><span class='ocrx_word' id='word_1_588' title='bbox 1266 1036 1325 1062; x_wconf 87' lang='lat' dir='ltr'><em>tem</em></span> <span class='ocrx_word' id='word_1_589' title='bbox 1342 1032 1434 1062; x_wconf 83' lang='lat' dir='ltr'><em>aliam</em></span> <span class='ocrx_word' id='word_1_590' title='bbox 1447 1030 1504 1071; x_wconf 76' lang='lat' dir='ltr'><em>fibi</em></span> <span class='ocrx_word' id='word_1_591' title='bbox 1514 1036 1608 1064; x_wconf 83' lang='lat' dir='ltr'><em>armis</em></span> <span class='ocrx_word' id='word_1_592' title='bbox 1628 1033 1752 1071; x_wconf 81' lang='lat' dir='ltr'><em>concesfis</em></span> <span class='ocrx_word' id='word_1_593' title='bbox 1767 1056 1776 1071; x_wconf 92' lang='lat'>‚</span> <span class='ocrx_word' id='word_1_594' title='bbox 1803 1034 1938 1065; x_wconf 81' lang='lat' dir='ltr'>ultimam</span> <span class='ocrx_word' id='word_1_595' title='bbox 1961 1033 2087 1073; x_wconf 76' lang='lat' dir='ltr'><em>dentque</em></span> <span class='ocrx_word' id='word_1_596' title='bbox 2099 1032 2153 1062; x_wconf 83' lang='lat' dir='ltr'>da·</span> 
     </span>
     <span class='ocr_line' id='line_1_84' title="bbox 1264 1080 2153 1123; baseline 0.003 -13"><span class='ocrx_word' id='word_1_597' title='bbox 1264 1087 1299 1110; x_wconf 86' lang='lat' dir='ltr'><em>ta</em></span> <span class='ocrx_word' id='word_1_598' title='bbox 1322 1080 1367 1110; x_wconf 84' lang='lat' dir='ltr'>ad</span> <span class='ocrx_word' id='word_1_599' title='bbox 1385 1082 1480 1119; x_wconf 79' lang='lat' dir='ltr'><em>vestes</em></span> <span class='ocrx_word' id='word_1_600' title='bbox 1503 1081 1651 1123; x_wconf 83' lang='lat' dir='ltr'><em>quaslibet</em></span> <span class='ocrx_word' id='word_1_601' title='bbox 1678 1088 1805 1113; x_wconf 83' lang='lat' dir='ltr'><em>materia</em></span> <span class='ocrx_word' id='word_1_602' title='bbox 1827 1081 1882 1122; x_wconf 80' lang='lat' dir='ltr'><em>fibi</em></span> <span class='ocrx_word' id='word_1_603' title='bbox 1901 1080 2055 1123; x_wconf 80' lang='lat' dir='ltr'>repensam</span> <span class='ocrx_word' id='word_1_604' title='bbox 2085 1089 2153 1121; x_wconf 83' lang='lat' dir='ltr'><em>pro-</em></span> 
     </span>
     <span class='ocr_line' id='line_1_85' title="bbox 1261 1127 2151 1174; baseline 0.007 -15"><span class='ocrx_word' id='word_1_605' title='bbox 1261 1127 1417 1169; x_wconf 73' lang='lat' dir='ltr'><em>fiterentur</em></span> <span class='ocrx_word' id='word_1_606' title='bbox 1437 1154 1444 1162; x_wconf 88' lang='lat'><strong>.</strong></span> <span class='ocrx_word' id='word_1_607' title='bbox 1472 1132 1563 1174; x_wconf 74' lang='lat' dir='ltr'><em>‚Quod</em></span> <span class='ocrx_word' id='word_1_608' title='bbox 1592 1131 1641 1168; x_wconf 82' lang='lat' dir='ltr'><em>ubi</em></span> <span class='ocrx_word' id='word_1_609' title='bbox 1672 1129 1854 1173; x_wconf 84' lang='lat' dir='ltr'><em>resciverunt</em></span> <span class='ocrx_word' id='word_1_610' title='bbox 1875 1155 1885 1171; x_wconf 89' lang='lat'><strong><em>,</em></strong></span> <span class='ocrx_word' id='word_1_611' title='bbox 1915 1130 1948 1174; x_wconf 81' lang='lat' dir='ltr'><em>se</em></span> <span class='ocrx_word' id='word_1_612' title='bbox 1970 1133 2013 1163; x_wconf 86' lang='lat' dir='ltr'>ad</span> <span class='ocrx_word' id='word_1_613' title='bbox 2056 1130 2151 1165; x_wconf 80' lang='lat' dir='ltr'><em>rebel-</em></span> 
     </span>
     <span class='ocr_line' id='line_1_86' title="bbox 1261 1178 2153 1218; baseline 0.003 -9"><span class='ocrx_word' id='word_1_614' title='bbox 1261 1178 1366 1211; x_wconf 81' lang='lat' dir='ltr'><em>lionem</em></span> <span class='ocrx_word' id='word_1_615' title='bbox 1391 1187 1643 1217; x_wconf 75' lang='lat' dir='ltr'><em>converterunt„</em></span> <span class='ocrx_word' id='word_1_616' title='bbox 1673 1180 1843 1216; x_wconf 85' lang='lat' dir='ltr'>Consonat</span> <span class='ocrx_word' id='word_1_617' title='bbox 1869 1181 2056 1218; x_wconf 71' lang='lat' dir='ltr'>Anastasius</span> <span class='ocrx_word' id='word_1_618' title='bbox 2083 1179 2153 1212; x_wconf 91' lang='lat' dir='ltr'><em>Ro-</em></span> 
     </span>
    </p>
   </div>
   <div class='ocr_carea' id='block_1_11' title="bbox 1225 233 1270 3144">
    <p class='ocr_par' dir='ltr' id='par_1_11' title="bbox 1225 233 1270 3144">
     <span class='ocr_line' id='line_1_87' title="bbox 1250 233 1270 649; baseline 0 0"><span class='ocrx_word' id='word_1_619' title='bbox 1250 233 1270 649; x_wconf 95' lang='lat' dir='ltr'><em>  </em></span> 
     </span>
     <span class='ocr_line' id='line_1_88' title="bbox 1233 649 1259 1996; baseline 0 -92"><span class='ocrx_word' id='word_1_620' title='bbox 1233 649 1259 1996; x_wconf 95' lang='lat' dir='ltr'><em>    </em></span> 
     </span>
     <span class='ocr_line' id='line_1_89' title="bbox 1225 1996 1247 3144; baseline 0 -447"><span class='ocrx_word' id='word_1_621' title='bbox 1225 2697 1244 3144; x_wconf 95' lang='lat' dir='ltr'><em>   </em></span> <span class='ocrx_word' id='word_1_622' title='bbox 1233 1996 1247 2697; x_wconf 95' lang='lat' dir='ltr'><em> </em></span> 
     </span>
    </p>
   </div>
   <div class='ocr_carea' id='block_1_12' title="bbox 1231 1228 2189 3418">
    <p class='ocr_par' dir='ltr' id='par_1_12' title="bbox 1257 1228 2189 1773">
     <span class='ocr_line' id='line_1_90' title="bbox 1265 1228 2154 1274; baseline 0.001 -14"><span class='ocrx_word' id='word_1_623' title='bbox 1265 1239 1366 1261; x_wconf 84' lang='lat' dir='ltr'>rnanae</span> <span class='ocrx_word' id='word_1_624' title='bbox 1380 1228 1528 1265; x_wconf 79' lang='lat' dir='ltr'><em>Ecciefiae</em></span> <span class='ocrx_word' id='word_1_625' title='bbox 1548 1230 1823 1267; x_wconf 85' lang='lat' dir='ltr'>Bibliothecarius</span> <span class='ocrx_word' id='word_1_626' title='bbox 1861 1245 1872 1270; x_wconf 68' lang='lat' dir='ltr'>,t</span> <span class='ocrx_word' id='word_1_627' title='bbox 1912 1233 2031 1274; x_wconf 78' lang='lat' dir='ltr'><em>,Quarto</em></span> <span class='ocrx_word' id='word_1_628' title='bbox 2043 1231 2154 1263; x_wconf 81' lang='lat' dir='ltr'><em>decimo</em></span> 
     </span>
     <span class='ocr_line' id='line_1_91' title="bbox 1261 1278 2152 1321; baseline 0.002 -12"><span class='ocrx_word' id='word_1_629' title='bbox 1261 1282 1383 1319; x_wconf 86' lang='lat' dir='ltr'><em>Imperii</em></span> <span class='ocrx_word' id='word_1_630' title='bbox 1404 1278 1452 1320; x_wconf 75' lang='lat' dir='ltr'><em>sui</em></span> <span class='ocrx_word' id='word_1_631' title='bbox 1476 1290 1554 1313; x_wconf 78' lang='lat' dir='ltr'><em>armo</em></span> <span class='ocrx_word' id='word_1_632' title='bbox 1568 1283 1650 1321; x_wconf 79' lang='lat' dir='ltr'><em>juffit</em></span> <span class='ocrx_word' id='word_1_633' title='bbox 1670 1285 1835 1314; x_wconf 81' lang='lat' dir='ltr'><em>Mauritius</em></span> <span class='ocrx_word' id='word_1_634' title='bbox 1861 1283 1946 1314; x_wconf 80' lang='lat' dir='ltr'><em>Petro</em></span> <span class='ocrx_word' id='word_1_635' title='bbox 1969 1283 2099 1313; x_wconf 81' lang='lat' dir='ltr'><em>Praetori</em></span> <span class='ocrx_word' id='word_1_636' title='bbox 2119 1288 2152 1311; x_wconf 88' lang='lat' dir='ltr'><em>ut</em></span> 
     </span>
     <span class='ocr_line' id='line_1_92' title="bbox 1261 1333 2152 1372; baseline 0 -12"><span class='ocrx_word' id='word_1_637' title='bbox 1261 1334 1381 1360; x_wconf 84' lang='lat' dir='ltr'><em>tertiam</em></span> <span class='ocrx_word' id='word_1_638' title='bbox 1389 1337 1512 1370; x_wconf 87' lang='lat' dir='ltr'><em>partem</em></span> <span class='ocrx_word' id='word_1_639' title='bbox 1535 1333 1626 1372; x_wconf 66' lang='lat' dir='ltr'><em>Roget*</em></span> <span class='ocrx_word' id='word_1_640' title='bbox 1646 1335 1680 1363; x_wconf 80' lang='lat' dir='ltr'><em>in</em></span> <span class='ocrx_word' id='word_1_641' title='bbox 1702 1342 1774 1362; x_wconf 89' lang='lat' dir='ltr'><em>auro</em></span> <span class='ocrx_word' id='word_1_642' title='bbox 1799 1333 1819 1362; x_wconf 76' lang='grc' dir='ltr'><em>ἃ</em></span> <span class='ocrx_word' id='word_1_643' title='bbox 1831 1333 1975 1362; x_wconf 82' lang='lat' dir='ltr'><em>Romanis</em></span> <span class='ocrx_word' id='word_1_644' title='bbox 1987 1335 2152 1370; x_wconf 77' lang='lat' dir='ltr'><em>acciperet,</em></span> 
     </span>
     <span class='ocr_line' id='line_1_93' title="bbox 1261 1376 2152 1423; baseline -0.001 -12"><span class='ocrx_word' id='word_1_645' title='bbox 1261 1380 1294 1411; x_wconf 70' lang='grc' dir='ltr'><em>(τ</em></span> <span class='ocrx_word' id='word_1_646' title='bbox 1318 1383 1437 1412; x_wconf 82' lang='lat' dir='ltr'><em>tertiam</em></span> <span class='ocrx_word' id='word_1_647' title='bbox 1463 1386 1496 1412; x_wconf 86' lang='lat' dir='ltr'><em>in</em></span> <span class='ocrx_word' id='word_1_648' title='bbox 1516 1385 1635 1423; x_wconf 56' lang='lat' dir='ltr'><em>armis-2</em></span> <span class='ocrx_word' id='word_1_649' title='bbox 1659 1381 1694 1413; x_wconf 62' lang='lat' dir='ltr'><em>&lt;v</em></span> <span class='ocrx_word' id='word_1_650' title='bbox 1712 1381 1804 1412; x_wconf 88' lang='lat' dir='ltr'><em>aliam</em></span> <span class='ocrx_word' id='word_1_651' title='bbox 1825 1385 1946 1412; x_wconf 82' lang='lat' dir='ltr'><em>tertiam</em></span> <span class='ocrx_word' id='word_1_652' title='bbox 1970 1384 2002 1411; x_wconf 88' lang='lat' dir='ltr'><em>in</em></span> <span class='ocrx_word' id='word_1_653' title='bbox 2027 1376 2152 1420; x_wconf 78' lang='lat' dir='ltr'><em>diverfis</em></span> 
     </span>
     <span class='ocr_line' id='line_1_94' title="bbox 1264 1428 2189 1475; baseline 0 -15"><span class='ocrx_word' id='word_1_654' title='bbox 1264 1428 1467 1469; x_wconf 79' lang='lat' dir='ltr'><em>vestimentis.</em></span> <span class='ocrx_word' id='word_1_655' title='bbox 1496 1434 1624 1471; x_wconf 72' lang='lat' dir='ltr'><em>ltaque,</em></span> <span class='ocrx_word' id='word_1_656' title='bbox 1651 1432 1778 1462; x_wconf 81' lang='lat' dir='ltr'><em>Romam</em></span> <span class='ocrx_word' id='word_1_657' title='bbox 1791 1428 1848 1462; x_wconf 43' lang='lat' dir='ltr'><em>‘boc</em></span> <span class='ocrx_word' id='word_1_658' title='bbox 1858 1429 1979 1470; x_wconf 82' lang='lat' dir='ltr'><em>audito,</em></span> <span class='ocrx_word' id='word_1_659' title='bbox 2005 1428 2049 1461; x_wconf 81' lang='lat' dir='ltr'>ad</span> <span class='ocrx_word' id='word_1_660' title='bbox 2057 1437 2150 1470; x_wconf 62' lang='lat' dir='ltr'><em>tgraen-</em></span> <span class='ocrx_word' id='word_1_661' title='bbox 2186 1446 2189 1475; x_wconf 37' lang='grc'><em>,-</em></span> 
     </span>
     <span class='ocr_line' id='line_1_95' title="bbox 1258 1478 2151 1521; baseline 0.002 -11"><span class='ocrx_word' id='word_1_662' title='bbox 1258 1482 1357 1510; x_wconf 82' lang='lat' dir='ltr'><em>nidem</em></span> <span class='ocrx_word' id='word_1_663' title='bbox 1372 1478 1567 1512; x_wconf 82' lang='lat' dir='ltr'><em>vertebantur</em></span> <span class='ocrx_word' id='word_1_664' title='bbox 1591 1503 1598 1511; x_wconf 83' lang='lat'><em>.</em></span> <span class='ocrx_word' id='word_1_665' title='bbox 1626 1478 1701 1515; x_wconf 84' lang='lat' dir='ltr'><em>Erat</em></span> <span class='ocrx_word' id='word_1_666' title='bbox 1725 1479 1889 1521; x_wconf 74' lang='lat' dir='ltr'>justissima</span> <span class='ocrx_word' id='word_1_667' title='bbox 1913 1478 2121 1513; x_wconf 85' lang='lat' dir='ltr'>Constitutio</span> <span class='ocrx_word' id='word_1_668' title='bbox 2139 1490 2151 1513; x_wconf 72' lang='lat' dir='ltr'><em>t.</em></span> 
     </span>
     <span class='ocr_line' id='line_1_96' title="bbox 1261 1527 2150 1565; baseline 0.001 -4"><span class='ocrx_word' id='word_1_669' title='bbox 1261 1530 1391 1563; x_wconf 80' lang='lat' dir='ltr'>Etenim</span> <span class='ocrx_word' id='word_1_670' title='bbox 1438 1528 1563 1562; x_wconf 76' lang='lat' dir='ltr'>milites</span> <span class='ocrx_word' id='word_1_671' title='bbox 1593 1529 1829 1563; x_wconf 86' lang='lat' dir='ltr'>consueverunt</span> <span class='ocrx_word' id='word_1_672' title='bbox 1875 1530 1928 1561; x_wconf 88' lang='lat' dir='ltr'><em>sua</em></span> <span class='ocrx_word' id='word_1_673' title='bbox 1965 1527 2150 1565; x_wconf 70' lang='lat' dir='ltr'>nummaria</span> 
     </span>
     <span class='ocr_line' id='line_1_97' title="bbox 1259 1577 2150 1622; baseline 0 -10"><span class='ocrx_word' id='word_1_674' title='bbox 1259 1579 1426 1622; x_wconf 86' lang='lat' dir='ltr'>Stipendia</span> <span class='ocrx_word' id='word_1_675' title='bbox 1453 1579 1485 1611; x_wconf 91' lang='lat' dir='ltr'><em>in</em></span> <span class='ocrx_word' id='word_1_676' title='bbox 1524 1579 1577 1611; x_wconf 88' lang='lat' dir='ltr'><em>sua</em></span> <span class='ocrx_word' id='word_1_677' title='bbox 1613 1578 1723 1621; x_wconf 81' lang='lat' dir='ltr'>paffim</span> <span class='ocrx_word' id='word_1_678' title='bbox 1761 1577 1911 1612; x_wconf 74' lang='lat' dir='ltr'>desideria</span> <span class='ocrx_word' id='word_1_679' title='bbox 1948 1577 2150 1622; x_wconf 66' lang='lat' dir='ltr'><em>expendere²</em></span> 
     </span>
     <span class='ocr_line' id='line_1_98' title="bbox 1259 1626 2147 1672; baseline -0.002 -10"><span class='ocrx_word' id='word_1_680' title='bbox 1259 1638 1356 1672; x_wconf 86' lang='lat' dir='ltr'>atque</span> <span class='ocrx_word' id='word_1_681' title='bbox 1369 1628 1500 1663; x_wconf 83' lang='lat' dir='ltr'>interim</span> <span class='ocrx_word' id='word_1_682' title='bbox 1513 1627 1665 1662; x_wconf 76' lang='lat' dir='ltr'>indecore</span> <span class='ocrx_word' id='word_1_683' title='bbox 1678 1626 1785 1662; x_wconf 84' lang='lat' dir='ltr'><em>vestiri</em></span> <span class='ocrx_word' id='word_1_684' title='bbox 1796 1653 1806 1668; x_wconf 92' lang='lat'>‚</span> <span class='ocrx_word' id='word_1_685' title='bbox 1834 1627 2037 1662; x_wconf 70' lang='lat' dir='ltr'>inconcinne</span> <span class='ocrx_word' id='word_1_686' title='bbox 2048 1637 2147 1662; x_wconf 82' lang='lat' dir='ltr'>arma-</span> 
     </span>
     <span class='ocr_line' id='line_1_99' title="bbox 1257 1677 2150 1725; baseline 0 -14"><span class='ocrx_word' id='word_1_687' title='bbox 1257 1681 1305 1711; x_wconf 89' lang='lat' dir='ltr'><em>ri.</em></span> <span class='ocrx_word' id='word_1_688' title='bbox 1331 1678 1373 1715; x_wconf 86' lang='lat' dir='ltr'><em>Et</em></span> <span class='ocrx_word' id='word_1_689' title='bbox 1402 1678 1484 1712; x_wconf 87' lang='lat' dir='ltr'>issud</span> <span class='ocrx_word' id='word_1_690' title='bbox 1510 1678 1843 1725; x_wconf 75' lang='lat' dir='ltr'>congruentissimum,</span> <span class='ocrx_word' id='word_1_691' title='bbox 1864 1677 2150 1712; x_wconf 69' lang='lat' dir='ltr'>fraenumillis-diss-</span> 
     </span>
     <span class='ocr_line' id='line_1_100' title="bbox 1257 1729 1389 1773; baseline -0.015 -11"><span class='ocrx_word' id='word_1_692' title='bbox 1257 1729 1389 1773; x_wconf 85' lang='lat' dir='ltr'>plicuit.</span> 
     </span>
    </p>

    <p class='ocr_par' dir='ltr' id='par_1_13' title="bbox 1231 1776 2145 3418">
     <span class='ocr_line' id='line_1_101' title="bbox 1309 1776 2144 1822; baseline -0.002 -9"><span class='ocrx_word' id='word_1_693' title='bbox 1309 1779 1443 1813; x_wconf 67' lang='lat' dir='ltr'>sanstus</span> <span class='ocrx_word' id='word_1_694' title='bbox 1476 1777 1656 1822; x_wconf 82' lang='lat' dir='ltr'>Gregorius</span> <span class='ocrx_word' id='word_1_695' title='bbox 1690 1777 1774 1812; x_wconf 66' lang='lat' dir='ltr'><em>reste</em></span> <span class='ocrx_word' id='word_1_696' title='bbox 1800 1777 1907 1812; x_wconf 88' lang='lat' dir='ltr'>scribit</span> <span class='ocrx_word' id='word_1_697' title='bbox 1928 1776 2079 1811; x_wconf 85' lang='lat' dir='ltr'>Militum</span> <span class='ocrx_word' id='word_1_698' title='bbox 2104 1786 2144 1811; x_wconf 74' lang='lat' dir='ltr'><em>ac</em></span> 
     </span>
     <span class='ocr_line' id='line_1_102' title="bbox 1259 1825 2144 1872; baseline -0.002 -11"><span class='ocrx_word' id='word_1_699' title='bbox 1259 1830 1356 1861; x_wconf 83' lang='lat' dir='ltr'><em>etiam</em></span> <span class='ocrx_word' id='word_1_700' title='bbox 1375 1828 1589 1871; x_wconf 69' lang='lat' dir='ltr'>Dignitatum</span> <span class='ocrx_word' id='word_1_701' title='bbox 1612 1827 1771 1872; x_wconf 79' lang='lat' dir='ltr'>stipendia</span> <span class='ocrx_word' id='word_1_702' title='bbox 1793 1839 1861 1862; x_wconf 90' lang='lat' dir='ltr'><em>non</em></span> <span class='ocrx_word' id='word_1_703' title='bbox 1883 1829 1970 1871; x_wconf 78' lang='lat' dir='ltr'>poffe</span> <span class='ocrx_word' id='word_1_704' title='bbox 1984 1825 2144 1870; x_wconf 79' lang='lat' dir='ltr'><em>effejusto</em></span> 
     </span>
     <span class='ocr_line' id='line_1_103' title="bbox 1255 1876 2142 1921; baseline -0.002 -9"><span class='ocrx_word' id='word_1_705' title='bbox 1255 1879 1393 1921; x_wconf 85' lang='lat' dir='ltr'>majora.</span> <span class='ocrx_word' id='word_1_706' title='bbox 1423 1878 1515 1911; x_wconf 89' lang='lat' dir='ltr'>Hinc</span> <span class='ocrx_word' id='word_1_707' title='bbox 1537 1879 1571 1912; x_wconf 91' lang='lat' dir='ltr'><em>in</em></span> <span class='ocrx_word' id='word_1_708' title='bbox 1596 1879 1651 1912; x_wconf 87' lang='lat' dir='ltr'><em>sua</em></span> <span class='ocrx_word' id='word_1_709' title='bbox 1670 1879 1710 1912; x_wconf 83' lang='lat' dir='ltr'><em>ad</em></span> <span class='ocrx_word' id='word_1_710' title='bbox 1724 1879 1956 1920; x_wconf 82' lang='lat' dir='ltr'>Imperatorem</span> <span class='ocrx_word' id='word_1_711' title='bbox 1979 1876 2142 1911; x_wconf 85' lang='lat' dir='ltr'>Constan-</span> 
     </span>
     <span class='ocr_line' id='line_1_104' title="bbox 1254 1927 2142 1973; baseline -0.003 -11"><span class='ocrx_word' id='word_1_712' title='bbox 1254 1930 1337 1962; x_wconf 85' lang='lat' dir='ltr'>tium</span> <span class='ocrx_word' id='word_1_713' title='bbox 1365 1927 1737 1973; x_wconf 83' lang='lat' dir='ltr'>Panegyrideclamavit</span> <span class='ocrx_word' id='word_1_714' title='bbox 1762 1928 1937 1972; x_wconf 84' lang='lat' dir='ltr'>Imperator</span> <span class='ocrx_word' id='word_1_715' title='bbox 1959 1927 2106 1972; x_wconf 79' lang='lat' dir='ltr'>Julianus</span> <span class='ocrx_word' id='word_1_716' title='bbox 2132 1937 2142 1959; x_wconf 75' lang='lat' dir='ltr'><em>t</em></span> 
     </span>
     <span class='ocr_line' id='line_1_105' title="bbox 1254 1978 2141 2020; baseline -0.002 -9"><span class='ocrx_word' id='word_1_717' title='bbox 1254 1983 1289 2011; x_wconf 83' lang='lat' dir='ltr'><em>ln</em></span> <span class='ocrx_word' id='word_1_718' title='bbox 1309 1990 1345 2011; x_wconf 80' lang='lat' dir='ltr'><em>ea</em></span> <span class='ocrx_word' id='word_1_719' title='bbox 1365 1989 1465 2010; x_wconf 82' lang='lat' dir='ltr'><em>rerum</em></span> <span class='ocrx_word' id='word_1_720' title='bbox 1485 1984 1618 2011; x_wconf 69' lang='lat' dir='ltr'><em>omnium.</em></span> <span class='ocrx_word' id='word_1_721' title='bbox 1636 1983 1717 2020; x_wconf 86' lang='lat' dir='ltr'><em>copia</em></span> <span class='ocrx_word' id='word_1_722' title='bbox 1737 1980 1846 2012; x_wconf 87' lang='lat' dir='ltr'><em>milites</em></span> <span class='ocrx_word' id='word_1_723' title='bbox 1867 1978 1994 2018; x_wconf 72' lang='lat' dir='ltr'><em>habuisti</em></span> <span class='ocrx_word' id='word_1_724' title='bbox 2008 1998 2019 2017; x_wconf 83' lang='lat'>‚</span> <span class='ocrx_word' id='word_1_725' title='bbox 2045 1983 2141 2009; x_wconf 81' lang='lat' dir='ltr'><em>ut&#39;ne-</em></span> 
     </span>
     <span class='ocr_line' id='line_1_106' title="bbox 1252 2025 2144 2070; baseline -0.002 -10"><span class='ocrx_word' id='word_1_726' title='bbox 1252 2039 1305 2070; x_wconf 84' lang='lat' dir='ltr'><em>que</em></span> <span class='ocrx_word' id='word_1_727' title='bbox 1311 2026 1451 2069; x_wconf 81' lang='lat' dir='ltr'><em>satietate</em></span> <span class='ocrx_word' id='word_1_728' title='bbox 1464 2025 1620 2069; x_wconf 81' lang='lat' dir='ltr'><em>insolentes</em></span> <span class='ocrx_word' id='word_1_729' title='bbox 1631 2028 1717 2069; x_wconf 83' lang='lat' dir='ltr'><em>essent</em></span> <span class='ocrx_word' id='word_1_730' title='bbox 1727 2049 1737 2066; x_wconf 91' lang='lat'>,</span> <span class='ocrx_word' id='word_1_731' title='bbox 1765 2037 1856 2069; x_wconf 87' lang='lat' dir='ltr'><em>neque</em></span> <span class='ocrx_word' id='word_1_732' title='bbox 1867 2032 1966 2069; x_wconf 82' lang='lat' dir='ltr'><em>inopia</em></span> <span class='ocrx_word' id='word_1_733' title='bbox 1975 2027 2144 2069; x_wconf 77' lang='lat' dir='ltr'><em>quidquam</em></span> 
     </span>
     <span class='ocr_line' id='line_1_107' title="bbox 1250 2075 2145 2120; baseline -0.001 -10"><span class='ocrx_word' id='word_1_734' title='bbox 1250 2086 1369 2120; x_wconf 85' lang='lat' dir='ltr'><em>peccare</em></span> <span class='ocrx_word' id='word_1_735' title='bbox 1382 2086 1549 2120; x_wconf 86' lang='lat' dir='ltr'><em>cogerentur</em></span> <span class='ocrx_word' id='word_1_736' title='bbox 1559 2101 1566 2108; x_wconf 94' lang='lat'><strong>.</strong></span> <span class='ocrx_word' id='word_1_737' title='bbox 1598 2075 1644 2110; x_wconf 84' lang='lat' dir='ltr'><em>At</em></span> <span class='ocrx_word' id='word_1_738' title='bbox 1658 2075 1757 2120; x_wconf 68' lang='lat' dir='ltr'>longe</span> <span class='ocrx_word' id='word_1_739' title='bbox 1769 2076 1858 2111; x_wconf 89' lang='lat' dir='ltr'>aliud</span> <span class='ocrx_word' id='word_1_740' title='bbox 1869 2076 1911 2111; x_wconf 89' lang='lat' dir='ltr'><em>de</em></span> <span class='ocrx_word' id='word_1_741' title='bbox 1921 2076 2043 2112; x_wconf 78' lang='lat' dir='ltr'><em>eodem</em></span> <span class='ocrx_word' id='word_1_742' title='bbox 2053 2076 2145 2109; x_wconf 86' lang='lat' dir='ltr'>Con-</span> 
     </span>
     <span class='ocr_line' id='line_1_108' title="bbox 1255 2126 2140 2161; baseline -0.002 -1"><span class='ocrx_word' id='word_1_743' title='bbox 1255 2128 1373 2160; x_wconf 85' lang='lat' dir='ltr'>stantio</span> <span class='ocrx_word' id='word_1_744' title='bbox 1386 2127 1493 2161; x_wconf 84' lang='lat' dir='ltr'>scribit</span> <span class='ocrx_word' id='word_1_745' title='bbox 1507 2126 1705 2160; x_wconf 75' lang='lat' dir='ltr'>Ammianus</span> <span class='ocrx_word' id='word_1_746' title='bbox 1717 2127 1952 2160; x_wconf 82' lang='lat' dir='ltr'>Marcellinus:</span> <span class='ocrx_word' id='word_1_747' title='bbox 1981 2129 2140 2160; x_wconf 68' lang='lat' dir='ltr'><em>Evenerat</em></span> 
     </span>
     <span class='ocr_line' id='line_1_109' title="bbox 1252 2176 2145 2219; baseline -0.001 -11"><span class='ocrx_word' id='word_1_748' title='bbox 1252 2176 1356 2219; x_wconf 84' lang='lat' dir='ltr'><em>iisdem</em></span> <span class='ocrx_word' id='word_1_749' title='bbox 1376 2176 1479 2208; x_wconf 79' lang='lat' dir='ltr'><em>diebus</em></span> <span class='ocrx_word' id='word_1_750' title='bbox 1494 2185 1528 2207; x_wconf 92' lang='lat' dir='ltr'><em>ut</em></span> <span class='ocrx_word' id='word_1_751' title='bbox 1548 2178 1594 2207; x_wconf 87' lang='lat' dir='ltr'><em>ad</em></span> <span class='ocrx_word' id='word_1_752' title='bbox 1603 2178 1780 2208; x_wconf 84' lang='lat' dir='ltr'><em>demendum</em></span> <span class='ocrx_word' id='word_1_753' title='bbox 1794 2181 1985 2218; x_wconf 74' lang='lat' dir='ltr'><em>Imperatoris</em></span> <span class='ocrx_word' id='word_1_754' title='bbox 1998 2176 2145 2217; x_wconf 78' lang='lat' dir='ltr'>capillum</span> 
     </span>
     <span class='ocr_line' id='line_1_110' title="bbox 1253 2224 2141 2267; baseline -0.001 -8"><span class='ocrx_word' id='word_1_755' title='bbox 1253 2224 1348 2267; x_wconf 86' lang='lat' dir='ltr'><em>tonsor</em></span> <span class='ocrx_word' id='word_1_756' title='bbox 1370 2232 1473 2258; x_wconf 86' lang='lat' dir='ltr'><em>venire</em></span> <span class='ocrx_word' id='word_1_757' title='bbox 1497 2233 1665 2266; x_wconf 82' lang='lat' dir='ltr'><em>praeceptus</em></span> <span class='ocrx_word' id='word_1_758' title='bbox 1678 2249 1688 2264; x_wconf 83' lang='lat'><em>,</em></span> <span class='ocrx_word' id='word_1_759' title='bbox 1717 2232 1850 2258; x_wconf 86' lang='lat' dir='ltr'><em>introiret</em></span> <span class='ocrx_word' id='word_1_760' title='bbox 1871 2228 1997 2267; x_wconf 81' lang='lat' dir='ltr'><em>quidam</em></span> <span class='ocrx_word' id='word_1_761' title='bbox 2008 2225 2141 2259; x_wconf 84' lang='lat' dir='ltr'><em>ambitio-</em></span> 
     </span>
     <span class='ocr_line' id='line_1_111' title="bbox 1253 2273 2139 2317; baseline -0.001 -10"><span class='ocrx_word' id='word_1_762' title='bbox 1253 2277 1286 2311; x_wconf 60' lang='lat' dir='ltr'><em>se,</em></span> <span class='ocrx_word' id='word_1_763' title='bbox 1309 2274 1454 2314; x_wconf 79' lang='lat' dir='ltr'><em>vestitus:</em></span> <span class='ocrx_word' id='word_1_764' title='bbox 1482 2273 1612 2317; x_wconf 73' lang='lat' dir='ltr'>Nempe</span> <span class='ocrx_word' id='word_1_765' title='bbox 1633 2274 1772 2307; x_wconf 64' lang='lat' dir='ltr'>defuncti</span> <span class='ocrx_word' id='word_1_766' title='bbox 1789 2274 1977 2309; x_wconf 82' lang='lat' dir='ltr'>Constantii</span> <span class='ocrx_word' id='word_1_767' title='bbox 2000 2276 2139 2314; x_wconf 88' lang='lat' dir='ltr'>tonsor,</span> 
     </span>
     <span class='ocr_line' id='line_1_112' title="bbox 1256 2323 2139 2366; baseline -0.003 -7"><span class='ocrx_word' id='word_1_768' title='bbox 1256 2335 1388 2359; x_wconf 88' lang='lat' dir='ltr'>vocatus</span> <span class='ocrx_word' id='word_1_769' title='bbox 1406 2324 1446 2358; x_wconf 88' lang='lat' dir='ltr'><em>ad</em></span> <span class='ocrx_word' id='word_1_770' title='bbox 1467 2323 1676 2358; x_wconf 87' lang='lat' dir='ltr'>tondendum</span> <span class='ocrx_word' id='word_1_771' title='bbox 1703 2323 1912 2359; x_wconf 73' lang='lat' dir='ltr'>successorem</span> <span class='ocrx_word' id='word_1_772' title='bbox 1936 2323 2101 2366; x_wconf 78' lang='lat' dir='ltr'>Iulianum</span> <span class='ocrx_word' id='word_1_773' title='bbox 2130 2347 2139 2356; x_wconf 89' lang='lat'><strong>.</strong></span> 
     </span>
     <span class='ocr_line' id='line_1_113' title="bbox 1254 2372 2138 2418; baseline -0.003 -11"><span class='ocrx_word' id='word_1_774' title='bbox 1254 2378 1324 2418; x_wconf 75' lang='lat' dir='ltr'><em>,Quo</em></span> <span class='ocrx_word' id='word_1_775' title='bbox 1345 2372 1428 2416; x_wconf 81' lang='lat' dir='ltr'><em>viso,</em></span> <span class='ocrx_word' id='word_1_776' title='bbox 1451 2375 1603 2416; x_wconf 78' lang='lat' dir='ltr'>Julianus</span> <span class='ocrx_word' id='word_1_777' title='bbox 1625 2373 1769 2415; x_wconf 84' lang='lat' dir='ltr'><em>obstupuit</em></span> <span class='ocrx_word' id='word_1_778' title='bbox 1780 2387 1795 2407; x_wconf 29' lang='lat'><em>:⁷</em></span> <span class='ocrx_word' id='word_1_779' title='bbox 1817 2377 1882 2417; x_wconf 84' lang='lat' dir='ltr'><em>Ego</em></span> <span class='ocrx_word' id='word_1_780' title='bbox 1899 2397 1915 2416; x_wconf 24' lang='lat'><em>,¹</em></span> <span class='ocrx_word' id='word_1_781' title='bbox 1933 2378 2047 2414; x_wconf 81' lang='lat' dir='ltr'><em>inquit,</em></span> <span class='ocrx_word' id='word_1_782' title='bbox 2081 2383 2138 2405; x_wconf 84' lang='lat' dir='ltr'><em>non</em></span> 
     </span>
     <span class='ocr_line' id='line_1_114' title="bbox 1259 2422 2140 2466; baseline -0.001 -9"><span class='ocrx_word' id='word_1_783' title='bbox 1259 2425 1443 2458; x_wconf 82' lang='lat' dir='ltr'><em>Rationalem</em></span> <span class='ocrx_word' id='word_1_784' title='bbox 1457 2425 1544 2463; x_wconf 83' lang='lat' dir='ltr'><em>juffi,</em></span> <span class='ocrx_word' id='word_1_785' title='bbox 1567 2422 1624 2466; x_wconf 79' lang='lat' dir='ltr'><em>sed</em></span> <span class='ocrx_word' id='word_1_786' title='bbox 1640 2422 1782 2466; x_wconf 82' lang='lat' dir='ltr'><em>tonsorem</em></span> <span class='ocrx_word' id='word_1_787' title='bbox 1802 2429 1906 2456; x_wconf 82' lang='lat' dir='ltr'><em>acciri.</em></span> <span class='ocrx_word' id='word_1_788' title='bbox 1934 2427 2140 2466; x_wconf 70' lang='lat' dir='ltr'><em>Interrogatus</em></span> 
     </span>
     <span class='ocr_line' id='line_1_115' title="bbox 1257 2473 2140 2515; baseline -0.003 -8"><span class='ocrx_word' id='word_1_789' title='bbox 1257 2485 1359 2508; x_wconf 88' lang='lat' dir='ltr'><em>tamen</em></span> <span class='ocrx_word' id='word_1_790' title='bbox 1385 2475 1435 2507; x_wconf 89' lang='lat' dir='ltr'>ille</span> <span class='ocrx_word' id='word_1_791' title='bbox 1447 2499 1457 2514; x_wconf 89' lang='lat'>‚</span> <span class='ocrx_word' id='word_1_792' title='bbox 1482 2475 1558 2515; x_wconf 84' lang='lat' dir='ltr'>quid</span> <span class='ocrx_word' id='word_1_793' title='bbox 1575 2473 1696 2507; x_wconf 83' lang='lat' dir='ltr'><em>baberet</em></span> <span class='ocrx_word' id='word_1_794' title='bbox 1716 2484 1755 2506; x_wconf 72' lang='lat' dir='ltr'><em>ex</em></span> <span class='ocrx_word' id='word_1_795' title='bbox 1776 2483 1841 2507; x_wconf 86' lang='lat' dir='ltr'><em>arte</em></span> <span class='ocrx_word' id='word_1_796' title='bbox 1851 2474 2037 2515; x_wconf 69' lang='lat' dir='ltr'><em>compendii,</em></span> <span class='ocrx_word' id='word_1_797' title='bbox 2063 2477 2140 2505; x_wconf 72' lang='lat' dir='ltr'><em>vice·</em></span> 
     </span>
     <span class='ocr_line' id='line_1_116' title="bbox 1255 2522 2142 2566; baseline -0.003 -8"><span class='ocrx_word' id='word_1_798' title='bbox 1255 2538 1312 2558; x_wconf 87' lang='lat' dir='ltr'><em>nas</em></span> <span class='ocrx_word' id='word_1_799' title='bbox 1335 2526 1461 2556; x_wconf 81' lang='lat' dir='ltr'><em>diurnas</em></span> <span class='ocrx_word' id='word_1_800' title='bbox 1483 2522 1633 2566; x_wconf 81' lang='lat' dir='ltr'><em>respondit</em></span> <span class='ocrx_word' id='word_1_801' title='bbox 1651 2535 1809 2563; x_wconf 85' lang='lat' dir='ltr'>annonas,</span> <span class='ocrx_word' id='word_1_802' title='bbox 1836 2525 2014 2566; x_wconf 85' lang='lat' dir='ltr'><em>totidemque</em></span> <span class='ocrx_word' id='word_1_803' title='bbox 2021 2522 2142 2564; x_wconf 77' lang='lat' dir='ltr'>pabula</span> 
     </span>
     <span class='ocr_line' id='line_1_117' title="bbox 1248 2573 2143 2616; baseline -0.003 -9"><span class='ocrx_word' id='word_1_804' title='bbox 1248 2577 1471 2615; x_wconf 87' lang='lat' dir='ltr'><em>jumentorum,</em></span> <span class='ocrx_word' id='word_1_805' title='bbox 1498 2584 1565 2615; x_wconf 83' lang='lat' dir='ltr'><em>quae</em></span> <span class='ocrx_word' id='word_1_806' title='bbox 1587 2574 1675 2616; x_wconf 74' lang='lat' dir='ltr'>vulgo</span> <span class='ocrx_word' id='word_1_807' title='bbox 1701 2573 1842 2604; x_wconf 63' lang='lat' dir='ltr'><em>diblitant</em></span> <span class='ocrx_word' id='word_1_808' title='bbox 1863 2579 1963 2614; x_wconf 83' lang='lat' dir='ltr'><em>capita</em></span> <span class='ocrx_word' id='word_1_809' title='bbox 1986 2596 1996 2612; x_wconf 92' lang='lat'>,</span> <span class='ocrx_word' id='word_1_810' title='bbox 2023 2573 2058 2605; x_wconf 69' lang='lat' dir='ltr'><em>o·</em></span> <span class='ocrx_word' id='word_1_811' title='bbox 2078 2575 2143 2604; x_wconf 52' lang='lat' dir='ltr'><em>ani</em></span> 
     </span>
     <span class='ocr_line' id='line_1_118' title="bbox 1255 2621 2140 2666; baseline -0.001 -10"><span class='ocrx_word' id='word_1_812' title='bbox 1255 2637 1343 2658; x_wconf 87' lang='lat' dir='ltr'>nuum</span> <span class='ocrx_word' id='word_1_813' title='bbox 1359 2624 1537 2664; x_wconf 86' lang='lat' dir='ltr'><em>stipendium</em></span> <span class='ocrx_word' id='word_1_814' title='bbox 1554 2634 1672 2666; x_wconf 85' lang='lat' dir='ltr'><em>grave,</em></span> <span class='ocrx_word' id='word_1_815' title='bbox 1695 2621 1802 2664; x_wconf 87' lang='lat' dir='ltr'><em>absque</em></span> <span class='ocrx_word' id='word_1_816' title='bbox 1806 2622 1963 2664; x_wconf 74' lang='lat' dir='ltr'><em>frut‘luofis</em></span> <span class='ocrx_word' id='word_1_817' title='bbox 1973 2621 2140 2664; x_wconf 71' lang='lat' dir='ltr'><em>petionibus</em></span> 
     </span>
     <span class='ocr_line' id='line_1_119' title="bbox 1254 2672 2139 2714; baseline -0.005 -7"><span class='ocrx_word' id='word_1_818' title='bbox 1254 2676 1356 2707; x_wconf 83' lang='lat' dir='ltr'><em>multis</em></span> <span class='ocrx_word' id='word_1_819' title='bbox 1374 2699 1380 2706; x_wconf 85' lang='lat'><strong>.</strong></span> <span class='ocrx_word' id='word_1_820' title='bbox 1409 2674 1494 2706; x_wconf 82' lang='lat' dir='ltr'><em>Unde</em></span> <span class='ocrx_word' id='word_1_821' title='bbox 1512 2684 1607 2706; x_wconf 88' lang='lat' dir='ltr'><em>motus</em></span> <span class='ocrx_word' id='word_1_822' title='bbox 1629 2684 1726 2705; x_wconf 81' lang='lat' dir='ltr'><em>omnes</em></span> <span class='ocrx_word' id='word_1_823' title='bbox 1749 2672 1918 2714; x_wconf 82' lang='lat' dir='ltr'><em>hujusmodi</em></span> <span class='ocrx_word' id='word_1_824' title='bbox 1941 2685 2005 2704; x_wconf 85' lang='lat' dir='ltr'><em>cum</em></span> <span class='ocrx_word' id='word_1_825' title='bbox 2016 2676 2113 2713; x_wconf 88' lang='lat' dir='ltr'><em>coquis</em></span> <span class='ocrx_word' id='word_1_826' title='bbox 2125 2694 2139 2711; x_wconf 87' lang='lat'><strong>,</strong></span> 
     </span>
     <span class='ocr_line' id='line_1_120' title="bbox 1241 2720 2136 2767; baseline -0.003 -10"><span class='ocrx_word' id='word_1_827' title='bbox 1241 2720 1243 2722; x_wconf 52' lang='grc'>’</span> <span class='ocrx_word' id='word_1_828' title='bbox 1247 2723 1444 2767; x_wconf 80' lang='lat' dir='ltr'><em>similibusque</em></span> <span class='ocrx_word' id='word_1_829' title='bbox 1465 2724 1536 2755; x_wconf 75' lang='lat' dir='ltr'><em>altis</em></span> <span class='ocrx_word' id='word_1_830' title='bbox 1547 2746 1559 2763; x_wconf 49' lang='grc' dir='ltr'><strong>ι</strong></span> <span class='ocrx_word' id='word_1_831' title='bbox 1583 2725 1685 2756; x_wconf 85' lang='lat' dir='ltr'><em>eadem</em></span> <span class='ocrx_word' id='word_1_832' title='bbox 1698 2729 1825 2763; x_wconf 85' lang='lat' dir='ltr'><em>accipere</em></span> <span class='ocrx_word' id='word_1_833' title='bbox 1830 2723 1909 2764; x_wconf 77' lang='lat' dir='ltr'><em>pem?</em></span> <span class='ocrx_word' id='word_1_834' title='bbox 1922 2720 2065 2763; x_wconf 84' lang='lat' dir='ltr'><em>consuetos</em></span> <span class='ocrx_word' id='word_1_835' title='bbox 2077 2745 2087 2762; x_wconf 86' lang='lat'><em>,</em></span> <span class='ocrx_word' id='word_1_836' title='bbox 2099 2722 2136 2754; x_wconf 64' lang='grc' dir='ltr'><strong><em>Θ</em></strong></span> 
     </span>
     <span class='ocr_line' id='line_1_121' title="bbox 1253 2769 2137 2817; baseline -0.005 -10"><span class='ocrx_word' id='word_1_837' title='bbox 1253 2777 1329 2807; x_wconf 86' lang='lat' dir='ltr'><em>data</em></span> <span class='ocrx_word' id='word_1_838' title='bbox 1352 2777 1408 2817; x_wconf 72' lang='lat' dir='ltr'><em>quo</em></span> <span class='ocrx_word' id='word_1_839' title='bbox 1433 2773 1543 2806; x_wconf 85' lang='lat' dir='ltr'><em>vellent</em></span> <span class='ocrx_word' id='word_1_840' title='bbox 1567 2774 1658 2806; x_wconf 87' lang='lat' dir='ltr'><em>eundi</em></span> <span class='ocrx_word' id='word_1_841' title='bbox 1680 2772 1840 2814; x_wconf 84' lang='lat' dir='ltr'><em>potestate,</em></span> <span class='ocrx_word' id='word_1_842' title='bbox 1856 2772 1998 2813; x_wconf 73' lang='lat' dir='ltr'><em>projecit.</em></span> <span class='ocrx_word' id='word_1_843' title='bbox 2028 2771 2070 2803; x_wconf 87' lang='lat' dir='ltr'><em>Et</em></span> <span class='ocrx_word' id='word_1_844' title='bbox 2095 2769 2137 2803; x_wconf 84' lang='lat' dir='ltr'><em>de</em></span> 
     </span>
     <span class='ocr_line' id='line_1_122' title="bbox 1255 2819 2137 2868; baseline -0.006 -10"><span class='ocrx_word' id='word_1_845' title='bbox 1255 2825 1432 2859; x_wconf 87' lang='lat' dir='ltr'>Antonino</span> <span class='ocrx_word' id='word_1_846' title='bbox 1454 2824 1515 2857; x_wconf 83' lang='lat' dir='ltr'><em>Pio</em></span> <span class='ocrx_word' id='word_1_847' title='bbox 1539 2823 1735 2866; x_wconf 87' lang='lat' dir='ltr'><em>Imperatore</em></span> <span class='ocrx_word' id='word_1_848' title='bbox 1756 2821 1865 2855; x_wconf 88' lang='lat' dir='ltr'>scribit</span> <span class='ocrx_word' id='word_1_849' title='bbox 1888 2820 1990 2868; x_wconf 82' lang='lat' dir='ltr'>Julius</span> <span class='ocrx_word' id='word_1_850' title='bbox 2001 2819 2137 2862; x_wconf 87' lang='lat' dir='ltr'>Capito·</span> 
     </span>
     <span class='ocr_line' id='line_1_123' title="bbox 1252 2870 2139 2914; baseline -0.008 -6"><span class='ocrx_word' id='word_1_851' title='bbox 1252 2876 1364 2908; x_wconf 89' lang='lat' dir='ltr'>linus:</span> <span class='ocrx_word' id='word_1_852' title='bbox 1399 2879 1560 2906; x_wconf 80' lang='lat' dir='ltr'>Antoninus</span> <span class='ocrx_word' id='word_1_853' title='bbox 1584 2875 1703 2906; x_wconf 74' lang='lat' dir='ltr'><em>salaria</em></span> <span class='ocrx_word' id='word_1_854' title='bbox 1727 2873 1829 2905; x_wconf 87' lang='lat' dir='ltr'><em>multis</em></span> <span class='ocrx_word' id='word_1_855' title='bbox 1848 2870 2004 2914; x_wconf 80' lang='lat' dir='ltr'><em>subtraxit</em></span> <span class='ocrx_word' id='word_1_856' title='bbox 2027 2893 2038 2910; x_wconf 92' lang='lat'>,</span> <span class='ocrx_word' id='word_1_857' title='bbox 2060 2880 2139 2911; x_wconf 60' lang='lat' dir='ltr'><em>quoe</em></span> 
     </span>
     <span class='ocr_line' id='line_1_124' title="bbox 1253 2919 2135 2967; baseline -0.006 -10"><span class='ocrx_word' id='word_1_858' title='bbox 1253 2924 1352 2967; x_wconf 88' lang='lat' dir='ltr'><em>otiosos</em></span> <span class='ocrx_word' id='word_1_859' title='bbox 1375 2924 1502 2957; x_wconf 79' lang='lat' dir='ltr'><em>videbat</em></span> <span class='ocrx_word' id='word_1_860' title='bbox 1525 2929 1673 2965; x_wconf 83' lang='lat' dir='ltr'><em>accipere,</em></span> <span class='ocrx_word' id='word_1_861' title='bbox 1699 2924 1800 2955; x_wconf 84' lang='lat' dir='ltr'><em>dicens</em></span> <span class='ocrx_word' id='word_1_862' title='bbox 1818 2921 1893 2954; x_wconf 82' lang='lat' dir='ltr'>nibil</span> <span class='ocrx_word' id='word_1_863' title='bbox 1902 2920 1952 2964; x_wconf 88' lang='lat' dir='ltr'><em>effe</em></span> <span class='ocrx_word' id='word_1_864' title='bbox 1959 2919 2135 2963; x_wconf 71' lang='lat' dir='ltr'><em>sordidius,</em></span> 
     </span>
     <span class='ocr_line' id='line_1_125' title="bbox 1257 2970 2136 3015; baseline -0.007 -7"><span class='ocrx_word' id='word_1_865' title='bbox 1257 2977 1348 3008; x_wconf 76' lang='lat' dir='ltr'><em>immo</em></span> <span class='ocrx_word' id='word_1_866' title='bbox 1366 2974 1511 3006; x_wconf 78' lang='lat' dir='ltr'><em>crudelius</em></span> <span class='ocrx_word' id='word_1_867' title='bbox 1521 2998 1531 3012; x_wconf 90' lang='lat'>,</span> <span class='ocrx_word' id='word_1_868' title='bbox 1559 2972 1682 3015; x_wconf 69' lang='lat' dir='ltr'><em>quamsi</em></span> <span class='ocrx_word' id='word_1_869' title='bbox 1691 2972 1907 3013; x_wconf 83' lang='lat' dir='ltr'><em>Rempublicam</em></span> <span class='ocrx_word' id='word_1_870' title='bbox 1919 2977 1942 3003; x_wconf 80' lang='lat' dir='ltr'><em>it</em></span> <span class='ocrx_word' id='word_1_871' title='bbox 1952 2970 2136 3010; x_wconf 76' lang='lat' dir='ltr'><em>arroderent,</em></span> 
     </span>
     <span class='ocr_line' id='line_1_126' title="bbox 1250 3021 2135 3068; baseline -0.008 -10"><span class='ocrx_word' id='word_1_872' title='bbox 1250 3031 1302 3068; x_wconf 88' lang='lat' dir='ltr'><em>qui</em></span> <span class='ocrx_word' id='word_1_873' title='bbox 1325 3023 1403 3058; x_wconf 84' lang='lat' dir='ltr'>nihil</span> <span class='ocrx_word' id='word_1_874' title='bbox 1422 3030 1452 3055; x_wconf 86' lang='lat' dir='ltr'><em>in</em></span> <span class='ocrx_word' id='word_1_875' title='bbox 1465 3035 1532 3056; x_wconf 90' lang='lat' dir='ltr'><em>eam</em></span> <span class='ocrx_word' id='word_1_876' title='bbox 1549 3022 1602 3066; x_wconf 92' lang='lat' dir='ltr'><em>suo</em></span> <span class='ocrx_word' id='word_1_877' title='bbox 1613 3023 1710 3056; x_wconf 88' lang='lat' dir='ltr'><em>labore</em></span> <span class='ocrx_word' id='word_1_878' title='bbox 1728 3021 1908 3062; x_wconf 87' lang='lat' dir='ltr'><em>conferrent.</em></span> <span class='ocrx_word' id='word_1_879' title='bbox 1936 3021 2021 3053; x_wconf 79' lang='lat' dir='ltr'><em>vnde</em></span> <span class='ocrx_word' id='word_1_880' title='bbox 2041 3025 2135 3052; x_wconf 85' lang='lat' dir='ltr'><em>etiam</em></span> 
     </span>
     <span class='ocr_line' id='line_1_127' title="bbox 1255 3070 2135 3117; baseline -0.006 -9"><span class='ocrx_word' id='word_1_881' title='bbox 1255 3073 1412 3117; x_wconf 72' lang='lat' dir='ltr'><em>Mesbmedi</em></span> <span class='ocrx_word' id='word_1_882' title='bbox 1437 3078 1534 3112; x_wconf 86' lang='lat' dir='ltr'><em>Lyrico</em></span> <span class='ocrx_word' id='word_1_883' title='bbox 1553 3072 1701 3116; x_wconf 80' lang='lat' dir='ltr'><em>salarium</em></span> <span class='ocrx_word' id='word_1_884' title='bbox 1725 3077 1876 3105; x_wconf 82' lang='lat' dir='ltr'><em>imminuit</em></span> <span class='ocrx_word' id='word_1_885' title='bbox 1895 3095 1902 3102; x_wconf 90' lang='lat'><strong>.</strong></span> <span class='ocrx_word' id='word_1_886' title='bbox 1939 3070 1990 3103; x_wconf 82' lang='lat' dir='ltr'><em>Ex</em></span> <span class='ocrx_word' id='word_1_887' title='bbox 2014 3070 2135 3107; x_wconf 80' lang='lat' dir='ltr'>eodem</span> 
     </span>
     <span class='ocr_line' id='line_1_128' title="bbox 1232 3120 2137 3168; baseline -0.009 -8"><span class='ocrx_word' id='word_1_888' title='bbox 1232 3125 1414 3168; x_wconf 67' lang='lat' dir='ltr'>‹principio</span> <span class='ocrx_word' id='word_1_889' title='bbox 1450 3123 1649 3156; x_wconf 89' lang='lat' dir='ltr'>suadendum</span> <span class='ocrx_word' id='word_1_890' title='bbox 1674 3123 1718 3156; x_wconf 89' lang='lat' dir='ltr'><em>est</em></span> <span class='ocrx_word' id='word_1_891' title='bbox 1746 3120 1893 3163; x_wconf 85' lang='lat' dir='ltr'>Principi</span> <span class='ocrx_word' id='word_1_892' title='bbox 1918 3144 1929 3160; x_wconf 90' lang='lat'>‚</span> <span class='ocrx_word' id='word_1_893' title='bbox 1956 3129 1992 3153; x_wconf 94' lang='lat' dir='ltr'><em>ut</em></span> <span class='ocrx_word' id='word_1_894' title='bbox 2014 3130 2137 3161; x_wconf 78' lang='lat' dir='ltr'>paucos</span> 
     </span>
     <span class='ocr_line' id='line_1_129' title="bbox 1232 3168 2134 3238; baseline -0.008 -30"><span class='ocrx_word' id='word_1_895' title='bbox 1232 3172 1367 3238; x_wconf 47' lang='lat' dir='ltr'>&#39;&#39;habeat</span> <span class='ocrx_word' id='word_1_896' title='bbox 1394 3174 1528 3216; x_wconf 80' lang='lat' dir='ltr'><em>majores</em></span> <span class='ocrx_word' id='word_1_897' title='bbox 1550 3172 1714 3206; x_wconf 80' lang='lat' dir='ltr'><em>officiales</em></span> <span class='ocrx_word' id='word_1_898' title='bbox 1737 3195 1747 3210; x_wconf 92' lang='lat'>‚</span> <span class='ocrx_word' id='word_1_899' title='bbox 1788 3181 1909 3214; x_wconf 87' lang='lat' dir='ltr'>paucos</span> <span class='ocrx_word' id='word_1_900' title='bbox 1930 3168 2105 3203; x_wconf 73' lang='lat' dir='ltr'>Tribunos.</span> <span class='ocrx_word' id='word_1_901' title='bbox 2122 3190 2134 3208; x_wconf 88' lang='lat'><strong>,</strong></span> 
     </span>
     <span class='ocr_line' id='line_1_130' title="bbox 1232 3219 2135 3270; baseline -0.006 -13"><span class='ocrx_word' id='word_1_902' title='bbox 1232 3226 1359 3270; x_wconf 66' lang='lat' dir='ltr'><em>⁵plenas</em></span> <span class='ocrx_word' id='word_1_903' title='bbox 1382 3225 1563 3267; x_wconf 85' lang='lat' dir='ltr'>Legiones.</span> <span class='ocrx_word' id='word_1_904' title='bbox 1595 3223 1726 3255; x_wconf 87' lang='lat' dir='ltr'>Etenim</span> <span class='ocrx_word' id='word_1_905' title='bbox 1741 3220 1885 3265; x_wconf 87' lang='lat' dir='ltr'>Magnus</span> <span class='ocrx_word' id='word_1_906' title='bbox 1898 3219 2135 3256; x_wconf 75' lang='lat' dir='ltr'>Constantinus</span> 
     </span>
     <span class='ocr_line' id='line_1_131' title="bbox 1231 3268 2137 3317; baseline -0.009 -9"><span class='ocrx_word' id='word_1_907' title='bbox 1231 3293 1232 3316; x_wconf 80' lang='lat'>1</span> <span class='ocrx_word' id='word_1_908' title='bbox 1251 3276 1283 3308; x_wconf 73' lang='grc' dir='ltr'><em>ὃ(</em></span> <span class='ocrx_word' id='word_1_909' title='bbox 1307 3274 1451 3317; x_wconf 82' lang='lat' dir='ltr'>Magnus</span> <span class='ocrx_word' id='word_1_910' title='bbox 1464 3271 1694 3310; x_wconf 75' lang='lat' dir='ltr'>Theodosius,</span> <span class='ocrx_word' id='word_1_911' title='bbox 1721 3272 1808 3314; x_wconf 90' lang='lat' dir='ltr'>quod</span> <span class='ocrx_word' id='word_1_912' title='bbox 1830 3270 1934 3304; x_wconf 84' lang='lat' dir='ltr'>varias</span> <span class='ocrx_word' id='word_1_913' title='bbox 1945 3268 2137 3302; x_wconf 77' lang='lat' dir='ltr'>Provincias</span> 
     </span>
     <span class='ocr_line' id='line_1_132' title="bbox 1248 3317 2135 3365; baseline -0.01 -7"><span class='ocrx_word' id='word_1_914' title='bbox 1248 3324 1420 3359; x_wconf 86' lang='lat' dir='ltr'>diviserant</span> <span class='ocrx_word' id='word_1_915' title='bbox 1435 3348 1445 3363; x_wconf 93' lang='lat'>‚</span> <span class='ocrx_word' id='word_1_916' title='bbox 1465 3322 1614 3365; x_wconf 85' lang='lat' dir='ltr'>atqueita</span> <span class='ocrx_word' id='word_1_917' title='bbox 1627 3320 1817 3365; x_wconf 83' lang='lat' dir='ltr'>Dignitates</span> <span class='ocrx_word' id='word_1_918' title='bbox 1831 3321 1863 3354; x_wconf 72' lang='grc' dir='ltr'><em>ὅ(</em></span> <span class='ocrx_word' id='word_1_919' title='bbox 1876 3319 2041 3364; x_wconf 87' lang='lat' dir='ltr'>Stipendia</span> <span class='ocrx_word' id='word_1_920' title='bbox 2053 3317 2135 3351; x_wconf 85' lang='lat' dir='ltr'>mul·</span> 
     </span>
     <span class='ocr_line' id='line_1_133' title="bbox 1250 3371 2138 3418; baseline -0.01 -10"><span class='ocrx_word' id='word_1_921' title='bbox 1250 3375 1458 3418; x_wconf 79' lang='lat' dir='ltr'>tiplicarant‚</span> <span class='ocrx_word' id='word_1_922' title='bbox 1484 3372 1501 3404; x_wconf 72' lang='lat' dir='ltr'>a</span> <span class='ocrx_word' id='word_1_923' title='bbox 1530 3371 1725 3416; x_wconf 77' lang='lat' dir='ltr'>quibusdam</span> <span class='ocrx_word' id='word_1_924' title='bbox 1752 3371 1936 3411; x_wconf 64' lang='lat' dir='ltr'>roduntur,</span> <span class='ocrx_word' id='word_1_925' title='bbox 1959 3372 2138 3411; x_wconf 68' lang='lat' dir='ltr'>&amp;carpua-</span> 
     </span>
    </p>
   </div>
   <div class='ocr_carea' id='block_1_13' title="bbox 1249 3434 1332 3460">
    <p class='ocr_par' dir='ltr' id='par_1_14' title="bbox 1249 3434 1332 3460">
     <span class='ocr_line' id='line_1_134' title="bbox 1249 3434 1332 3460; baseline -0.048 0"><span class='ocrx_word' id='word_1_926' title='bbox 1249 3434 1301 3460; x_wconf 82' lang='lat' dir='ltr'><em>tur</em></span> <span class='ocrx_word' id='word_1_927' title='bbox 1324 3449 1332 3456; x_wconf 85' lang='lat'><strong>.</strong></span> 
     </span>
    </p>
   </div>
   <div class='ocr_carea' id='block_1_14' title="bbox 316 3466 2142 3519">
    <p class='ocr_par' dir='ltr' id='par_1_15' title="bbox 316 3466 2142 3519">
     <span class='ocr_line' id='line_1_135' title="bbox 316 3466 2142 3519; baseline -0.004 -10"><span class='ocrx_word' id='word_1_928' title='bbox 316 3475 367 3509; x_wconf 84' lang='lat' dir='ltr'><em>sed</em></span> <span class='ocrx_word' id='word_1_929' title='bbox 389 3477 422 3511; x_wconf 72' lang='grc' dir='ltr'><em>ὅ(</em></span> <span class='ocrx_word' id='word_1_930' title='bbox 444 3473 570 3509; x_wconf 70' lang='lat' dir='ltr'>cunctis</span> <span class='ocrx_word' id='word_1_931' title='bbox 589 3471 764 3516; x_wconf 81' lang='lat' dir='ltr'>majoribus</span> <span class='ocrx_word' id='word_1_932' title='bbox 778 3472 1004 3516; x_wconf 81' lang='lat' dir='ltr'>Dignitatibus</span> <span class='ocrx_word' id='word_1_933' title='bbox 1024 3473 1116 3509; x_wconf 78' lang='lat' dir='ltr'>fuiffe</span> <span class='ocrx_word' id='word_1_934' title='bbox 1132 3474 1184 3508; x_wconf 87' lang='lat' dir='ltr'><em>sua</em></span> <span class='ocrx_word' id='word_1_935' title='bbox 1228 3470 1236 3519; x_wconf 77' lang='grc' dir='ltr'>Ι</span> <span class='ocrx_word' id='word_1_936' title='bbox 1275 3496 1277 3498; x_wconf 38' lang='lat' dir='ltr'>v</span> <span class='ocrx_word' id='word_1_937' title='bbox 1301 3471 1501 3510; x_wconf 75' lang='lat' dir='ltr'>SufficientIa</span> <span class='ocrx_word' id='word_1_938' title='bbox 1536 3472 1570 3509; x_wconf 89' lang='lat'>&amp;</span> <span class='ocrx_word' id='word_1_939' title='bbox 1601 3470 1735 3508; x_wconf 84' lang='lat' dir='ltr'>honesta</span> <span class='ocrx_word' id='word_1_940' title='bbox 1759 3470 1929 3516; x_wconf 73' lang='lat' dir='ltr'>Stipendia</span> <span class='ocrx_word' id='word_1_941' title='bbox 1950 3466 2142 3502; x_wconf 70' lang='lat' dir='ltr'>nullatenus</span> 
     </span>
    </p>
   </div>
   <div class='ocr_carea' id='block_1_15' title="bbox 1972 3517 2094 3562">
    <p class='ocr_par' dir='ltr' id='par_1_16' title="bbox 1972 3517 2094 3562">
     <span class='ocr_line' id='line_1_136' title="bbox 1972 3517 2094 3562; baseline 0.025 -11"><span class='ocrx_word' id='word_1_942' title='bbox 1972 3517 2094 3562; x_wconf 76' lang='lat' dir='ltr'>poffint</span> 
     </span>
    </p>
   </div>
  </div>
 </body>
</html>
