2366 3736
77 657 123 693 Et
143 655 207 714 ¹¹90
229 685 231 687 ’
309 669 433 704 Verum
458 669 603 713 inquies,
631 670 742 722 Qare
761 669 956 703 sacrosancta
977 667 1128 711 synodus

77 709 236 742 sssffifflen'
256 718 373 757 diserte
384 731 453 755 non
465 719 613 763 expressit
634 723 674 754 ad
696 719 909 762 imperfestam
923 718 1021 752 etiam
1041 718 1127 752 Con-

36 786 43 790 .
75 767 124 791 [er
145 767 199 790 ex·

75 806 183 854 preffit
190 831 201 842 .

46 3319 172 3355 Contri-

42 3369 91 3406 tio
115 3381 155 3404 ex

42 3430 129 3454 metu

38 3469 178 3516 concipi.
200 3471 266 3507 &us
303 3461 514 3507 Augustinus
539 3483 550 3499 ,
573 3457 685 3493 dicens
708 3460 749 3493 de
770 3459 937 3505 Apostolo
962 3459 1094 3497 Paulo.-

631 147 700 183 Μ
734 136 1157 184 comitumue
1190 146 1254 181 ετ
1286 133 1692 180 Arrium-roua.
1906 148 1997 196 241

1193 220 1291 262 ,Quem
1313 219 1398 251 timor
1423 225 1511 264 coegit
1535 221 1578 253 ad
1602 219 1780 254 charitatem
1800 242 1809 259 ,
1836 218 1903 260 ejus
1925 218 2060 261 perflata
2072 227 2228 262 tui-,non

1191 269 1326 303 charitas
1346 269 1435 310 foras
1455 270 1529 311 misit
1554 275 1687 304 timorem
1707 296 1714 303 .
1742 270 1804 303 Iste
1825 269 2060 304 introducentis
2074 282 2223 305 emanat.

1191 319 1231 352 ad
1254 319 1430 352 introducti
1451 320 1621 362 ingressum
1632 321 1737 355 exitus
1760 320 1792 353 ὃς
1814 319 1910 353 cessio
1932 320 1978 352 est
1998 319 2060 352 evi·
2077 321 2176 364 Epist.

1191 368 1270 403 dens
1290 367 1447 411 judicium
1470 369 1690 403 conversionis
1710 394 1722 411 ,
1748 371 1800 403 seu
1831 368 2060 412 conceptionis
2074 379 2129 417 50.

1190 430 1243 461 per
1265 417 1516 453 conversionem.
1545 419 1598 452 Ad
1621 419 1679 452 rivi
1702 430 1841 462 namque
1852 419 1978 453 fluxum
1991 428 2061 452 non

1188 469 1319 502 siccatur
1333 469 1421 509 fons,
1441 468 1481 502 ad
1508 468 1675 502 frondium
1701 470 1733 503 ὃς
1760 469 1877 503 florum
1903 467 2062 513 germina-

1188 517 1314 552 tionem
1335 529 1404 552 non
1423 517 1579 552 exarescit
1589 517 1701 558 radix,
1723 519 1832 552 nullus
1841 519 1969 553 effectus
1980 529 2063 552 ema·

1190 579 1270 602 nans
1287 567 1381 611 poffit
1402 567 1555 611 perimere
1574 578 1629 605 aut
1650 568 1766 610 pellere
1790 569 1950 602 caussam:
1969 566 2063 615 Qin

1189 617 1292 652 immo
1318 618 1429 661 passim
1455 617 1496 651 ab
1524 618 1590 665 ipsa
1616 619 1651 650 in
1677 618 1859 651 conservari
1885 617 2062 661 dependet.

1190 667 1236 702 At
1263 668 1340 702 vero
1366 667 1525 702 charitate
1546 668 1689 701 intrante
1715 668 1830 711 incipit
1856 667 1942 700 exire
1954 668 2062 708 timor;

1188 718 1243 752 illa
1268 720 1412 753 crescens
1437 716 1526 753 hune
1551 717 1710 751 diminuit
1730 741 1740 757 ‚
1769 718 1904 760 perfetta
1931 727 2065 751 omnem

1189 768 1293 811 pellit,
1317 768 1463 812 adeoque
1482 768 1569 803 lucet
1582 767 1671 801 iliius
1692 765 1782 800 hunc
1795 778 1862 800 non
1885 768 2065 811 genuinam

1189 820 1327 852 caussam
1341 819 1424 859 effe,
1452 819 1505 853 sed
1518 818 1687 853 dumtaxat
1708 817 1928 851 occasionem.
1955 817 2066 850 Etiam

1188 868 1426 911 imperfestam,
1453 880 1521 912 quae
1547 869 1661 911 utique
1688 867 1778 901 aliud
1805 877 1872 900 non
1898 865 1943 899 est
1967 876 2065 909 quarn

1189 918 1370 961 imperfecta
1381 918 1539 952 charitas.
1568 918 1813 953 Contritionern
1825 917 1870 951 ita
1898 916 1985 950 nasci
2007 925 2065 950 tra-

1187 968 1236 1002 dit
1264 968 1468 1012 Augustinus
1495 969 1529 1001 in
1556 966 1757 1002 sermonibus
1783 967 1824 1001 de
1850 964 2064 1010 tempore,di-

1187 1028 1262 1052 cens
1284 1030 1338 1052 nos
1365 1020 1385 1052 ἃ
1411 1023 1513 1053 timore
1539 1024 1628 1062 cogi,
1656 1027 1689 1051 ut
1714 1015 1899 1060 transeamus
1928 1017 1972 1049 ad
1995 1016 2067 1048 dile—

1187 1068 1309 1101 &onem
1327 1093 1334 1100 .
1363 1069 1407 1102 Et
1433 1070 1468 1102 in
1496 1067 1586 1103 libris
1611 1067 1654 1102 de
1679 1067 1877 1108 adulterinis
1904 1065 2066 1110 conjugiis

1187 1118 1232 1151 ait
1254 1121 1316 1151 Deo
1336 1125 1463 1152 terrente
1483 1120 1518 1152 &⁸
1539 1118 1677 1152 hortante
1698 1130 1707 1161 3
1737 1125 1923 1151 convertente
1950 1118 1983 1149 (9
2009 1122 2064 1148 im·

1184 1170 1306 1209 plenta,
1332 1168 1494 1201 humanum
1513 1174 1545 1200 in
1564 1170 1666 1202 melius
1689 1173 1801 1201 mutari
1822 1167 1988 1209 adfedlum-
2019 1166 2066 1199 Et

1188 1220 1220 1251 in
1245 1218 1334 1252 libris
1351 1218 1501 1251 adversus
1523 1218 1720 1252 petilianum
1734 1217 1882 1251 adfirmat
1903 1216 2064 1250 incussum
2080 1222 2122 1259 L.
2146 1232 2178 1259 2,

1187 1267 1575 1311 alegibusimperialibus
1588 1278 1711 1302 metum
1727 1268 1789 1301 esse
1800 1267 1929 1306 ansam,
1957 1270 1995 1298 Ut
2020 1264 2067 1298 bo·
2080 1285 2107 1307 c,
2136 1270 2189 1322 84,

1189 1329 1233 1350 mo
1245 1322 1277 1350 in
1296 1318 1401 1350 melius
1412 1327 1508 1350 mutet
1522 1320 1704 1350 voluntatem
1720 1341 1728 1349 .
1754 1317 1797 1350 Et
1809 1313 1887 1349 hinc
1899 1314 2067 1350 Carechu-

1188 1377 1302 1400 menos
1312 1368 1329 1400 a
1342 1366 1474 1401 Divina:
1486 1367 1615 1409 justitiae
1627 1369 1745 1400 timore
1756 1365 1794 1398 ad
1804 1363 2069 1399 considerandam

1190 1417 1253 1450 Dei
1268 1416 1546 1457 misericordiam,
1570 1415 1610 1450 de
1625 1417 1689 1460 ipsa
1703 1415 1911 1459 sperandum,
1942 1415 1974 1447 &
2001 1413 2071 1447 dili-

1187 1466 1329 1510 gendam
1342 1466 1497 1508 justitiam
1519 1466 1761 1500 convertidicit
1782 1464 1896 1498 diserte
1918 1463 2072 1506 synodus

1187 1514 1409 1549 Tridentina.
1435 1516 1671 1550 Gehennarum
1684 1514 1831 1549 metus&
1843 1513 1968 1557 justitia:
1985 1513 2072 1547 dile·-

1187 1565 1252 1598 &io
1273 1567 1347 1598 sunt
1368 1563 1436 1599 duo
1458 1566 1574 1599 veteris
1596 1576 1633 1599 ac
1654 1565 1732 1599 novi
1760 1564 1905 1597 hominis
1927 1573 2073 1597 extrema

1187 1615 1353 1658 confinia;
1378 1614 1419 1648 ab
1433 1614 1492 1649 isto
1506 1616 1540 1648 in
1566 1614 1630 1649 hoe
1641 1615 1771 1649 transire
1783 1613 1826 1649 est
1839 1615 1878 1647 de
1891 1613 2073 1648 necessitate

1188 1663 1222 1697 in
1244 1664 1398 1698 virtutem
1421 1665 1595 1707 proficere,
1615 1664 1703 1708 quod
1716 1665 1785 1698 fieri
1807 1675 1874 1697 non
1897 1664 1999 1708 potest
2012 1662 2071 1696 nili

1187 1725 1242 1759 per
1262 1714 1442 1749 voluntatis
1468 1715 1636 1749 transitum
1660 1715 1694 1747 ὅς
1719 1714 1981 1748 conversionem.
2087 1703 2248 1741 Catechu⁴

1238 1764 1386 1798 Laudata
1408 1765 1605 1798 sacrosancta
1630 1764 1783 1806 synodus
1803 1763 1884 1796 dicit
1904 1762 2071 1806 deimper-
2085 1767 2198 1791 meno·
2244 1808 2246 1810 Ι

1186 1815 1267 1849 festa
1288 1814 1526 1848 Poenitentium
1541 1813 1772 1848 Contritione:
1801 1812 2004 1857 Exgebennae
2015 1821 2069 1847 aut
2085 1819 2156 1842 rum
2180 1818 2246 1851 poe·

1182 1873 1341 1907 poenarum
1371 1871 1448 1898 metu
1474 1869 1665 1898 communiter·
1690 1870 1851 1908 concipitur
1875 1887 1881 1896 .
1920 1864 1967 1897 At
1994 1864 2069 1897 vero
2087 1857 2229 1892 nitentia

1184 1914 1225 1950 de
1247 1914 1567 1951 Carechumenorum
1589 1916 1788 1951 Poenitentia
1816 1914 2010 1961 generaliter
2023 1923 2068 1948 at·
2086 1909 2208 1965 semper
2230 1932 2243 1950 2

1184 1966 1428 2009 queindefinite
1440 1966 1544 2001 dicit:
1574 1970 1743 2001 Peccatores
1767 1965 1801 2010 se
1827 1966 1878 2010 effe
1902 1964 2065 2008 tnrelligen·
2085 1968 2246 2003 poenlten-

1184 2012 1249 2055 te¹1,
1277 2017 1298 2048 a
1326 2020 1450 2049 Divina.-
1472 2017 1600 2057 justitiae
1626 2023 1728 2050 timore
1748 2041 1758 2057 ‚
1784 2029 1840 2059 qua
1864 2018 1976 2051 utiliter
2002 2027 2066 2050 con·
2084 2010 2170 2048 tium

1182 2070 1350 2106 canuntur,
1371 2068 1415 2098 ad
1438 2066 1679 2108 considerandam
1706 2069 1762 2100 Dec
1786 2066 2013 2110 misericordiam
2032 2065 2067 2110 se
2083 2062 2216 2097 Contri-

1181 2123 1366 2148 convertunt.
1396 2115 1437 2150 Et
1450 2115 1528 2150 hinc
1541 2117 1680 2150 nascitur
1691 2116 1822 2161 quaestio
1836 2118 1984 2158 secunda,
1998 2119 2067 2151 Cur
2083 2112 2131 2146 ¹50
2151 2124 2239 2148 com-

1185 2164 1421 2199 Poenitentium
1447 2166 1617 2200 Contritio
1639 2167 1810 2201 dumtaxat
1832 2168 2064 2208 communiter,
2082 2163 2226 2198 munitet

1181 2213 1504 2249 Carechumenorum
1537 2224 1644 2249 autem
1670 2217 1874 2250 Paenitentia
1904 2217 2067 2251 adseratur
2081 2212 2226 2257 concipi·

1179 2263 1301 2306 semper
1322 2265 1453 2307 concipi
1475 2277 1516 2298 ex
1544 2265 1662 2300 timore
1686 2267 1790 2299 servili
1815 2267 1827 2299 ἓ
1864 2267 2063 2309 Respondeo
2080 2270 2131 2295 tur
2156 2274 2198 2297 ex

1179 2315 1337 2347 rationem
1363 2314 1430 2347 dari
1454 2314 1470 2347 ὲ
1494 2315 1667 2358 sapiente:
1695 2318 1763 2359 ,Qui
1785 2314 1843 2355 line
1870 2321 1976 2349 timore
2001 2317 2061 2357 est,
2078 2322 2189 2346 metu.

1179 2363 1513 2405 nonpotestjustifirari'.
1549 2364 1695 2407 Exponit
1710 2368 1741 2398 in
1757 2365 1959 2399 psalmorum
1973 2377 2060 2400 com·
2077 2361 2126 2394 Ps·
2144 2370 2221 2409 149.

1177 2414 1345 2446 mentariis
1373 2416 1498 2448 sandius
1527 2414 1749 2459 Augustinusz,
1765 2414 1837 2454 Nisi
1858 2421 1960 2447 timore
1986 2421 2058 2449 inci·
2074 2412 2113 2445 C·
2137 2424 2188 2459 17.

1172 2468 1239 2503 piat
1252 2463 1332 2495 [omo
1361 2467 1454 2495 Deum
1480 2465 1588 2502 colere,
1613 2474 1670 2496 non
1692 2470 1846 2505 perveniet
1856 2466 1900 2497 ad
1910 2477 2054 2499 amorem.
2071 2459 2180 2496 Tra&
2197 2474 2228 2511 9-

1177 2513 1356 2546 Etinlibro
1369 2513 1658 2546 decatechizandis
1669 2513 1815 2547 rudibus:
1845 2515 1992 2554 Rariffime
2003 2528 2053 2548 ac·
2071 2510 2113 2545 L.
2142 2524 2173 2548 2-

1172 2564 1264 2603 ci'a'it,
1292 2565 1379 2595 immo
1389 2565 1458 2595 verti
1472 2574 1624 2604 nunquam
1638 2587 1647 2602 ,
1674 2572 1707 2595 ut
1719 2563 1873 2606 quisquam
1885 2570 1993 2598 veniat
2004 2578 2052 2599 vo-
2067 2573 2094 2595 c.
2123 2573 2177 2608 25.

1170 2614 1234 2645 lens
1243 2612 1310 2654 fleri
1336 2612 1544 2653 Christianus,
1570 2617 1620 2654 qui
1640 2623 1697 2645 non
1716 2613 1755 2654 fit
1766 2617 1863 2655 aliquo
1878 2618 1934 2647 Dei
1945 2621 2050 2650 timore

1167 2661 1332 2704 perculsus.
1363 2662 1405 2695 Et
1418 2662 1451 2694 in
1476 2662 1660 2696 tractatibus
1681 2663 1773 2706 super
1797 2665 1895 2697 san-{ii
1917 2665 2051 2707 Ioannis

1173 2712 1350 2754 Epistolam
1367 2725 1373 2743 :
1390 2714 1421 2744 51
1432 2713 1527 2745 nullus
1539 2717 1628 2745 timor
1637 2737 1647 2752 ‚
1668 2724 1724 2745 non
1737 2712 1774 2753 est
1786 2725 1845 2755 qua
1858 2713 1990 2746 charitas
2003 2721 2050 2747 in-

259 226 403 258 maneria
413 229 504 259 morte
515 248 520 255 .
548 222 679 267 Semper
691 221 806 256 docuit
814 221 877 255 fine
888 218 952 253 Dei
966 219 1056 262 super
1066 230 1134 254 om-

258 275 315 308 nia
338 272 495 312 charitate
520 273 683 308 neminem
711 271 797 314 posse
807 269 983 318 justificari,
995 267 1132 313 ideoque

260 323 295 356 δε
321 323 442 367 semper
466 324 580 359 docuit.
604 329 795 363 conceptam
807 331 847 353 ex
859 318 962 353 servili
974 328 1062 355 metu
1074 319 1131 354 At-

254 370 430 408 'tritionem
442 373 613 410 charitate,
639 368 794 403 licetnon
819 370 1006 413 perfectam,
1036 380 1129 412 opor·

261 431 328 460 tere
339 433 448 458 tamen
459 425 520 458 esse
528 422 708 455 formatam.
738 419 903 467 Qiocirca
929 419 1128 462 quicumque

261 471 350 507 aliud
378 472 477 507 hodie
502 472 537 505 in
567 469 707 504 Ecclesia
735 469 865 503 forsitan
878 469 1049 514 cogitant,
1076 479 1127 502 co·

258 521 366 566 girant
394 521 546 556 Martini·
565 517 700 553 Lutheri
731 519 773 553 de
802 518 939 552 Ecclesia
967 519 1129 553 verificare

258 568 461 611 calumnias,
486 571 519 604 δε
544 570 771 603 sacrosanstam
798 568 968 618 Synodurn
995 567 1127 607 reddere

261 622 450 655 mendacem
466 644 473 651 .

256 770 427 807 tritionem
448 768 564 814 requiri
588 770 653 806 Dei
676 767 884 803 dileffionem
907 768 1128 810 superomnia,

253 830 352 864 atque
363 819 406 856 ita
419 830 551 855 omnem
564 818 733 853 hodiernis
751 817 982 862 quaestionibus
1013 819 1127 862 ingres·

251 870 324 904 sum
349 881 418 904 non
443 870 626 914 praeclusit?
660 867 857 910 Respondeo
882 867 968 907 istud
995 868 1097 911 ipsum
1117 892 1128 908 ‚

249 918 341 963 quod
361 919 443 954 olim
464 921 666 955 Francorum
694 917 863 961 Episcopis
886 941 896 957 ,
923 918 963 951 de
988 917 1126 961 synodo

275 970 354 1003 rima
382 966 778 1011 Constantinopolitana,
799 979 855 1001 cut
881 968 938 1002 suo
965 968 1126 1012 Symbolo

245 980 333 1054 {ane
353 1028 469 1052 vocem
481 1042 493 1058 ,
515 1019 668 1061 Filioque,
685 1027 753 1051 non
766 1015 957 1058 addidisset,
972 1029 1070 1063 atque
1081 1019 1125 1052 ita

242 1068 437 1111 plurimas&
448 1067 645 1102 miserandas
658 1067 871 1101 ecclesiarum
883 1067 956 1101 lites
969 1080 1038 1102 nori
1051 1079 1125 1112 prae-

240 1117 394 1159 focasset,
418 1116 659 1161 postulantibus
680 1116 847 1161 respondit
868 1117 950 1152 olim
971 1117 1124 1152 Pontifex

240 1167 315 1202 Leo
337 1167 395 1202 111.
421 1170 502 1201 Sicut
527 1178 584 1201 non
609 1168 703 1200 audeo
729 1169 824 1201 dicere
848 1178 906 1201 non
934 1169 1005 1202 bene
1026 1168 1125 1211 fecisse

238 1217 379 1252 laudata:
389 1216 663 1260 synodiPatres,
682 1216 714 1260 fi
727 1217 886 1261 fecissent,
916 1223 987 1260 quia
1010 1218 1124 1260 procul-

240 1267 328 1300 dubio
347 1264 423 1308 ficut
448 1276 557 1301 caetera
577 1291 590 1308 ‚
615 1268 761 1309 quae'vel
782 1266 940 1310 omiserunt
962 1291 974 1309 ,
996 1266 1123 1310 scientes

242 1321 359 1359 utique,
387 1318 421 1351 ό·
447 1328 505 1350 non
532 1325 595 1350 tam
621 1316 778 1357 bumana,
804 1328 894 1360 quam
922 1321 1039 1351 Divina
1060 1317 1124 1351 illu-

245 1371 356 1400 minati
378 1365 532 1411 sapientia
550 1366 691 1408 fecerunt
712 1378 721 1409 ;
748 1372 792 1399 ita
817 1378 927 1409 quoque
948 1378 1005 1399 non
1031 1368 1124 1400 audeo

243 1417 338 1450 dicere
365 1416 443 1456 istud
465 1427 513 1450 eos
542 1415 624 1449 nobis
650 1420 748 1448 minut
774 1416 966 1458 intellexiffe‚
996 1408 1049 1449 but
1058 1423 1123 1456 per-

236 1466 390 1510 pendiffe,
418 1477 467 1502 cur
479 1463 660 1507 dimiserint.
691 1463 904 1510 Quinimmo
926 1465 1123 1499 sacrosancta

237 1515 439 1550 Tridentina
452 1514 603 1557 Synodus
618 1524 682 1547 non
696 1511 832 1548 dimisit.
859 1515 993 1548 Etenim
1007 1515 1122 1559 imper-

237 1563 325 1599 fectae
337 1561 661 1602 Carechumenorum
675 1562 881 1598 Contritioni
902 1563 1018 1599 diserte
1036 1565 1121 1600 dixit

239 1615 446 1649 necessariam
468 1624 566 1658 atque
585 1613 782 1647 essentialem
806 1615 868 1647 esse
889 1624 961 1647 eam
985 1614 1122 1648 charita-

237 1673 304 1699 tem
318 1689 328 1705 ,
351 1676 413 1710 qua
427 1664 537 1700 Deum
552 1663 598 1698 uti
610 1664 719 1697 omnis
730 1662 858 1706 justitiae
869 1664 996 1697 fontem
1007 1664 1121 1709 dilige-

237 1725 271 1748 re
284 1715 466 1762 incipiunt,
489 1714 629 1757 ideoque
650 1723 780 1756 peccata
793 1714 845 1747 sua
858 1711 998 1748 oderunt
1022 1714 1122 1749 &de-

238 1764 417 1801 testantur·
445 1763 627 1798 Hominem
641 1765 810 1806 quemvis,
838 1763 1121 1806 uteijustificatio·

236 1814 288 1849 nis
296 1816 400 1860 gratia
419 1815 626 1854 conferatur,
638 1813 723 1846 dixit
736 1811 850 1846 debere
860 1815 997 1854 credere,
1017 1812 1121 1856 spera«

239 1866 445 1911 re,d1·ligere‚
468 1869 615 1905 poenitere
630 1887 640 1903 ,
646 1862 720 1904 ficut
742 1870 868 1903 oportet.
894 1863 973 1897 Hoc
984 1865 1028 1898 est
1041 1887 1051 1904 ,
1078 1875 1119 1899 ex

239 1923 314 1948 vera
333 1916 367 1949 in
392 1914 501 1947 Deum
514 1906 600 1954 633,
622 1913 696 1955 spe,
721 1912 921 1947 &charitate
942 1914 1118 1957 poenitere.

237 1963 435 1998 Generatim
447 1964 606 2006 sumptam
618 1962 857 1996 Poenitentium
870 1961 1117 1998 Contritionem

241 2011 323 2047 dicit
342 2015 405 2048 esse
428 2014 551 2058 peccati
574 2012 822 2046 detestationem
844 2013 878 2046 <Sc
901 2013 1017 2047 odium
1042 2025 1117 2048 cum

238 2065 407 2107 proposito
427 2073 494 2097 non
517 2062 670 2106 peccandi
693 2061 733 2094 de
754 2070 887 2095 caeterox
913 2063 1117 2108 Qaeomnia

233 2124 362 2147 certum
384 2113 428 2147 est
455 2125 523 2146 non
544 2112 630 2154 posse
652 2111 720 2144 fieri
745 2112 809 2144 fine
829 2123 901 2145 vera
924 2113 1119 2147 diletiione.

234 2163 411 2197 Perfestam
430 2162 675 2197 Contritionem
703 2160 858 2194 diciteffe
883 2160 1037 2196 charitate
1051 2174 1115 2205 per·

232 2215 373 2254 festam,
399 2212 536 2253 hocest,
563 2211 651 2244 illam
680 2221 748 2252 quae
775 2210 919 2244 includat
942 2213 1114 2254 perfesiam

232 2262 448 2300 charitatem,
474 2261 632 2304 &exipsa
657 2260 832 2302 procedat.-
862 2261 972 2305 Atque
996 2261 1040 2296 ita
1066 2274 1113 2305 pa-

233 2311 301 2346 lam
327 2312 480 2357 supponit
501 2320 552 2347 tot
572 2311 638 2344 esse
665 2310 885 2344 contritionis
902 2336 912 2351 ‚
939 2321 1019 2352 quot
1040 2309 1111 2346 cha-

232 2363 337 2400 ritatis
359 2362 470 2397 classes
492 2362 544 2395 seu
567 2360 706 2403 species,
730 2359 860 2396 &hanc
883 2361 918 2394 in
939 2362 1033 2394 omni
1057 2361 1111 2396 illa

231 2413 349 2452 debere
366 2413 488 2456 semper
509 2409 653 2446 includi.

2081 896 2177 932 Serme
2199 906 2233 946 7.

2080 947 2120 981 L.
2134 959 2164 989 2.

2079 1008 2108 1031 C·
2134 1006 2187 1042 19>

432 2512 463 2548 C
491 2510 522 2544 A
550 2510 577 2544 Ρ
605 2511 645 2546 U
673 2511 710 2544 T
761 2510 924 2546 XVIII.

259 2562 444 2606 ,Quaesti'ones
471 2562 582 2603 aliquot
610 2562 647 2594 de
676 2560 849 2602 imperfec‘la
875 2564 1082 2596 contritione.

347 2611 476 2647 Uaessio
499 2611 598 2654 prima
615 2609 661 2644 est
685 2634 696 2650 ‚
717 2608 902 2657 Qomodd
925 2611 1107 2654 imperfefta

354 2662 524 2697 Contritio
536 2661 738 2703 concipiatur
758 2671 797 2693 ex
810 2660 912 2694 servili
938 2672 1106 2704 poenarum

230 2725 343 2753 metu,
366 2724 420 2757 per
440 2712 612 2755 imperium
637 2721 675 2743 ac
695 2711 934 2745 emanationem
950 2735 959 2750 ‚
986 2723 1027 2745 an
1053 2723 1107 2754 per

229 2763 410 2805 voluntatis
428 2761 695 2795 conversionem?
722 2759 810 2794 Inter
829 2760 1106 2795 voluntatisastus

228 2814 264 2849 &
287 2824 394 2848 motus
415 2811 459 2845 est
482 2810 565 2844 varia
590 2809 815 2844 subordinatio
847 2810 881 2844 &
912 2810 1103 2845 caussalitas.

227 2863 325 2900 Alius
345 2876 385 2897 ex
403 2863 469 2897 alio
489 2859 687 2905 quandoque
706 2860 889 2903 concipitur
910 2861 943 2894 ὅ(
966 2862 1104 2895 nascitur

229 2926 285 2958 per
302 2914 467 2958 physicum
480 2912 638 2946 effluxum
649 2934 660 2951 ,
681 2921 846 2954 tamquam
859 2910 943 2944 rivus
962 2911 979 2944 ὲ
991 2912 1101 2953 fonte3

229 2964 428 3008 quandoque
439 2973 493 3005 per
504 2960 663 2995 effluxum
677 2960 846 2994 dumtaxat
858 2961 1101 3001 occasionalem,

225 3024 392 3058 tamquam
404 3012 443 3047 de
455 3012 598 3045 termino
612 3010 630 3043 a
641 3022 708 3054 quo
717 3011 936 3044 conversionis
949 3036 957 3043 .
989 3011 1054 3045 Uti
1066 3012 1098 3043 li.

224 3074 327 3108 gnum
343 3065 375 3096 in
395 3064 504 3109 ignem
518 3087 528 3102 ,
550 3060 790 3105 &ligniforma
803 3060 837 3093 in
858 3061 996 3095 formam
1014 3062 1100 3105 ignis

225 3114 452 3147 transmutatur
471 3137 481 3152 ‚
516 3109 753 3154 adeoquehaec
775 3121 816 3144 ex
840 3110 895 3144 illa
918 3111 1100 3154 concipitur

223 3165 257 3198 &
282 3162 443 3206 procedit;
466 3163 508 3195 ita
519 3172 650 3204 quoque
675 3160 825 3194 voluntas
848 3160 881 3192 in
895 3161 1097 3195 voluntatem

222 3214 357 3249 vertitur
369 3236 380 3252 ,
391 3211 534 3255 adeoque
546 3222 608 3244 una
621 3222 662 3244 eir
674 3211 772 3245 altera
784 3210 973 3252 concipitur
984 3235 994 3251 ‚
1018 3221 1097 3245 tam-

220 3274 321 3311 quam
342 3274 383 3296 ex
404 3262 543 3295 termino
566 3261 658 3296 istius
677 3260 911 3294 conversionis.
941 3259 1038 3294 Etita
1052 3260 1096 3294 di-

216 3326 262 3350 co
283 3312 470 3348 charitatem
486 3321 540 3344 aut
562 3311 808 3345 Contritionem
829 3310 1006 3352 concipi&
1020 3322 1095 3353 pro-

212 3364 329 3401 cedere
348 3373 389 3396 ex
423 3360 527 3393 servili
563 3368 653 3394 metu
685 3371 864 3403 poenarum.
911 3360 1039 3394 Diserte
1061 3361 1093 3394 id

211 3415 314 3451 tradit
337 3413 371 3446 in
396 3410 510 3445 litteris
536 3409 577 3443 ad
600 3409 807 3444 Bonifacium
830 3409 1001 3444 Comitem
1024 3411 1092 3444 san-

1169 2771 1243 2796 tret.
1260 2761 1303 2794 Et
1313 2760 1353 2794 de
1366 2760 1606 2796 Poenitentibus
1618 2763 1777 2796 Ninivitis
1790 2762 1897 2796 scribit
1910 2764 1942 2796 in
1957 2764 2047 2799 libris

1169 2811 1319 2845 adversus
1332 2810 1574 2846 Gaudentium:
1591 2817 1656 2846 Nec
1668 2821 1814 2852 curarent,
1833 2823 1884 2845 nec
1894 2815 2045 2849 crederent

1164 2861 1312 2904 praedic‘la
1324 2863 1461 2903 Divina,
1489 2860 1648 2903 nifiterriti
1661 2866 1748 2905 Regir
1756 2860 1804 2904 sui
1823 2862 1963 2903 potestate
1984 2874 2044 2898 ter-

1166 2924 1237 2945 rena
1249 2937 1256 2944 .
1285 2911 1403 2946 Homo
1415 2923 1505 2946 vetus
1519 2914 1551 2946 in
1565 2923 1693 2955 parente
1706 2912 1837 2946 Adamo
1849 2913 1954 2948 amisit
1968 2938 1980 2955 ‚
2005 2916 2045 2949 fl·

1165 2962 1239 2996 dem
1263 2985 1273 3001 ‚
1301 2962 1387 3005 spem
1411 2986 1421 3001 ‚
1451 2961 1639 2996 charitatem
1662 2986 1669 2993 .
1708 2961 1773 2994 Dei
1795 2961 1881 2997 dona
1904 2964 2040 3008 omnia;

1164 3012 1244 3054 quin
1271 3011 1312 3044 ab
1335 3012 1394 3044 illo
1425 3012 1616 3054 apostatavit
1648 3010 1731 3045 adeo
1753 3010 1852 3056 longe
1870 3035 1881 3050 ‚
1917 3022 1952 3047 ut
1977 3026 2039 3050 nec

1164 3062 1265 3105 ipsum
1279 3061 1424 3095 servilem
1439 3062 1567 3095 Divinae
1577 3060 1706 3103 justitiae
1718 3071 1839 3095 metum
1849 3063 2013 3099 retinuerit
2023 3088 2037 3106 ,

1163 3122 1266 3155 neque
1280 3112 1361 3145 vires
1384 3110 1424 3145 ad
1449 3112 1523 3144 Deo
1547 3111 1600 3144 vel
1621 3111 1776 3145 serviliter
1794 3111 2034 3148 obediendum.

1162 3161 1252 3195 Hinc
1263 3163 1309 3194 uti
1323 3162 1426 3194 excisa
1441 3160 1534 3193 arbor
1545 3184 1555 3200 ,
1583 3161 1627 3193 ita
1638 3161 1784 3194 &excisa
1795 3161 1915 3204 justitia
1928 3188 1939 3204 ‚
1965 3176 2034 3197 non

1160 3211 1266 3245 subito
1280 3235 1291 3251 ,
1318 3210 1368 3244 sed
1381 3210 1539 3254 gradatim
1553 3221 1589 3244 ac
1603 3210 1799 3252 pedetentim
1819 3210 1915 3246 debet
1936 3225 2035 3247 recre-

1161 3262 1287 3294 scerein
1302 3263 1388 3294 suam
1404 3259 1639 3302 plenitudinem
1651 3285 1661 3301 ,
1685 3260 1901 3304 incipiendo&
1923 3262 2033 3304 primis

1159 3311 1348 3344 rudimentis
1359 3334 1369 3349 ,
1394 3311 1443 3342 seu
1457 3310 1474 3342 a
1488 3310 1593 3351 primo
1607 3311 1769 3352 sapientiae
1780 3310 1928 3348 exordio,
1940 3312 2031 3353 quod

1156 3361 1200 3394 est
1225 3359 1490 3401 Divinaejusiitiae
1502 3360 1600 3394 timor
1613 3361 1748 3394 servilis.
1779 3360 1869 3392 Hinc
1884 3361 2033 3395 introdu-

1156 3410 1265 3445 cendae
1276 3409 1479 3452 sapientiae&
1498 3409 1646 3444 charitati
1671 3419 1820 3454 praeparat
1831 3408 1956 3443 locum.
1987 3411 2030 3444 Et

1156 3460 1243 3496 hunc
1263 3459 1376 3494 nostrae
1385 3459 1596 3506 reparationis
1621 3459 1757 3497 modum
1777 3458 1859 3494 adeo
1881 3461 2029 3494 constan-

292 3511 484 3556 abromum·
494 3513 590 3553 Opera
602 3512 744 3546 Toni-XI·
1584 3512 1619 3544 Χ
1936 3519 1983 3545 tet
