2366 3736
513 143 532 159 .
580 102 666 151 De
702 103 919 152 Sacnrs
954 100 1507 154 Pnocesstournust

176 188 297 226 8¹11&ae
320 187 480 226 Romana
492 191 645 228 Ecclefiae
665 191 853 229 cardinalis
872 216 884 234 ,
908 203 945 228 ae
964 195 1061 229 Inno-

182 239 282 280 centii
293 239 349 272 111.
364 240 541 277 Pontificis
553 243 586 277 in
604 243 816 278 Germaniam
835 243 1002 287 Legatus,
1021 244 1062 278 de

153 288 155 291 ’
182 298 253 332 quo
273 288 430 325 Caesarius
453 291 736 327 Hestetbacensis:
762 294 860 327 Gurdo
880 294 1062 327 cardinalis

181 336 246 370 nim
256 339 353 382 miffus
363 339 459 384 fuiffet
469 344 625 375 Coloniam
639 365 650 382 ,
676 340 784 376 bonam
799 345 860 377 illic
877 341 1064 385 consuetudi-

183 388 383 429 nemtnstituit
396 402 403 423 :
431 393 579 434 Praeeeptt
592 397 672 425 enlm
681 400 714 425 ut
727 395 771 426 ad
781 394 978 426 elevationem
998 400 1066 428 Ho-

177 435 249 481 fliae
259 445 354 473 omnis
367 442 497 483 Populus
507 446 540 474 in
552 440 680 483 Ecclefia
702 444 746 476 ad
764 441 896 485 sonitum
922 444 995 476 nolae
1018 454 1067 476 ve-

185 493 269 520 niam
285 497 399 531 peteret
410 513 421 530 ‚
439 488 536 533 fitque
546 493 590 526 ad
600 492 710 525 Calicis
738 490 977 526 Benedit‘t'ionem
999 500 1068 534 pro-

182 535 293 578 stratus
299 541 410 581 jaceret
421 564 428 571 .
458 540 577 575 Petens
591 541 719 575 veniam
731 541 772 576 de
786 541 949 584 praeteritis
964 566 974 581 ,
984 541 1017 576 &
1030 542 1069 576 de
1115 543 1118 555 “

184 587 303 622 futuris
319 588 479 631 spondens
491 591 572 626 redte
597 591 707 625 vivere
720 616 728 624 .
754 590 856 635 quue
874 602 928 635 per
952 592 1070 626 Domi-

186 646 269 671 num
282 638 428 673 nostrum
440 640 547 683 Jesum
560 666 571 682 ,
597 640 689 684 cujus
700 640 774 675 istic
795 650 1072 676 commemoratur

187 745 232 770 me
242 735 438 779 nibilpotestis
446 739 548 780 facere
562 765 569 773 .

238 785 295 820 Ab
308 787 368 822 illo
380 789 482 833 igitur
494 789 624 834 optimo
638 789 798 825 Guidone
809 791 898 824 venit
910 813 920 829 ,
932 790 1022 832 quod
1034 791 1075 823 fl-

188 834 272 872 &lis
284 838 425 882 populus
441 840 543 874 etiam
555 838 653 875 hodie
666 841 705 874 ad
721 839 898 874 Dominici
919 839 1076 884 Corporis

189 887 226 922 ἃ
236 888 413 932 Sanguinis
423 890 457 923 in
471 890 763 924 Missaeelevatione
777 889 941 933 profunde
954 890 1078 924 incum-

192 935 248 972 bat
258 948 296 972 ac
308 937 449 973 inclinet
460 963 473 980 ,
499 940 608 983 pestus
634 938 817 981 percutiens
831 964 841 980 ,
866 939 1016 983 adeoque
1045 940 1077 973 ἀ

193 996 309 1033 petens
334 987 480 1022 veniam.
508 988 673 1022 Percussio
695 988 752 1022 ista
765 990 811 1023 est
833 988 1053 1033 antiquissima
1068 1002 1079 1022 .-

193 1035 249 1071 Ex
273 1037 452 1082 Synagoga
475 1037 679 1082 migravitin
703 1038 880 1073 Ecclesiam
903 1063 911 1071 .
936 1039 1027 1073 Nam
1048 1038 1081 1073 &

193 1086 332 1124 humilis
343 1087 417 1127 ille,
444 1098 482 1121 ac
498 1090 660 1131 poenitens
671 1112 682 1128 ,
694 1099 792 1131 quem
806 1088 902 1123 nobis
917 1088 948 1122 in
974 1098 1082 1123 exem·

194 1137 286 1181 plum
299 1136 470 1171 Dominus
481 1137 555 1172 fixit
568 1162 579 1179 ,
593 1137 794 1172 Publicanus
806 1137 1008 1182 percutiebat
1031 1149 1083 1182 pe·

195 1187 269 1222 &us
284 1187 405 1225 suum,
430 1197 533 1230 caput
544 1189 645 1231 usque
656 1188 696 1222 ad
710 1198 828 1222 terram
842 1189 1037 1232 deprimens,
1047 1198 1083 1222 ac

196 1234 386 1271 humillime
397 1236 528 1272 dicens:
555 1238 647 1272 Deus
670 1239 829 1282 propitius
839 1238 908 1273 eslo
920 1238 1005 1273 mihi
1017 1249 1084 1282 pec-

198 1295 302 1323 catori
313 1310 321 1319 .

250 1336 400 1382 Exponit
413 1336 447 1369 in
472 1336 581 1381 primo
601 1337 689 1381 apud
710 1336 825 1372 Photii
848 1336 1085 1372 bibliothecam

200 1397 319 1429 contra
342 1387 610 1421 Novatianenses
623 1388 707 1421 libro
718 1390 749 1422 S.
765 1388 927 1432 Eulogius
950 1387 1087 1422 Patriar-

201 1437 265 1471 cha
280 1436 532 1472 Alexandrinus
547 1449 554 1469 :
584 1437 763 1470 Publicanus
777 1439 840 1471 ideb
848 1438 978 1479 percuffit
989 1463 999 1478 ‚
1009 1443 1089 1479 quia,

203 1486 284 1532 idest
294 1488 506 1529 receptaculum
524 1496 731 1529 peccatorum.
764 1491 816 1521 Ex
839 1489 924 1520 corde
943 1492 1024 1520 enim
1041 1498 1088 1520 ve-

202 1543 290 1570 niunt
309 1542 494 1580 cogitationes
504 1538 593 1569 malae
610 1562 621 1577 ,
645 1538 702 1570 (σε.
728 1539 812 1571 Unde
835 1542 963 1578 percutit
968 1537 1088 1578 fontem

204 1587 347 1621 malorum
360 1609 370 1625 ,
394 1585 569 1629 conscientia
581 1587 680 1620 vibius
695 1611 706 1627 ‚
730 1596 765 1619 ut
773 1587 885 1627 fluenta
905 1594 1091 1629 peccatorum

200 1635 344 1677 exficcet.
372 1635 460 1670 Istud
475 1637 580 1680 ipsum
591 1647 707 1671 omnes
720 1637 765 1680 pii
779 1637 906 1671 faciunt
925 1659 936 1675 ‚
946 1636 1025 1669 dum
1038 1636 1089 1668 Sa-

205 1687 320 1722 cerdos
329 1697 405 1721 curn
416 1687 559 1730 exposita
577 1685 785 1719 Eucharistia
809 1685 866 1718 dat
891 1682 1091 1719 benedictio-

206 1747 284 1770 nem
295 1761 303 1768 .

255 1783 415 1828 Corporis
425 1783 642 1818 reverentiam
656 1782 799 1825 ettponit
813 1782 902 1815 idem
917 1780 1073 1814 Caesarius
1083 1803 1094 1820 ,

206 1832 380 1870 addensde
392 1833 509 1866 eodem
523 1830 717 1865 Venerabili
729 1829 908 1864 Guidone:
938 1829 1093 1873 Praecepit

209 1882 407 1919 etiamidem
421 1879 626 1920 Cardinalis,
648 1889 684 1914 ut
695 1881 825 1925 quoties
848 1881 1095 1914 Sacramentum

210 1931 424 1968 deferendum
443 1932 519 1966 esset
540 1930 579 1964 ad
602 1930 773 1964 infirmum
787 1955 798 1971 ‚
825 1928 1015 1964 scholarius
1035 1929 1097 1963 five

211 1984 451 2027 Campanarius
467 1981 676 2017 Sacerdotem
690 1979 869 2024 praecedens
881 2003 891 2020 ,
918 1990 973 2023 per
985 1980 1097 2014 nolam

212 2033 297 2068 illud
325 2032 471 2076 proderet
485 2054 497 2072 ,
522 2031 629 2074 sicque
654 2031 763 2064 omnis
786 2029 944 2074 populus,
975 2039 1042 2064 tarn
1064 2030 1097 2063 in

213 2082 318 2118 stratis
330 2106 340 2122 ,
367 2082 463 2123 quam
477 2082 510 2115 in
522 2079 674 2115 domibus
687 2080 854 2114 Christum
868 2079 1024 2113 adoraret.
1037 2080 1099 2113 Re-

213 2134 291 2168 tulit
302 2132 346 2166 eis
358 2131 473 2165 eodem
487 2140 630 2173 tempore
642 2131 748 2164 casum
764 2131 839 2164 satis
851 2129 1096 2163 miraculosum:

213 2182 315 2216 Miles
326 2183 459 2226 quidam
474 2182 507 2214 in
521 2180 749 2214 Francumfurt
764 2190 862 2213 tantae
883 2178 1074 2213 devotionis

214 2243 250 2267 ut
262 2232 532 2277 quotiescumque
545 2228 668 2264 Christi
682 2228 811 2273 Corpus
823 2229 943 2263 elevari
958 2252 970 2269 ,
996 2227 1103 2268 aede-

216 2283 292 2318 ferri
309 2280 434 2316 videret
446 2305 457 2322 ‚
469 2279 644 2323 prostratus
658 2279 739 2313 illud
751 2278 914 2313 adoraret.
945 2278 1103 2323 Contigit

215 2342 252 2366 ut
271 2331 325 2365 die
336 2329 475 2374 quadam
489 2354 501 2370 ,
528 2329 669 2363 vestibus
693 2330 756 2363 suis
781 2330 926 2373 pretiofis
949 2328 1083 2362 indutus
1093 2352 1104 2368 ‚

215 2383 355 2416 intraret
367 2379 548 2414 Civitatem
560 2390 569 2420 ;
582 2389 722 2422 cumque
737 2379 842 2423 platea
857 2379 889 2411 in
905 2389 968 2421 qua
981 2379 1104 2419 equita-

216 2431 274 2466 bat
289 2454 299 2470 ,
314 2429 414 2462 nimis
424 2430 500 2462 effet
512 2428 636 2468 lutosa,
663 2440 704 2465 ex
717 2429 892 2472 improviso
903 2427 1037 2462 obvium
1052 2425 1106 2461 ha-

215 2479 289 2515 buit
297 2478 426 2522 Corpus
435 2478 576 2512 Domini
592 2503 600 2511 .
625 2478 709 2525 Qo
721 2479 812 2519 viso,
839 2477 1009 2512 modicum
1022 2478 1105 2510 intra

218 2532 252 2565 se
263 2527 416 2564 dubitans
429 2551 441 2569 ,
465 2527 532 2561 ait:
559 2527 652 2573 Qid
664 2529 764 2562 facies
775 2528 901 2561 modo?
927 2528 960 2561 Si
971 2528 1105 2561 intanta

219 2579 448 2626 profunditate
470 2588 503 2611 te
522 2577 752 2620 prostraveris,
778 2575 904 2620 perdita
918 2575 991 2609 sunt
1013 2576 1105 2609 vesti-

218 2639 331 2664 menta
342 2638 398 2662 tua
412 2628 478 2661 haec
489 2626 626 2661 delicata
644 2638 653 2669 ¹,
678 2625 701 2659 fi
711 2626 791 2660 vero
806 2637 873 2660 non
883 2623 1084 2660 descenderis
1099 2648 1108 2664 ,

220 2678 437 2714 saluberrimae
449 2675 696 2711 consuetudinis
705 2677 967 2721 transgressorem
981 2686 1013 2709 te
1028 2677 1106 2708 sem-

219 2740 276 2774 per
285 2728 449 2763 accusabit
461 2726 660 2761 conscientia
675 2750 681 2757 .
710 2726 805 2773 Qid
818 2725 909 2769 plura
921 2726 939 2757 ἓ
959 2724 1107 2758 Ptaevale-

221 2782 332 2814 scente
353 2777 532 2812 devotione
552 2776 593 2810 de
613 2787 701 2820 equo
724 2775 889 2820 prosiliens
911 2774 1063 2809 inlutum
1077 2776 1109 2808 se

220 2830 307 2865 misit
318 2852 329 2869 ,
356 2829 392 2862 in
414 2837 482 2872 quo
507 2827 599 2861 flexis
618 2826 757 2871 genibus
769 2850 780 2865 ,
807 2825 939 2860 elevatis
959 2824 1110 2859 manibus

222 2879 354 2922 Corpus
376 2878 519 2911 Domini
540 2876 688 2911 adoravit
714 2901 721 2908 .
748 2877 792 2910 Et
813 2875 890 2919 quia
910 2874 1109 2910 dulciffimus

222 2929 394 2964 Dominus
405 2926 604 2962 honorantes
617 2927 647 2959 se
658 2951 668 2965 ,
696 2937 765 2960 non
780 2925 885 2960 solum
897 2924 931 2959 in
944 2926 1054 2959 futuro
1065 2935 1110 2958 re·

224 2987 375 3014 munerat
386 3001 398 3018 ‚
423 2977 528 3011 immo
539 2977 638 3010 etiam
652 2975 684 3009 in
701 2976 847 3019 praesenti
860 2985 1109 3018 nonnunquam

225 3027 401 3063 rehonorat
413 3051 424 3067 ,
437 3026 500 3061 hoc
511 3027 579 3071 egit
592 3026 645 3059 sua
656 3027 802 3069 potentia
816 3035 851 3058 ut
863 3026 964 3060 totius
975 3025 1035 3058 luti
1052 3035 1110 3058 nec

225 3089 292 3111 una
305 3076 438 3121 quidem
461 3076 589 3122 guttula
610 3076 807 3110 vestimentis
831 3075 897 3118 ejus
917 3072 1106 3109 adhaereret.

222 3126 329 3162 Tunc
343 3136 462 3168 equum
477 3127 581 3160 multa
592 3136 669 3159 cum
681 3125 899 3159 admiratione
911 3124 1087 3158 reascendit
1101 3149 1111 3165 ,

223 3177 257 3212 &
268 3173 407 3219 amplius
420 3176 454 3210 in
464 3177 528 3211 fide
535 3178 743 3214 confortatus
757 3176 943 3209 Dominum
955 3173 1112 3220 glorifica·

223 3227 274 3261 vit
286 3250 294 3258 .
321 3225 436 3259 Simile
445 3226 589 3270 contigit
611 3226 742 3262 cuidam
767 3222 940 3269 Religiosae
976 3225 1112 3258 faeminae

224 3277 260 3312 in
282 3274 454 3309 Provincia
479 3275 614 3310 nostra.
641 3276 723 3310 Haee
743 3276 818 3310 sunt
840 3274 936 3309 verba
961 3274 1112 3309 Caesarii.

224 3325 281 3371 Ag
284 3336 342 3358 unt
352 3324 392 3358 de
402 3324 603 3360 Germania.

260 3337 422 3410 gSecunda
446 3373 486 3408 ad
510 3374 673 3417 publicam
695 3374 933 3419 expositionem
965 3373 1113 3416 requisita

224 3424 377 3465 conditio
386 3424 430 3458 est
442 3423 570 3461 debitus
581 3435 714 3459 ornatus
725 3425 847 3461 Altaris
858 3448 870 3467 ,
882 3436 919 3461 ao
931 3424 1033 3460 totius
1052 3422 1110 3459 Ec—

327 3472 521 3518 chriss.Lupt
530 3477 629 3517 Opera
638 3476 779 3509 Tom.X1.

1869 126 1889 171 3
1900 119 1934 158 ὅ
1942 122 1969 171 3‘

1124 195 1223 229 clesiae
1233 220 1241 228 .
1269 195 1404 232 Etenim
1428 198 1468 232 de
1480 197 1590 232 sancio
1614 194 1788 233 Ludovico
1809 198 2025 237 Francorum-

1125 245 1220 289 Rege
1233 269 1245 286 ,
1269 246 1308 280 ad
1319 248 1444 281 sacrum
1459 247 1589 282 Bellum
1603 249 1746 291 profesto
1757 271 1767 287 ,
1794 248 1902 283 scribit
1913 251 2008 284 Gau-

1127 294 1232 329 fredus
1244 296 1262 329 ὲ
1274 295 1446 331 Belloloco
1460 311 1467 330 :
1494 301 1563 331 Rex
1579 309 1687 331 navem
1700 295 1895 342 adscensurus
1909 311 1947 332 ex
1960 301 2009 332 de·

1128 344 1309 387 votionefua
1315 345 1467 388 fecttponi
1477 353 1510 380 in
1541 354 1616 381 navi
1640 352 1752 389 Corpus
1774 350 1898 380 Domini
1921 348 2012 386 nostrl

1129 392 1331 438 Jesu·Cbristi
1339 403 1394 437 pro
1416 398 1670 430 communicandis
1697 397 1823 439 infirmis
1836 422 1846 438 ,
1872 399 1969 439 &pro
1979 396 2017 438 so

1131 441 1213 487 ipfh,
1239 446 1272 477 (τ’
1282 453 1336 485 pro
1343 444 1407 488 suis
1417 471 1427 487 ,
1447 445 1627 488 quandofibi
1651 449 1814 488 expediens
1837 449 1992 480 videretur
2003 469 2013 478 .

1134 497 1180 527 Et
1191 498 1263 536 quia
1276 494 1338 526 alit.
1347 498 1502 539 Peregrini
1514 522 1525 537 ‚
1553 506 1820 538 quantumcumque
1831 501 1930 540 magni
1942 520 1951 536 ,
1964 495 2016 528 bec

1126 543 1230 586 facere
1241 555 1298 576 non
1306 542 1442 586 solebaat
1455 569 1465 584 ‚
1490 545 1616 578 obtinuit
1623 544 1716 588 super
1728 545 1777 579 boc
1791 549 1809 578 ἃ
1822 550 1945 589 Domino
1960 549 2016 578 Le·

1117 595 1119 614 ³
1128 603 1201 638 gato
1212 595 1312 627 odone
1323 591 1486 636 Tusculano
1499 594 1645 638 Episcopo
1667 596 1820 628 licentiam
1837 595 1996 638 specialem
2008 618 2017 627 .

186 684 295 726 Paffio
344 690 400 731 qui
414 689 484 724 istic
496 692 542 724 est
554 692 688 735 praesens
739 691 771 725 ἀ
786 691 842 734 qui
854 690 941 726 ‘ij‘
1004 693 1074 725 sim
1117 648 1122 708 Ἰ
1135 646 1217 677 Hunc
1227 653 1327 676 autem
1337 643 1647 687 Sacrumeeserurum
1660 650 1690 676 in
1703 647 1760 679 loco
1773 652 1866 679 navis
1894 644 2019 689 digniffl-

308 711 319 727 s
700 714 711 730 ,
879 705 889 724 1
965 704 976 726 .·

1120 706 1184 726 mo
1192 718 1202 734 ,
1229 695 1262 728 Θ
1273 693 1617 735 conveniemiffimofecit
1623 700 1718 735 poni,
1742 695 1775 727 Θ
1785 694 1945 737 pretiosum
1957 698 2020 726 Ta-

1120 739 1324 777 'bernaculum
1335 742 1375 776 ibi
1388 748 1462 789 erigi
1476 767 1487 783 ,
1510 742 1677 786 pannisque
1680 741 1783 786 sericis
1798 745 1831 777 o·
1844 750 1943 777 aureis
1957 751 2022 785 ope-

1121 783 1212 826 riri.
1240 796 1323 826 Fecit
1335 791 1454 836 insuper
1466 793 1574 826 ibidem
1588 794 1690 826 Altare
1705 792 1855 833 collocari,
1876 795 1909 827 o·
1923 794 2023 826 decen·-

1138 850 1184 876 ιον
1194 848 1294 875 ornari
1303 866 1313 882 ,
1341 843 1391 876 ubi
1401 844 1533 885 quotidie
1548 846 1695 876 Divinum
1709 842 1842 884 Officium
1852 841 2022 885 solemniter

1139 891 1282 926 audiebat
1291 917 1299 924 .
1328 893 1472 926 Videlicet
1481 904 1578 927 omnes
1590 892 1679 926 boras
1694 896 1867 926 Canonicas
1882 917 1891 932 ‚
1904 893 1938 926 ὑ
1944 900 2026 933 prae-

1141 952 1186 976 ter
1198 946 1349 975 canonem
1359 964 1370 981 ,
1394 954 1461 985 quae
1468 941 1665 984 pertinebant
1678 943 1722 975 ad
1733 942 1848 985 Miffam
1860 968 1870 984 ‚
1886 942 2028 974 sacerdo-

1141 1001 1169 1024 te
1178 1016 1187 1032 ,
1218 990 1361 1031 Ministris
1395 994 1497 1033 Sacris
1530 992 1663 1033 Vestibus
1688 993 1806 1025 indutis
1827 1017 1839 1034 ‚
1866 990 2030 1034 secundum

1142 1043 1222 1084 quod
1244 1041 1420 1085 congruebat
1431 1065 1440 1081 ,
1466 1043 1527 1075 dici
1541 1067 1549 1075 .

1194 1091 1358 1126 Discimus
1383 1091 1460 1126 hinc
1484 1091 1571 1125 varia
1582 1116 1589 1123 .
1614 1089 1727 1125 Primo
1740 1089 1829 1134 quod
1854 1089 1946 1124 vialis
1966 1088 2034 1122 Eu·

1144 1140 1310 1182 charistia,
1337 1143 1387 1175 seu
1403 1141 1496 1185 ipsius
1509 1153 1564 1185 per
1575 1141 1635 1176 iter
1646 1140 1851 1175 conferendae
1873 1141 1892 1174 a
1918 1138 2029 1174 Laicis

1145 1202 1215 1225 mos
1226 1201 1306 1225 tunc
1317 1191 1411 1235 plene
1423 1191 1560 1226 defiiffet
1571 1215 1579 1223 .
1607 1191 1701 1225 Hinc
1711 1185 1802 1224 enini
1827 1191 1857 1224 S.
1887 1188 2036 1224 Ludovi-

1146 1253 1201 1276 cut
1216 1241 1249 1275 id
1260 1240 1336 1275 fecit
1345 1250 1453 1284 praeter
1464 1241 1603 1275 aliorum
1616 1240 1804 1284 Principum
1817 1250 1942 1274 morem
1957 1251 1965 1271 ι
1990 1237 2036 1273 Et

1149 1303 1215 1325 nou
1230 1291 1286 1325 nifi
1299 1290 1343 1325 do
1354 1291 1506 1336 singulari
1518 1292 1611 1326 venia
1629 1289 1814 1334 Apostolici
1829 1289 1944 1333 Legati
1959 1312 1966 1319 .
1983 1288 2036 1321 Se-

1148 1339 1260 1376 cundo
1270 1365 1281 1381 ,
1307 1340 1398 1385 quod
1411 1350 1487 1375 aute
1501 1341 1599 1384 ipsam
1612 1341 1641 1374 S.
1654 1339 1846 1374 Ludovicus
1858 1350 1926 1372 non
1954 1337 2039 1371 solas

1150 1391 1339 1425 Canonicas
1351 1390 1448 1426 horas
1457 1390 1612 1434 quotidie
1624 1390 1792 1424 decantari
1814 1389 1937 1432 jusserit
1950 1411 1960 1427 ‚
1987 1385 2040 1420 sed

1152 1442 1280 1483 insuper
1300 1440 1434 1475 Missam
1457 1440 1583 1476 Siccam
1607 1440 1759 1474 celebrari
1771 1463 1778 1471 .
1806 1439 1908 1485 Qod
1923 1435 2043 1479 nempe

1152 1491 1278 1533 integra
1288 1490 1387 1524 Missa
1402 1493 1540 1534 nequeat
1552 1488 1706 1524 celebrari
1720 1489 1754 1523 in
1767 1489 1903 1523 navibus
1917 1512 1924 1519 .
1951 1487 2045 1520 Alio-

1135 1540 1251 1605 'quin‘
1250 1539 1379 1581 juffiffet
1402 1539 1556 1573 celebrari
1582 1539 1776 1583 integram.
1810 1538 1901 1584 Qia
1924 1534 2042 1578 nempe

1137 1611 1141 1654 ἱ
1153 1600 1232 1623 tunc
1243 1587 1289 1622 ita
1301 1587 1399 1623 fiebat
1411 1598 1465 1630 per
1480 1586 1709 1626 Gallicanam,
1731 1585 1834 1619 immo
1845 1598 1899 1629 per
1910 1593 2048 1620 omnem

1156 1638 1356 1671 Ecclesiam.
1382 1635 1487 1670 Porro
1498 1635 1614 1669 Minas
1627 1635 1753 1669 Siccas
1744 1646 1810 1678 Jam
1822 1636 1947 1678 pridem
1973 1634 2049 1669 abo-

1138 1675 1230 1720 ¹levit
1243 1685 1406 1720 Ecclefia.
1433 1685 1555 1718 Tertio
1567 1684 1764 1717 addiscimus
1779 1684 1914 1724 Altare,
1941 1682 2049 1717 immo

1156 1738 1188 1768 &
1204 1746 1362 1773 omnem,
1389 1734 1424 1766 iu
1446 1733 1565 1777 quibus
1586 1732 1821 1775 exponendum
1845 1743 1912 1767 erat
1933 1734 2047 1768 sacro-

1158 1785 1298 1818 sancitum
1322 1783 1531 1826 Mysterium,
1546 1782 1724 1816 Ecclesiam
1747 1784 1946 1818 consuevisse
1964 1782 2048 1817 olim

1157 1834 1288 1871 ornari,
1314 1834 1346 1867 &
1359 1834 1543 1867 etiamnum
1556 1831 1656 1866 hodie
1678 1832 1742 1866 esse
1762 1832 1925 1867 ornanda.
1951 1832 2047 1867 Hinc

1160 1883 1247 1918 enim
1259 1883 1288 1917 S.
1303 1881 1589 1917 Ludovicusistud
1601 1883 1708 1926 ipsum
1723 1884 1755 1915 in
1770 1883 1843 1916 navi
1858 1882 1943 1925 juffit
1965 1882 2049 1917 fieri.

1163 1935 1207 1968 Et
1218 1932 1294 1968 sane
1306 1931 1516 1979 S.Remigius
1527 1958 1538 1973 ,
1563 1932 1642 1966 dum
1656 1931 1874 1966 Clodovaeum
1887 1932 2050 1977 baptizari

1160 1981 1306 2026 oportuit
1317 2007 1328 2023 ,
1341 1983 1571 2027 Baptisterium
1583 1983 1616 2019 &
1628 1993 1765 2016 omnem
1775 1983 1944 2016 Basilicam
1966 1981 2053 2016 adeo

1161 2033 1291 2067 ornavit
1302 2057 1313 2073 ,
1325 2042 1362 2066 ut
1374 2033 1538 2067 admirans
1553 2033 1627 2066 Rex
1643 2031 1793 2067 barbarus
1804 2044 1976 2077 quaereret:
1992 2032 2053 2066 Aa

1165 2081 1249 2118 istud
1262 2084 1338 2117 esset
1348 2082 1477 2117 coeleste
1490 2083 1644 2127 Regnum
1657 2107 1667 2123 ‚
1696 2083 1785 2125 quod
1797 2083 1852 2126 ipsi
1868 2082 2052 2126 Episcopus

1162 2134 1196 2166 iu
1219 2131 1430 2167 Catechismo
1454 2133 1642 2176 promiserat
1664 2155 1673 2164 .
1711 2132 1754 2165 Et
1777 2132 1873 2167 istum
1897 2142 2052 2167 ornatum

1162 2193 1276 2216 omnes
1299 2182 1486 2217 laudamus.
1515 2183 1558 2216 Et
1570 2181 1711 2215 merito.
1741 2183 1834 2227 Qid
1861 2182 1960 2226 igitur
1981 2192 2051 2216 non

1166 2232 1353 2267 faciendum
1367 2234 1410 2267 est
1428 2244 1484 2276 pro
1498 2231 1590 2277 Rege
1603 2231 1736 2277 Regum
1759 2232 1912 2268 Domino
1937 2231 2051 2266 nostro

1166 2282 1414 2326 Iesu-Christo?

1216 2333 1370 2366 Tertiam
1391 2332 1546 2376 legitimae
1579 2329 1791 2374 expositionis
1822 2330 2052 2366 conditionem

1168 2382 1340 2427 praescribit
1353 2383 1386 2415 in
1398 2381 1451 2415 sua
1466 2383 1566 2424 prima
1579 2379 1779 2413 Provinciali
1792 2380 1932 2423 Synodo
1944 2380 2055 2416 Vene·

1168 2431 1278 2465 rabilis
1292 2430 1479 2464 Thoribius
1491 2429 1650 2463 Alfonsus
1672 2430 1913 2473 Mongrovejus
1935 2429 2054 2469 Archi-

1172 2481 1347 2524 Episcopus
1360 2478 1531 2513 Limensts:
1560 2476 1786 2519 Gloriosiffimum
1797 2479 1991 2520 Eucharistiae
2002 2482 2056 2513 Sa·

1167 2539 1352 2563 crumentum
1365 2553 1375 2569 ‚
1400 2538 1462 2561 tum
1474 2534 1507 2561 tn
1518 2530 1567 2561 die
1579 2531 1681 2561 Coenae
1694 2532 1836 2570 Domini,
1864 2538 1928 2564 tum
1939 2537 1972 2563 tn
1995 2535 2053 2564 Fe-

1167 2579 1207 2622 sto
1221 2581 1254 2614 Θ
1265 2580 1384 2613 θὲἶαυα
1397 2582 1533 2620 Corporis
1547 2576 1656 2616 Christi
1669 2603 1679 2619 ,
1688 2589 1722 2611 ac
1735 2585 1848 2621 quoties
1860 2582 1968 2622 populo
1982 2582 2052 2613 ade·

1168 2631 1298 2663 randum
1317 2635 1474 2671 exponitur
1490 2653 1500 2669 ,
1526 2629 1546 2659 ἃ
1560 2628 1703 2668 Ministrls
1726 2628 1931 2670 Ecclest‘asticis
1944 2654 1956 2670 ,
1984 2641 2052 2664 cum

1170 2685 1248 2712 omni
1275 2679 1428 2713 devotione
1453 2677 1641 2719 afflstentlbus
1667 2675 1832 2720 adsocietur
1843 2704 1850 2710 .
1878 2683 1936 2711 Cui
1961 2680 2051 2721 officio

1174 2730 1323 2763 Praelatus
1346 2739 1384 2762 ex
1406 2728 1637 2770 Capitularibus
1651 2729 1685 2761 Θ
1697 2729 1805 2769 reliquo
1825 2728 1908 2760 clero
1929 2729 2054 2770 deputet

1167 2786 1221 2820 per
1234 2784 1313 2812 vices
1321 2777 1397 2821 suas
1414 2803 1424 2819 ,
1450 2789 1521 2821 quos
1539 2777 1596 2821 tps
1598 2778 1759 2820 placuerit
1787 2777 1948 2812 Eamdem
1970 2789 2053 2813 con-

1171 2829 1335 2863 ditionem
1348 2829 1499 2873 supponit
1510 2839 1547 2862 ac
1560 2826 1689 2861 laudat
1680 2838 1714 2860 m
1726 2826 1831 2874 prima
1846 2828 1900 2862 sua
1911 2828 2052 2873 Synodo

1174 2879 1297 2912 sanstus
1318 2878 1457 2912 Carolus
1469 2878 1692 2916 Borromaeus,
1720 2875 1778 2910 sub
1792 2877 1892 2912 titulo
1903 2879 1945 2912 de
1966 2881 2054 2922 spec-

1171 2929 1318 2963 tantibus
1328 2928 1369 2963 ad
1383 2929 1629 2963 Sacramentum
1652 2925 1879 2967 Eucharistiae,
1907 2929 2053 2963 sanciens

1172 2979 1212 3012 de
1224 2979 1386 3014 Oratione
1401 2977 1615 3021 quadraginta
1628 2974 1778 3010 horarum
1787 2999 1798 3015 ‚
1823 2988 1858 3011 ut
1871 2979 2055 3013 Sacramen-

1172 3039 1243 3063 tum
1265 3029 1300 3063 in
1323 3028 1428 3062 Altari
1451 3026 1601 3061 decenter
1623 3036 1742 3060 ornato
1752 3027 1959 3069 collocetur,
1984 3039 2052 3072 quo

1173 3089 1317 3123 tempore
1333 3077 1384 3112 vel
1410 3077 1547 3111 Litaniae
1566 3085 1760 3116 cantentur,
1788 3078 1837 3111 vel
1856 3078 1877 3111 si
1895 3078 2053 3121 temporis

1174 3129 1255 3163 ratio
1268 3128 1407 3173 patiatur
1418 3151 1429 3167 ‚
1457 3126 1561 3160 Miffae
1583 3125 1802 3160 celebrentur.
1831 3126 1967 3161 Nemini
1994 3137 2051 3161 au-

1173 3189 1238 3213 tem
1248 3178 1289 3213 eo
1300 3202 1310 3218 ,
1323 3186 1431 3220 praeter
1442 3186 1570 3210 orantes
1582 3175 1730 3210 custodes
1742 3200 1754 3215 ,
1780 3178 1939 3210 orationis
1962 3176 2053 3211 caus-

1174 3229 1204 3262 sa
1216 3254 1226 3269 ,
1251 3229 1344 3262 nosiu
1355 3226 1532 3260 convenire
1545 3225 1659 3260 liceat.
1690 3227 1752 3260 San
1760 3226 1807 3259 xit
1821 3227 1932 3260 Altare
1957 3225 2056 3264 debes

1174 3290 1206 3312 re
1219 3280 1280 3312 esse
1292 3277 1441 3310 decenter
1454 3285 1625 3310 ornatum.
1656 3276 1697 3310 Et
1710 3276 1945 3310 Sanfflffirnum
1959 3287 2053 3311 num-

1174 3340 1269 3372 quam
1283 3329 1343 3360 esse
1359 3327 1462 3359 solum
1473 3351 1483 3366 ,
1496 3326 1547 3359 sed
1562 3327 1683 3368 semper
1696 3325 1725 3359 ei
1740 3326 1857 3365 adesse,
1868 3335 2052 3367 cantanteS‚

1175 3378 1391 3415 celebrantes,
1421 3385 1475 3410 aut
1487 3376 1597 3410 saltem
1610 3385 1735 3409 orantes
1745 3375 1844 3409 etiam
1869 3375 1910 3410 de
1933 3376 2048 3411 nocte.

1179 3429 1270 3464 Hinc
1285 3424 1341 3461 sub
1352 3425 1467 3462 eodem
1489 3425 1589 3461 titulo
1607 3424 1757 3469 adjungit
1777 3436 1889 3469 quarta
1911 3424 2055 3467 ejusdem

1519 3476 1557 3509 H
1583 3474 1605 3508 h
1654 3486 1678 3512 2
1910 3472 2022 3521 Pastog
