<?xml version="1.0" encoding="UTF-8"?>
<!DOCTYPE html PUBLIC "-//W3C//DTD XHTML 1.0 Transitional//EN"
    "http://www.w3.org/TR/xhtml1/DTD/xhtml1-transitional.dtd">
<html xmlns="http://www.w3.org/1999/xhtml" xml:lang="en" lang="en">
 <head>
  <title>
</title>
<meta http-equiv="Content-Type" content="text/html;charset=utf-8" />
  <meta name='ocr-system' content='tesseract 3.04.00' />
  <meta name='ocr-capabilities' content='ocr_page ocr_carea ocr_par ocr_line ocrx_word'/>
</head>
<body>
  <div class='ocr_page' id='page_1' title='image "./operaomniastudio11lupuuoft/operaomniastudio11lupuuoft_0030.png"; bbox 0 0 2366 3736; ppageno 0'>
   <div class='ocr_carea' id='block_1_1' title="bbox 377 184 1501 237">
    <p class='ocr_par' dir='ltr' id='par_1_1' title="bbox 377 184 1501 237">
     <span class='ocr_line' id='line_1_1' title="bbox 377 184 1501 237; baseline -0.007 -2"><span class='ocrx_word' id='word_1_1' title='bbox 377 198 439 237; x_wconf 87' lang='lat'>16</span> <span class='ocrx_word' id='word_1_2' title='bbox 853 184 1501 233; x_wconf 56' lang='lat' dir='ltr'>«D1ssunrnr1o</span> 
     </span>
    </p>
   </div>
   <div class='ocr_carea' id='block_1_2' title="bbox 325 260 1236 463">
    <p class='ocr_par' dir='ltr' id='par_1_2' title="bbox 325 260 1236 463">
     <span class='ocr_line' id='line_1_2' title="bbox 326 260 1236 336; baseline -0.004 -33"><span class='ocrx_word' id='word_1_3' title='bbox 326 269 419 306; x_wconf 75' lang='lat' dir='ltr'>audeo</span> <span class='ocrx_word' id='word_1_4' title='bbox 429 271 621 304; x_wconf 84' lang='lat' dir='ltr'>condemnare</span> <span class='ocrx_word' id='word_1_5' title='bbox 635 293 641 301; x_wconf 89' lang='lat'><strong>.</strong></span> <span class='ocrx_word' id='word_1_6' title='bbox 657 260 809 302; x_wconf 75' lang='lat' dir='ltr'>Omnino</span> <span class='ocrx_word' id='word_1_7' title='bbox 821 265 948 311; x_wconf 82' lang='lat' dir='ltr'>respicit</span> <span class='ocrx_word' id='word_1_8' title='bbox 965 267 1159 306; x_wconf 79' lang='lat' dir='ltr'>sententiam</span> <span class='ocrx_word' id='word_1_9' title='bbox 1178 277 1215 300; x_wconf 86' lang='lat' dir='ltr'>ac</span> <span class='ocrx_word' id='word_1_10' title='bbox 1227 273 1236 336; x_wconf 69' lang='grc' dir='ltr'>Ι</span> 
     </span>
     <span class='ocr_line' id='line_1_3' title="bbox 326 315 1235 378; baseline 0 -24"><span class='ocrx_word' id='word_1_11' title='bbox 326 319 535 364; x_wconf 87' lang='lat' dir='ltr'>disciplinam</span> <span class='ocrx_word' id='word_1_12' title='bbox 557 315 732 354; x_wconf 79' lang='lat' dir='ltr'>orientalis</span> <span class='ocrx_word' id='word_1_13' title='bbox 758 315 907 354; x_wconf 79' lang='lat' dir='ltr'>Ecclesiae</span> <span class='ocrx_word' id='word_1_14' title='bbox 931 342 938 349; x_wconf 93' lang='lat'><em>.</em></span> <span class='ocrx_word' id='word_1_15' title='bbox 977 317 1111 351; x_wconf 88' lang='lat' dir='ltr'>Etenim</span> <span class='ocrx_word' id='word_1_16' title='bbox 1132 317 1235 378; x_wconf 52' lang='lat' dir='ltr'>interl</span> 
     </span>
     <span class='ocr_line' id='line_1_4' title="bbox 325 366 1215 411; baseline -0.004 -8"><span class='ocrx_word' id='word_1_17' title='bbox 325 369 465 404; x_wconf 88' lang='lat' dir='ltr'>Latinas</span> <span class='ocrx_word' id='word_1_18' title='bbox 489 369 646 404; x_wconf 86' lang='lat' dir='ltr'>Ecclesias</span> <span class='ocrx_word' id='word_1_19' title='bbox 672 377 852 409; x_wconf 83' lang='lat' dir='ltr'>numquam</span> <span class='ocrx_word' id='word_1_20' title='bbox 879 366 942 401; x_wconf 86' lang='lat' dir='ltr'>fuit</span> <span class='ocrx_word' id='word_1_21' title='bbox 967 367 1026 401; x_wconf 88' lang='lat' dir='ltr'>ista</span> <span class='ocrx_word' id='word_1_22' title='bbox 1047 366 1180 411; x_wconf 85' lang='lat' dir='ltr'>quaestio</span> <span class='ocrx_word' id='word_1_23' title='bbox 1208 393 1215 400; x_wconf 89' lang='lat'>.</span> 
     </span>
     <span class='ocr_line' id='line_1_5' title="bbox 325 415 1216 463; baseline -0.006 -9"><span class='ocrx_word' id='word_1_24' title='bbox 325 417 488 454; x_wconf 87' lang='lat' dir='ltr'>Neutram</span> <span class='ocrx_word' id='word_1_25' title='bbox 504 429 626 463; x_wconf 88' lang='lat' dir='ltr'>partem</span> <span class='ocrx_word' id='word_1_26' title='bbox 639 416 735 451; x_wconf 87' lang='lat' dir='ltr'>audet</span> <span class='ocrx_word' id='word_1_27' title='bbox 745 415 925 456; x_wconf 69' lang='lat' dir='ltr'>damnare:</span> <span class='ocrx_word' id='word_1_28' title='bbox 952 427 1123 460; x_wconf 85' lang='lat' dir='ltr'>utramque</span> <span class='ocrx_word' id='word_1_29' title='bbox 1145 427 1216 450; x_wconf 89' lang='lat' dir='ltr'>cen-</span> 
     </span>
    </p>
   </div>
   <div class='ocr_carea' id='block_1_3' title="bbox 1271 266 2336 467">
    <p class='ocr_par' dir='ltr' id='par_1_3' title="bbox 1271 266 2336 467">
     <span class='ocr_line' id='line_1_6' title="bbox 1280 266 2166 318; baseline 0.008 -18"><span class='ocrx_word' id='word_1_30' title='bbox 1280 266 1390 301; x_wconf 82' lang='lat' dir='ltr'>seribit</span> <span class='ocrx_word' id='word_1_31' title='bbox 1406 269 1531 307; x_wconf 69' lang='lat' dir='ltr'>sancius</span> <span class='ocrx_word' id='word_1_32' title='bbox 1554 266 1780 314; x_wconf 85' lang='lat' dir='ltr'>Augustinus:</span> <span class='ocrx_word' id='word_1_33' title='bbox 1807 270 2095 318; x_wconf 70' lang='lat' dir='ltr'>,QuiEptfcopatum</span> <span class='ocrx_word' id='word_1_34' title='bbox 2116 281 2166 313; x_wconf 61' lang='lat' dir='ltr'>de.</span> 
     </span>
     <span class='ocr_line' id='line_1_7' title="bbox 1271 316 2166 364; baseline 0.015 -14"><span class='ocrx_word' id='word_1_35' title='bbox 1271 316 1408 360; x_wconf 83' lang='lat' dir='ltr'>fiderat,</span> <span class='ocrx_word' id='word_1_36' title='bbox 1434 319 1539 355; x_wconf 85' lang='lat' dir='ltr'>bonum</span> <span class='ocrx_word' id='word_1_37' title='bbox 1578 328 1649 361; x_wconf 87' lang='lat' dir='ltr'>opus</span> <span class='ocrx_word' id='word_1_38' title='bbox 1685 321 1878 363; x_wconf 72' lang='lat' dir='ltr'>concupiscit.</span> <span class='ocrx_word' id='word_1_39' title='bbox 1907 326 1953 358; x_wconf 82' lang='lat' dir='ltr'>Et</span> <span class='ocrx_word' id='word_1_40' title='bbox 1975 336 2078 361; x_wconf 85' lang='lat' dir='ltr'>tamen</span> <span class='ocrx_word' id='word_1_41' title='bbox 2102 339 2166 364; x_wconf 79' lang='lat' dir='ltr'>tam</span> 
     </span>
     <span class='ocr_line' id='line_1_8' title="bbox 1277 358 2336 419; baseline 0 -17"><span class='ocrx_word' id='word_1_42' title='bbox 1277 368 1360 402; x_wconf 83' lang='lat' dir='ltr'>muln·</span> <span class='ocrx_word' id='word_1_43' title='bbox 1373 393 1384 409; x_wconf 92' lang='lat'>,</span> <span class='ocrx_word' id='word_1_44' title='bbox 1409 379 1443 402; x_wconf 81' lang='lat' dir='ltr'>ut</span> <span class='ocrx_word' id='word_1_45' title='bbox 1458 368 1674 412; x_wconf 74' lang='lat' dir='ltr'>Episcopatum</span> <span class='ocrx_word' id='word_1_46' title='bbox 1683 369 1865 417; x_wconf 72' lang='lat' dir='ltr'>suscipiant,</span> <span class='ocrx_word' id='word_1_47' title='bbox 1891 381 2025 413; x_wconf 74' lang='lat' dir='ltr'>tenentur</span> <span class='ocrx_word' id='word_1_48' title='bbox 2047 384 2161 419; x_wconf 80' lang='lat' dir='ltr'>invm,</span> <span class='ocrx_word' id='word_1_49' title='bbox 2183 358 2245 402; x_wconf 79' lang='lat' dir='ltr'>EP·</span> <span class='ocrx_word' id='word_1_50' title='bbox 2259 366 2336 406; x_wconf 74' lang='grc' dir='ltr'>7-4ον</span> 
     </span>
     <span class='ocr_line' id='line_1_9' title="bbox 1272 420 2165 467; baseline 0.007 -17"><span class='ocrx_word' id='word_1_51' title='bbox 1272 420 1500 460; x_wconf 72' lang='lat' dir='ltr'>perducuntur,</span> <span class='ocrx_word' id='word_1_52' title='bbox 1528 421 1740 461; x_wconf 69' lang='lat' dir='ltr'>includuntur,</span> <span class='ocrx_word' id='word_1_53' title='bbox 1765 421 1982 465; x_wconf 80' lang='lat' dir='ltr'>custodiuntur,</span> <span class='ocrx_word' id='word_1_54' title='bbox 2002 434 2165 467; x_wconf 66' lang='lat' dir='ltr'>patiamur</span> 
     </span>
    </p>
   </div>
   <div class='ocr_carea' id='block_1_4' title="bbox 139 1474 286 1579">
    <p class='ocr_par' dir='ltr' id='par_1_4' title="bbox 139 1474 286 1579">
     <span class='ocr_line' id='line_1_10' title="bbox 139 1474 272 1514; baseline 0.023 -3"><span class='ocrx_word' id='word_1_55' title='bbox 139 1474 216 1511; x_wconf 82' lang='lat' dir='ltr'>Lib.</span> <span class='ocrx_word' id='word_1_56' title='bbox 238 1488 272 1514; x_wconf 71' lang='lat'>2·</span> 
     </span>
     <span class='ocr_line' id='line_1_11' title="bbox 141 1534 286 1579; baseline 0 -14"><span class='ocrx_word' id='word_1_57' title='bbox 141 1534 212 1570; x_wconf 75' lang='lat' dir='ltr'>cap·</span> <span class='ocrx_word' id='word_1_58' title='bbox 232 1537 286 1579; x_wconf 63' lang='grc' dir='ltr'>ις.</span> 
     </span>
    </p>
   </div>
   <div class='ocr_carea' id='block_1_5' title="bbox 313 466 1223 2408">
    <p class='ocr_par' dir='ltr' id='par_1_5' title="bbox 320 466 1216 759">
     <span class='ocr_line' id='line_1_12' title="bbox 324 466 1216 513; baseline -0.004 -10"><span class='ocrx_word' id='word_1_59' title='bbox 324 471 373 503; x_wconf 87' lang='lat' dir='ltr'>set</span> <span class='ocrx_word' id='word_1_60' title='bbox 389 469 588 513; x_wconf 84' lang='lat' dir='ltr'>probabilem</span> <span class='ocrx_word' id='word_1_61' title='bbox 601 480 607 486; x_wconf 90' lang='lat'><em>·</em></span> <span class='ocrx_word' id='word_1_62' title='bbox 634 467 775 501; x_wconf 72' lang='lat' dir='ltr'>Ecclesia</span> <span class='ocrx_word' id='word_1_63' title='bbox 786 479 921 511; x_wconf 87' lang='lat' dir='ltr'>utraque</span> <span class='ocrx_word' id='word_1_64' title='bbox 933 468 1054 512; x_wconf 84' lang='lat' dir='ltr'>semper</span> <span class='ocrx_word' id='word_1_65' title='bbox 1066 466 1193 500; x_wconf 79' lang='lat' dir='ltr'>admisit</span> <span class='ocrx_word' id='word_1_66' title='bbox 1205 491 1216 507; x_wconf 92' lang='lat'>,</span> 
     </span>
     <span class='ocr_line' id='line_1_13' title="bbox 325 517 1216 562; baseline -0.004 -9"><span class='ocrx_word' id='word_1_67' title='bbox 325 527 381 553; x_wconf 80' lang='lat' dir='ltr'>aut</span> <span class='ocrx_word' id='word_1_68' title='bbox 403 520 489 554; x_wconf 79' lang='lat' dir='ltr'>certe</span> <span class='ocrx_word' id='word_1_69' title='bbox 510 517 640 556; x_wconf 83' lang='lat' dir='ltr'>indulsit</span> <span class='ocrx_word' id='word_1_70' title='bbox 665 519 820 553; x_wconf 87' lang='lat' dir='ltr'>secundas</span> <span class='ocrx_word' id='word_1_71' title='bbox 843 518 972 562; x_wconf 86' lang='lat' dir='ltr'>nuptias</span> <span class='ocrx_word' id='word_1_72' title='bbox 999 530 1006 550; x_wconf 92' lang='lat'>:</span> <span class='ocrx_word' id='word_1_73' title='bbox 1043 517 1216 555; x_wconf 70' lang='lat' dir='ltr'>Ternas&amp;</span> 
     </span>
     <span class='ocr_line' id='line_1_14' title="bbox 325 566 1214 612; baseline -0.001 -10"><span class='ocrx_word' id='word_1_74' title='bbox 325 579 451 611; x_wconf 87' lang='lat' dir='ltr'>quartas</span> <span class='ocrx_word' id='word_1_75' title='bbox 467 567 652 612; x_wconf 81' lang='lat' dir='ltr'>permisit&amp;</span> <span class='ocrx_word' id='word_1_76' title='bbox 672 566 867 604; x_wconf 83' lang='lat' dir='ltr'>damnari&amp;</span> <span class='ocrx_word' id='word_1_77' title='bbox 891 568 1038 612; x_wconf 88' lang='lat' dir='ltr'>probari.</span> <span class='ocrx_word' id='word_1_78' title='bbox 1066 568 1110 600; x_wconf 92' lang='lat' dir='ltr'>Et</span> <span class='ocrx_word' id='word_1_79' title='bbox 1123 567 1214 608; x_wconf 80' lang='lat' dir='ltr'>juxta</span> 
     </span>
     <span class='ocr_line' id='line_1_15' title="bbox 323 616 1214 661; baseline -0.001 -10"><span class='ocrx_word' id='word_1_80' title='bbox 323 618 390 652; x_wconf 84' lang='lat' dir='ltr'>hoc</span> <span class='ocrx_word' id='word_1_81' title='bbox 403 618 565 661; x_wconf 70' lang='lat' dir='ltr'>judicium</span> <span class='ocrx_word' id='word_1_82' title='bbox 580 618 723 661; x_wconf 89' lang='lat' dir='ltr'>Joannes</span> <span class='ocrx_word' id='word_1_83' title='bbox 745 618 891 653; x_wconf 89' lang='lat' dir='ltr'>decimus</span> <span class='ocrx_word' id='word_1_84' title='bbox 903 617 1062 652; x_wconf 81' lang='lat' dir='ltr'>Pontifex</span> <span class='ocrx_word' id='word_1_85' title='bbox 1074 640 1085 656; x_wconf 92' lang='lat'>,</span> <span class='ocrx_word' id='word_1_86' title='bbox 1111 618 1143 650; x_wconf 76' lang='grc' dir='ltr'>δε</span> <span class='ocrx_word' id='word_1_87' title='bbox 1156 616 1214 650; x_wconf 94' lang='lat' dir='ltr'>Ni-</span> 
     </span>
     <span class='ocr_line' id='line_1_16' title="bbox 322 666 1210 709; baseline -0.003 -4"><span class='ocrx_word' id='word_1_88' title='bbox 322 670 436 709; x_wconf 88' lang='lat' dir='ltr'>colaus</span> <span class='ocrx_word' id='word_1_89' title='bbox 456 666 645 709; x_wconf 64' lang='lat' dir='ltr'>Patria&#39;rcha</span> <span class='ocrx_word' id='word_1_90' title='bbox 677 668 926 706; x_wconf 77' lang='lat' dir='ltr'>occidentalem</span> <span class='ocrx_word' id='word_1_91' title='bbox 948 679 986 702; x_wconf 88' lang='lat' dir='ltr'>ac</span> <span class='ocrx_word' id='word_1_92' title='bbox 1007 666 1210 706; x_wconf 82' lang='lat' dir='ltr'>orientalem</span> 
     </span>
     <span class='ocr_line' id='line_1_17' title="bbox 320 721 687 759; baseline -0.008 -4"><span class='ocrx_word' id='word_1_93' title='bbox 320 721 501 759; x_wconf 72' lang='lat' dir='ltr'>Ecclesiam</span> <span class='ocrx_word' id='word_1_94' title='bbox 516 721 669 755; x_wconf 83' lang='lat' dir='ltr'>unierunt</span> <span class='ocrx_word' id='word_1_95' title='bbox 679 745 687 758; x_wconf 71' lang='lat'><em>‹</em></span> 
     </span>
    </p>

    <p class='ocr_par' dir='ltr' id='par_1_6' title="bbox 313 767 1223 2408">
     <span class='ocr_line' id='line_1_18' title="bbox 373 767 1212 814; baseline -0.005 -10"><span class='ocrx_word' id='word_1_96' title='bbox 373 771 417 806; x_wconf 87' lang='lat' dir='ltr'>Et</span> <span class='ocrx_word' id='word_1_97' title='bbox 428 772 473 806; x_wconf 88' lang='lat' dir='ltr'>ita</span> <span class='ocrx_word' id='word_1_98' title='bbox 497 771 614 805; x_wconf 86' lang='lat' dir='ltr'>mansit</span> <span class='ocrx_word' id='word_1_99' title='bbox 630 770 729 812; x_wconf 90' lang='lat' dir='ltr'>usque</span> <span class='ocrx_word' id='word_1_100' title='bbox 746 769 787 804; x_wconf 87' lang='lat' dir='ltr'>ad</span> <span class='ocrx_word' id='word_1_101' title='bbox 810 768 1038 814; x_wconf 81' lang='lat' dir='ltr'>Lugdunensis</span> <span class='ocrx_word' id='word_1_102' title='bbox 1062 767 1121 801; x_wconf 93' lang='lat' dir='ltr'>sub</span> <span class='ocrx_word' id='word_1_103' title='bbox 1133 767 1212 801; x_wconf 89' lang='lat' dir='ltr'>Gre-</span> 
     </span>
     <span class='ocr_line' id='line_1_19' title="bbox 322 818 1211 865; baseline -0.006 -9"><span class='ocrx_word' id='word_1_104' title='bbox 322 821 562 865; x_wconf 80' lang='lat' dir='ltr'>goriodecin‘so</span> <span class='ocrx_word' id='word_1_105' title='bbox 584 820 730 854; x_wconf 84' lang='lat' dir='ltr'>Concilii</span> <span class='ocrx_word' id='word_1_106' title='bbox 754 830 918 862; x_wconf 89' lang='lat' dir='ltr'>tempora.</span> <span class='ocrx_word' id='word_1_107' title='bbox 944 818 1048 852; x_wconf 90' lang='lat' dir='ltr'>Tunc</span> <span class='ocrx_word' id='word_1_108' title='bbox 1072 819 1211 861; x_wconf 85' lang='lat' dir='ltr'>Joannes</span> 
     </span>
     <span class='ocr_line' id='line_1_20' title="bbox 321 869 1210 914; baseline -0.004 -8"><span class='ocrx_word' id='word_1_109' title='bbox 321 872 479 914; x_wconf 86' lang='lat' dir='ltr'>Veccus,</span> <span class='ocrx_word' id='word_1_110' title='bbox 516 870 736 907; x_wconf 74' lang='lat' dir='ltr'>Orthodoxus</span> <span class='ocrx_word' id='word_1_111' title='bbox 763 869 1210 912; x_wconf 79' lang='lat' dir='ltr'>Constantinopolitanorum</span> 
     </span>
     <span class='ocr_line' id='line_1_21' title="bbox 320 916 1209 967; baseline -0.003 -13"><span class='ocrx_word' id='word_1_112' title='bbox 320 919 510 958; x_wconf 82' lang='lat' dir='ltr'>Patriarcha</span> <span class='ocrx_word' id='word_1_113' title='bbox 532 946 543 966; x_wconf 78' lang='lat'>,</span> <span class='ocrx_word' id='word_1_114' title='bbox 580 920 620 954; x_wconf 90' lang='lat' dir='ltr'>ad</span> <span class='ocrx_word' id='word_1_115' title='bbox 649 916 809 967; x_wconf 80' lang='lat' dir='ltr'>Joannem</span> <span class='ocrx_word' id='word_1_116' title='bbox 838 919 1029 964; x_wconf 89' lang='lat' dir='ltr'>vigesimum</span> <span class='ocrx_word' id='word_1_117' title='bbox 1070 919 1209 961; x_wconf 88' lang='lat' dir='ltr'>primum</span> 
     </span>
     <span class='ocr_line' id='line_1_22' title="bbox 319 969 1212 1012; baseline -0.004 -7"><span class='ocrx_word' id='word_1_118' title='bbox 319 970 523 1010; x_wconf 87' lang='lat' dir='ltr'>Pontificem</span> <span class='ocrx_word' id='word_1_119' title='bbox 536 971 621 1005; x_wconf 76' lang='lat' dir='ltr'>misit</span> <span class='ocrx_word' id='word_1_120' title='bbox 635 970 817 1008; x_wconf 83' lang='lat' dir='ltr'>solemnem</span> <span class='ocrx_word' id='word_1_121' title='bbox 840 969 915 1003; x_wconf 86' lang='lat' dir='ltr'>fidei</span> <span class='ocrx_word' id='word_1_122' title='bbox 942 969 1170 1012; x_wconf 87' lang='lat' dir='ltr'>profeffionem</span> <span class='ocrx_word' id='word_1_123' title='bbox 1201 992 1212 1008; x_wconf 89' lang='lat'>,</span> 
     </span>
     <span class='ocr_line' id='line_1_23' title="bbox 319 1019 1210 1066; baseline -0.004 -11"><span class='ocrx_word' id='word_1_124' title='bbox 319 1021 356 1055; x_wconf 82' lang='lat' dir='ltr'>in</span> <span class='ocrx_word' id='word_1_125' title='bbox 370 1034 433 1066; x_wconf 87' lang='lat' dir='ltr'>qua</span> <span class='ocrx_word' id='word_1_126' title='bbox 447 1023 508 1060; x_wconf 77' lang='lat' dir='ltr'>&#39;fuit</span> <span class='ocrx_word' id='word_1_127' title='bbox 521 1020 759 1058; x_wconf 80' lang='lat' dir='ltr'>hicArticulus</span> <span class='ocrx_word' id='word_1_128' title='bbox 778 1032 786 1054; x_wconf 70' lang='grc' dir='ltr'>ι</span> <span class='ocrx_word' id='word_1_129' title='bbox 814 1019 990 1061; x_wconf 72' lang='lat' dir='ltr'>eonfitemur</span> <span class='ocrx_word' id='word_1_130' title='bbox 1001 1021 1035 1053; x_wconf 77' lang='lat'><em>&amp;</em></span> <span class='ocrx_word' id='word_1_131' title='bbox 1047 1023 1168 1059; x_wconf 75' lang='lat' dir='ltr'>recipim</span> <span class='ocrx_word' id='word_1_132' title='bbox 1175 1030 1210 1054; x_wconf 70' lang='lat' dir='ltr'>us</span> 
     </span>
     <span class='ocr_line' id='line_1_24' title="bbox 321 1068 1209 1120; baseline -0.003 -15"><span class='ocrx_word' id='word_1_133' title='bbox 321 1078 568 1116; x_wconf 69' lang='lat' dir='ltr'>matrimonium,</span> <span class='ocrx_word' id='word_1_134' title='bbox 595 1072 632 1105; x_wconf 84' lang='lat' dir='ltr'>de</span> <span class='ocrx_word' id='word_1_135' title='bbox 642 1077 783 1120; x_wconf 82' lang='lat' dir='ltr'>quo-tenet</span> <span class='ocrx_word' id='word_1_136' title='bbox 795 1068 863 1112; x_wconf 85' lang='lat' dir='ltr'>ipsa</span> <span class='ocrx_word' id='word_1_137' title='bbox 889 1074 1026 1107; x_wconf 78' lang='lat' dir='ltr'>Romana</span> <span class='ocrx_word' id='word_1_138' title='bbox 1047 1068 1174 1110; x_wconf 75' lang='lat' dir='ltr'>Ecclefia</span> <span class='ocrx_word' id='word_1_139' title='bbox 1199 1091 1209 1106; x_wconf 88' lang='lat'>,</span> 
     </span>
     <span class='ocr_line' id='line_1_25' title="bbox 319 1119 1211 1166; baseline -0.009 -11"><span class='ocrx_word' id='word_1_140' title='bbox 319 1124 402 1166; x_wconf 83' lang='lat' dir='ltr'>quod</span> <span class='ocrx_word' id='word_1_141' title='bbox 421 1133 469 1156; x_wconf 89' lang='lat' dir='ltr'>nec</span> <span class='ocrx_word' id='word_1_142' title='bbox 491 1133 566 1155; x_wconf 84' lang='lat' dir='ltr'>unus</span> <span class='ocrx_word' id='word_1_143' title='bbox 575 1127 631 1155; x_wconf 76' lang='lat' dir='ltr'>vir</span> <span class='ocrx_word' id='word_1_144' title='bbox 660 1123 761 1164; x_wconf 81' lang='lat' dir='ltr'>plures</span> <span class='ocrx_word' id='word_1_145' title='bbox 780 1132 886 1155; x_wconf 82' lang='lat' dir='ltr'>uxores</span> <span class='ocrx_word' id='word_1_146' title='bbox 900 1143 911 1159; x_wconf 90' lang='lat'>‚</span> <span class='ocrx_word' id='word_1_147' title='bbox 934 1119 1070 1162; x_wconf 85' lang='lat' dir='ltr'>fimiliter</span> <span class='ocrx_word' id='word_1_148' title='bbox 1090 1129 1142 1154; x_wconf 83' lang='lat' dir='ltr'>nec</span> <span class='ocrx_word' id='word_1_149' title='bbox 1152 1128 1211 1149; x_wconf 80' lang='lat' dir='ltr'>una</span> 
     </span>
     <span class='ocr_line' id='line_1_26' title="bbox 317 1166 1209 1216; baseline -0.009 -11"><span class='ocrx_word' id='word_1_150' title='bbox 317 1166 423 1205; x_wconf 70' lang='lat' dir='ltr'>mulier</span> <span class='ocrx_word' id='word_1_151' title='bbox 429 1172 519 1214; x_wconf 83' lang='lat' dir='ltr'>simul</span> <span class='ocrx_word' id='word_1_152' title='bbox 528 1171 635 1205; x_wconf 79' lang='lat' dir='ltr'>babere</span> <span class='ocrx_word' id='word_1_153' title='bbox 653 1175 842 1216; x_wconf 78' lang='lat' dir='ltr'>permittitur</span> <span class='ocrx_word' id='word_1_154' title='bbox 865 1171 970 1214; x_wconf 77' lang='lat' dir='ltr'>plures</span> <span class='ocrx_word' id='word_1_155' title='bbox 986 1175 1087 1207; x_wconf 77' lang='lat' dir='ltr'>viros3</span> <span class='ocrx_word' id='word_1_156' title='bbox 1110 1166 1209 1208; x_wconf 66' lang='lat' dir='ltr'>soluta</span> 
     </span>
     <span class='ocr_line' id='line_1_27' title="bbox 317 1214 1208 1265; baseline -0.009 -11"><span class='ocrx_word' id='word_1_157' title='bbox 317 1224 388 1254; x_wconf 71' lang='lat' dir='ltr'>vero</span> <span class='ocrx_word' id='word_1_158' title='bbox 398 1222 461 1265; x_wconf 89' lang='lat' dir='ltr'>lege</span> <span class='ocrx_word' id='word_1_159' title='bbox 467 1230 524 1263; x_wconf 74' lang='lat' dir='ltr'>per</span> <span class='ocrx_word' id='word_1_160' title='bbox 536 1230 659 1258; x_wconf 81' lang='lat' dir='ltr'>mortem</span> <span class='ocrx_word' id='word_1_161' title='bbox 671 1221 848 1254; x_wconf 81' lang='lat' dir='ltr'>alterutrius</span> <span class='ocrx_word' id='word_1_162' title='bbox 859 1221 1016 1260; x_wconf 71' lang='lat' dir='ltr'>conjugum</span> <span class='ocrx_word' id='word_1_163' title='bbox 1029 1240 1040 1257; x_wconf 90' lang='lat'>,</span> <span class='ocrx_word' id='word_1_164' title='bbox 1063 1214 1208 1258; x_wconf 85' lang='lat' dir='ltr'>secundas</span> 
     </span>
     <span class='ocr_line' id='line_1_28' title="bbox 318 1264 1206 1311; baseline -0.009 -6"><span class='ocrx_word' id='word_1_165' title='bbox 318 1273 495 1310; x_wconf 45' lang='lat' dir='ltr'>&amp;temam</span> <span class='ocrx_word' id='word_1_166' title='bbox 522 1271 703 1311; x_wconf 70' lang='lat' dir='ltr'>&amp;deinceps</span> <span class='ocrx_word' id='word_1_167' title='bbox 726 1273 848 1309; x_wconf 74' lang='lat' dir='ltr'>nuptias</span> <span class='ocrx_word' id='word_1_168' title='bbox 873 1269 1002 1310; x_wconf 75' lang='lat' dir='ltr'>legitime</span> <span class='ocrx_word' id='word_1_169' title='bbox 1018 1265 1123 1307; x_wconf 78' lang='lat' dir='ltr'>fac‘las</span> <span class='ocrx_word' id='word_1_170' title='bbox 1142 1264 1206 1308; x_wconf 75' lang='lat' dir='ltr'>suc·</span> 
     </span>
     <span class='ocr_line' id='line_1_29' title="bbox 317 1315 1207 1361; baseline -0.01 -6"><span class='ocrx_word' id='word_1_171' title='bbox 317 1321 438 1361; x_wconf 72' lang='lat' dir='ltr'>ceffive‚</span> <span class='ocrx_word' id='word_1_172' title='bbox 465 1320 564 1355; x_wconf 76' lang='lat' dir='ltr'>licitas</span> <span class='ocrx_word' id='word_1_173' title='bbox 576 1318 627 1360; x_wconf 81' lang='lat' dir='ltr'>effe</span> <span class='ocrx_word' id='word_1_174' title='bbox 649 1319 740 1357; x_wconf 78' lang='lat' dir='ltr'>dicit,</span> <span class='ocrx_word' id='word_1_175' title='bbox 760 1315 789 1358; x_wconf 85' lang='lat' dir='ltr'><em>fi</em></span> <span class='ocrx_word' id='word_1_176' title='bbox 807 1318 1052 1358; x_wconf 75' lang='lat' dir='ltr'>impedimentum</span> <span class='ocrx_word' id='word_1_177' title='bbox 1077 1319 1207 1348; x_wconf 85' lang='lat' dir='ltr'>Canoni-</span> 
     </span>
     <span class='ocr_line' id='line_1_30' title="bbox 317 1365 1204 1411; baseline -0.008 -7"><span class='ocrx_word' id='word_1_178' title='bbox 317 1382 383 1404; x_wconf 85' lang='lat' dir='ltr'>cum</span> <span class='ocrx_word' id='word_1_179' title='bbox 395 1382 434 1403; x_wconf 87' lang='lat' dir='ltr'>ex</span> <span class='ocrx_word' id='word_1_180' title='bbox 444 1367 603 1411; x_wconf 79' lang='lat' dir='ltr'>alia-eausa</span> <span class='ocrx_word' id='word_1_181' title='bbox 615 1379 673 1400; x_wconf 85' lang='lat' dir='ltr'>non</span> <span class='ocrx_word' id='word_1_182' title='bbox 684 1365 795 1409; x_wconf 74' lang='lat' dir='ltr'>obfistat</span> <span class='ocrx_word' id='word_1_183' title='bbox 808 1390 815 1399; x_wconf 93' lang='lat'><strong>.</strong></span> <span class='ocrx_word' id='word_1_184' title='bbox 842 1371 1012 1409; x_wconf 77' lang='lat' dir='ltr'>Reciptmus</span> <span class='ocrx_word' id='word_1_185' title='bbox 1026 1368 1126 1399; x_wconf 87' lang='lat' dir='ltr'>eodem</span> <span class='ocrx_word' id='word_1_186' title='bbox 1148 1378 1204 1398; x_wconf 90' lang='lat' dir='ltr'>mo-</span> 
     </span>
     <span class='ocr_line' id='line_1_31' title="bbox 313 1416 1205 1461; baseline -0.006 -7"><span class='ocrx_word' id='word_1_187' title='bbox 313 1422 355 1454; x_wconf 76' lang='lat' dir='ltr'>‹do</span> <span class='ocrx_word' id='word_1_188' title='bbox 369 1444 379 1461; x_wconf 90' lang='lat'>,</span> <span class='ocrx_word' id='word_1_189' title='bbox 406 1421 439 1453; x_wconf 65' lang='grc' dir='ltr'>Θ</span> <span class='ocrx_word' id='word_1_190' title='bbox 450 1422 486 1453; x_wconf 86' lang='lat' dir='ltr'>de</span> <span class='ocrx_word' id='word_1_191' title='bbox 495 1417 562 1461; x_wconf 76' lang='lat' dir='ltr'>ipso</span> <span class='ocrx_word' id='word_1_192' title='bbox 569 1421 675 1451; x_wconf 84' lang='lat' dir='ltr'>eadem</span> <span class='ocrx_word' id='word_1_193' title='bbox 687 1421 813 1450; x_wconf 81' lang='lat' dir='ltr'>dicimus</span> <span class='ocrx_word' id='word_1_194' title='bbox 824 1429 876 1450; x_wconf 85' lang='lat' dir='ltr'>nos</span> <span class='ocrx_word' id='word_1_195' title='bbox 890 1441 898 1449; x_wconf 89' lang='lat'><strong><em>.</em></strong></span> <span class='ocrx_word' id='word_1_196' title='bbox 925 1416 1081 1450; x_wconf 82' lang='lat' dir='ltr'>Profeffio</span> <span class='ocrx_word' id='word_1_197' title='bbox 1101 1417 1205 1451; x_wconf 81' lang='lat' dir='ltr'>exstat</span> 
     </span>
     <span class='ocr_line' id='line_1_32' title="bbox 316 1466 1203 1514; baseline -0.007 -9"><span class='ocrx_word' id='word_1_198' title='bbox 316 1471 404 1514; x_wconf 87' lang='lat' dir='ltr'>apud</span> <span class='ocrx_word' id='word_1_199' title='bbox 428 1470 577 1504; x_wconf 87' lang='lat' dir='ltr'>Leonem</span> <span class='ocrx_word' id='word_1_200' title='bbox 603 1468 766 1501; x_wconf 88' lang='lat' dir='ltr'>Allatium</span> <span class='ocrx_word' id='word_1_201' title='bbox 790 1469 823 1500; x_wconf 88' lang='lat' dir='ltr'>in</span> <span class='ocrx_word' id='word_1_202' title='bbox 848 1478 945 1510; x_wconf 89' lang='lat' dir='ltr'>opere</span> <span class='ocrx_word' id='word_1_203' title='bbox 962 1466 1002 1503; x_wconf 89' lang='lat' dir='ltr'>de</span> <span class='ocrx_word' id='word_1_204' title='bbox 1015 1467 1203 1502; x_wconf 87' lang='lat' dir='ltr'>Concordia</span> 
     </span>
     <span class='ocr_line' id='line_1_33' title="bbox 316 1516 1204 1557; baseline -0.005 -2"><span class='ocrx_word' id='word_1_205' title='bbox 316 1518 782 1557; x_wconf 85' lang='lat' dir='ltr'>Occidentalis&amp;0rientalis</span> <span class='ocrx_word' id='word_1_206' title='bbox 795 1516 941 1555; x_wconf 84' lang='lat' dir='ltr'>Ecclesiae</span> <span class='ocrx_word' id='word_1_207' title='bbox 956 1541 963 1554; x_wconf 69' lang='grc'>.,</span> <span class='ocrx_word' id='word_1_208' title='bbox 989 1517 1144 1552; x_wconf 84' lang='lat' dir='ltr'>Praesatus</span> <span class='ocrx_word' id='word_1_209' title='bbox 1168 1517 1204 1551; x_wconf 90' lang='lat' dir='ltr'>il-</span> 
     </span>
     <span class='ocr_line' id='line_1_34' title="bbox 315 1566 1203 1611; baseline -0.008 -5"><span class='ocrx_word' id='word_1_210' title='bbox 315 1572 348 1606; x_wconf 87' lang='lat' dir='ltr'>le</span> <span class='ocrx_word' id='word_1_211' title='bbox 360 1571 537 1605; x_wconf 63' lang='lat' dir='ltr'>‘fratta-tus.</span> <span class='ocrx_word' id='word_1_212' title='bbox 557 1568 679 1611; x_wconf 86' lang='lat' dir='ltr'>prodiit</span> <span class='ocrx_word' id='word_1_213' title='bbox 710 1568 769 1603; x_wconf 88' lang='lat' dir='ltr'>sub</span> <span class='ocrx_word' id='word_1_214' title='bbox 791 1567 994 1601; x_wconf 90' lang='lat' dir='ltr'>Pontificatu</span> <span class='ocrx_word' id='word_1_215' title='bbox 1016 1566 1203 1601; x_wconf 90' lang='lat' dir='ltr'>Innocentii</span> 
     </span>
     <span class='ocr_line' id='line_1_35' title="bbox 315 1616 1204 1663; baseline -0.007 -7"><span class='ocrx_word' id='word_1_216' title='bbox 315 1622 427 1663; x_wconf 73' lang='lat' dir='ltr'>tertii,</span> <span class='ocrx_word' id='word_1_217' title='bbox 451 1619 530 1654; x_wconf 88' lang='lat' dir='ltr'>dum</span> <span class='ocrx_word' id='word_1_218' title='bbox 554 1618 687 1651; x_wconf 87' lang='lat' dir='ltr'>Flandri</span> <span class='ocrx_word' id='word_1_219' title='bbox 701 1617 801 1651; x_wconf 87' lang='lat' dir='ltr'>nostri</span> <span class='ocrx_word' id='word_1_220' title='bbox 823 1627 997 1652; x_wconf 86' lang='lat' dir='ltr'>tenuerunt</span> <span class='ocrx_word' id='word_1_221' title='bbox 1019 1616 1204 1652; x_wconf 81' lang='lat' dir='ltr'>Constanti·</span> 
     </span>
     <span class='ocr_line' id='line_1_36' title="bbox 316 1668 1203 1716; baseline -0.007 -10"><span class='ocrx_word' id='word_1_222' title='bbox 316 1671 471 1716; x_wconf 85' lang='lat' dir='ltr'>nopolim</span> <span class='ocrx_word' id='word_1_223' title='bbox 486 1695 493 1703; x_wconf 91' lang='lat'><em>.</em></span> <span class='ocrx_word' id='word_1_224' title='bbox 522 1670 615 1702; x_wconf 89' lang='lat' dir='ltr'>Hinc</span> <span class='ocrx_word' id='word_1_225' title='bbox 637 1668 841 1705; x_wconf 87' lang='lat' dir='ltr'>Schismatici</span> <span class='ocrx_word' id='word_1_226' title='bbox 865 1669 972 1704; x_wconf 87' lang='lat' dir='ltr'>Graeci</span> <span class='ocrx_word' id='word_1_227' title='bbox 993 1678 1203 1714; x_wconf 76' lang='lat' dir='ltr'>quaecumque</span> 
     </span>
     <span class='ocr_line' id='line_1_37' title="bbox 316 1718 1202 1766; baseline -0.005 -11"><span class='ocrx_word' id='word_1_228' title='bbox 316 1723 352 1757; x_wconf 84' lang='lat' dir='ltr'>in</span> <span class='ocrx_word' id='word_1_229' title='bbox 363 1722 448 1766; x_wconf 89' lang='lat' dir='ltr'>ipsos</span> <span class='ocrx_word' id='word_1_230' title='bbox 460 1729 676 1755; x_wconf 79' lang='lat' dir='ltr'>vomuerunt.</span> <span class='ocrx_word' id='word_1_231' title='bbox 704 1719 871 1753; x_wconf 84' lang='lat' dir='ltr'>Damnare</span> <span class='ocrx_word' id='word_1_232' title='bbox 894 1722 1068 1762; x_wconf 81' lang='lat' dir='ltr'>coeperunt&#39;</span> <span class='ocrx_word' id='word_1_233' title='bbox 1086 1718 1120 1755; x_wconf 73' lang='grc' dir='ltr'>δε</span> <span class='ocrx_word' id='word_1_234' title='bbox 1144 1729 1202 1751; x_wconf 91' lang='lat' dir='ltr'>no-</span> 
     </span>
     <span class='ocr_line' id='line_1_38' title="bbox 316 1767 1204 1812; baseline -0.006 -6"><span class='ocrx_word' id='word_1_235' title='bbox 316 1771 419 1806; x_wconf 82' lang='lat' dir='ltr'>strum</span> <span class='ocrx_word' id='word_1_236' title='bbox 433 1771 559 1806; x_wconf 88' lang='lat' dir='ltr'>avitum</span> <span class='ocrx_word' id='word_1_237' title='bbox 569 1767 732 1812; x_wconf 79' lang='lat' dir='ltr'>judicium</span> <span class='ocrx_word' id='word_1_238' title='bbox 743 1769 783 1801; x_wconf 88' lang='lat' dir='ltr'>de</span> <span class='ocrx_word' id='word_1_239' title='bbox 793 1769 916 1811; x_wconf 91' lang='lat' dir='ltr'>quartis</span> <span class='ocrx_word' id='word_1_240' title='bbox 939 1769 1063 1811; x_wconf 89' lang='lat' dir='ltr'>nuptiis</span> <span class='ocrx_word' id='word_1_241' title='bbox 1076 1792 1084 1800; x_wconf 91' lang='lat'><strong>.</strong></span> <span class='ocrx_word' id='word_1_242' title='bbox 1111 1767 1204 1801; x_wconf 91' lang='lat' dir='ltr'>Hinc</span> 
     </span>
     <span class='ocr_line' id='line_1_39' title="bbox 316 1818 1204 1866; baseline -0.002 -10"><span class='ocrx_word' id='word_1_243' title='bbox 316 1823 422 1866; x_wconf 76' lang='lat' dir='ltr'>ipsum</span> <span class='ocrx_word' id='word_1_244' title='bbox 436 1831 503 1854; x_wconf 88' lang='lat' dir='ltr'>non</span> <span class='ocrx_word' id='word_1_245' title='bbox 515 1819 726 1854; x_wconf 79' lang='lat' dir='ltr'>solummodo</span> <span class='ocrx_word' id='word_1_246' title='bbox 739 1818 867 1862; x_wconf 86' lang='lat' dir='ltr'>probari</span> <span class='ocrx_word' id='word_1_247' title='bbox 881 1842 892 1858; x_wconf 91' lang='lat'>‚</span> <span class='ocrx_word' id='word_1_248' title='bbox 918 1819 972 1853; x_wconf 87' lang='lat' dir='ltr'>sed</span> <span class='ocrx_word' id='word_1_249' title='bbox 996 1819 1134 1852; x_wconf 85' lang='lat' dir='ltr'>solemni</span> <span class='ocrx_word' id='word_1_250' title='bbox 1155 1818 1204 1854; x_wconf 77' lang='lat' dir='ltr'>in.-</span> 
     </span>
     <span class='ocr_line' id='line_1_40' title="bbox 316 1868 1205 1915; baseline -0.008 -8"><span class='ocrx_word' id='word_1_251' title='bbox 316 1874 411 1915; x_wconf 86' lang='lat' dir='ltr'>super</span> <span class='ocrx_word' id='word_1_252' title='bbox 421 1871 610 1907; x_wconf 81' lang='lat' dir='ltr'>Graecorum</span> <span class='ocrx_word' id='word_1_253' title='bbox 629 1870 869 1913; x_wconf 88' lang='lat' dir='ltr'>Episcoporum</span> <span class='ocrx_word' id='word_1_254' title='bbox 884 1868 1080 1911; x_wconf 77' lang='lat' dir='ltr'>professione</span> <span class='ocrx_word' id='word_1_255' title='bbox 1101 1868 1205 1901; x_wconf 85' lang='lat' dir='ltr'>firma·</span> 
     </span>
     <span class='ocr_line' id='line_1_41' title="bbox 317 1917 1204 1965; baseline -0.007 -8"><span class='ocrx_word' id='word_1_256' title='bbox 317 1923 345 1957; x_wconf 82' lang='lat' dir='ltr'>xi</span> <span class='ocrx_word' id='word_1_257' title='bbox 355 1922 440 1965; x_wconf 78' lang='lat' dir='ltr'>jussit</span> <span class='ocrx_word' id='word_1_258' title='bbox 451 1921 554 1955; x_wconf 62' lang='lat' dir='ltr'>didius</span> <span class='ocrx_word' id='word_1_259' title='bbox 573 1920 735 1958; x_wconf 84' lang='lat' dir='ltr'>Pontifex</span> <span class='ocrx_word' id='word_1_260' title='bbox 758 1919 920 1962; x_wconf 84' lang='lat' dir='ltr'>Joannes.</span> <span class='ocrx_word' id='word_1_261' title='bbox 948 1919 991 1952; x_wconf 92' lang='lat' dir='ltr'>Et</span> <span class='ocrx_word' id='word_1_262' title='bbox 1015 1917 1204 1956; x_wconf 85' lang='lat' dir='ltr'>Patriarcha</span> 
     </span>
     <span class='ocr_line' id='line_1_42' title="bbox 319 1968 1205 2017; baseline -0.007 -10"><span class='ocrx_word' id='word_1_263' title='bbox 319 1973 463 2017; x_wconf 83' lang='lat' dir='ltr'>Joannes</span> <span class='ocrx_word' id='word_1_264' title='bbox 473 1969 637 2007; x_wconf 83' lang='lat' dir='ltr'>obedivit.</span> <span class='ocrx_word' id='word_1_265' title='bbox 667 1970 750 2003; x_wconf 85' lang='lat' dir='ltr'>Haec</span> <span class='ocrx_word' id='word_1_266' title='bbox 771 1979 871 2014; x_wconf 88' lang='lat' dir='ltr'>egent</span> <span class='ocrx_word' id='word_1_267' title='bbox 891 1968 1007 2013; x_wconf 87' lang='lat' dir='ltr'>majori</span> <span class='ocrx_word' id='word_1_268' title='bbox 1029 1969 1205 2013; x_wconf 83' lang='lat' dir='ltr'>expositio·</span> 
     </span>
     <span class='ocr_line' id='line_1_43' title="bbox 316 2018 1203 2065; baseline -0.009 -9"><span class='ocrx_word' id='word_1_269' title='bbox 316 2034 377 2057; x_wconf 89' lang='lat' dir='ltr'>ne.</span> <span class='ocrx_word' id='word_1_270' title='bbox 405 2020 532 2057; x_wconf 72' lang='lat' dir='ltr'>Verum</span> <span class='ocrx_word' id='word_1_271' title='bbox 544 2031 612 2054; x_wconf 91' lang='lat' dir='ltr'>non</span> <span class='ocrx_word' id='word_1_272' title='bbox 630 2020 712 2057; x_wconf 85' lang='lat' dir='ltr'>facit</span> <span class='ocrx_word' id='word_1_273' title='bbox 722 2018 763 2056; x_wconf 85' lang='lat' dir='ltr'>ad</span> <span class='ocrx_word' id='word_1_274' title='bbox 788 2020 975 2065; x_wconf 74' lang='lat' dir='ltr'>praesentem</span> <span class='ocrx_word' id='word_1_275' title='bbox 999 2020 1169 2053; x_wconf 83' lang='lat' dir='ltr'>materiam</span> <span class='ocrx_word' id='word_1_276' title='bbox 1194 2039 1203 2047; x_wconf 87' lang='lat'><em>.</em></span> 
     </span>
     <span class='ocr_line' id='line_1_44' title="bbox 315 2064 1204 2112; baseline -0.009 -6"><span class='ocrx_word' id='word_1_277' title='bbox 315 2072 453 2107; x_wconf 88' lang='lat' dir='ltr'>Interim</span> <span class='ocrx_word' id='word_1_278' title='bbox 466 2071 553 2107; x_wconf 87' lang='lat' dir='ltr'>lucet</span> <span class='ocrx_word' id='word_1_279' title='bbox 565 2067 659 2112; x_wconf 73' lang='lat' dir='ltr'>quod</span> <span class='ocrx_word' id='word_1_280' title='bbox 681 2078 819 2110; x_wconf 87' lang='lat' dir='ltr'>utraque</span> <span class='ocrx_word' id='word_1_281' title='bbox 842 2065 986 2104; x_wconf 82' lang='lat' dir='ltr'>Ecclesia</span> <span class='ocrx_word' id='word_1_282' title='bbox 1006 2067 1093 2100; x_wconf 90' lang='lat' dir='ltr'>circa</span> <span class='ocrx_word' id='word_1_283' title='bbox 1115 2064 1204 2098; x_wconf 91' lang='lat' dir='ltr'>hunc</span> 
     </span>
     <span class='ocr_line' id='line_1_45' title="bbox 318 2115 1205 2163; baseline -0.011 -8"><span class='ocrx_word' id='word_1_284' title='bbox 318 2121 494 2155; x_wconf 77' lang='lat' dir='ltr'>articulum</span> <span class='ocrx_word' id='word_1_285' title='bbox 517 2118 698 2163; x_wconf 76' lang='lat' dir='ltr'>permiserit</span> <span class='ocrx_word' id='word_1_286' title='bbox 718 2126 891 2155; x_wconf 86' lang='lat' dir='ltr'>utramque</span> <span class='ocrx_word' id='word_1_287' title='bbox 911 2115 1122 2148; x_wconf 89' lang='lat' dir='ltr'>abundarein</span> <span class='ocrx_word' id='word_1_288' title='bbox 1146 2115 1205 2149; x_wconf 88' lang='lat' dir='ltr'>suo</span> 
     </span>
     <span class='ocr_line' id='line_1_46' title="bbox 318 2162 1205 2209; baseline -0.01 -5"><span class='ocrx_word' id='word_1_289' title='bbox 318 2169 413 2208; x_wconf 85' lang='lat' dir='ltr'>sensu</span> <span class='ocrx_word' id='word_1_290' title='bbox 427 2192 434 2199; x_wconf 89' lang='lat'>.</span> <span class='ocrx_word' id='word_1_291' title='bbox 462 2165 620 2209; x_wconf 78' lang='lat' dir='ltr'>Utraque</span> <span class='ocrx_word' id='word_1_292' title='bbox 642 2164 809 2206; x_wconf 87' lang='lat' dir='ltr'>utriusque</span> <span class='ocrx_word' id='word_1_293' title='bbox 829 2163 1025 2199; x_wconf 82' lang='lat' dir='ltr'>sententiam</span> <span class='ocrx_word' id='word_1_294' title='bbox 1046 2162 1205 2205; x_wconf 77' lang='lat' dir='ltr'>judicavit</span> 
     </span>
     <span class='ocr_line' id='line_1_47' title="bbox 319 2211 1223 2293; baseline -0.008 -39"><span class='ocrx_word' id='word_1_295' title='bbox 319 2218 402 2254; x_wconf 89' lang='lat' dir='ltr'>boni</span> <span class='ocrx_word' id='word_1_296' title='bbox 413 2216 543 2258; x_wconf 89' lang='lat' dir='ltr'>meriti,</span> <span class='ocrx_word' id='word_1_297' title='bbox 569 2225 606 2248; x_wconf 87' lang='lat' dir='ltr'>ac</span> <span class='ocrx_word' id='word_1_298' title='bbox 630 2214 724 2248; x_wconf 90' lang='lat' dir='ltr'>omni</span> <span class='ocrx_word' id='word_1_299' title='bbox 745 2212 941 2256; x_wconf 85' lang='lat' dir='ltr'>exceptione</span> <span class='ocrx_word' id='word_1_300' title='bbox 956 2213 1111 2255; x_wconf 87' lang='lat' dir='ltr'>majorem</span> <span class='ocrx_word' id='word_1_301' title='bbox 1126 2236 1133 2243; x_wconf 95' lang='lat'><strong>.</strong></span> <span class='ocrx_word' id='word_1_302' title='bbox 1161 2211 1223 2293; x_wconf 51' lang='lat' dir='ltr'>Et!</span> 
     </span>
     <span class='ocr_line' id='line_1_48' title="bbox 320 2261 1206 2310; baseline -0.011 -6"><span class='ocrx_word' id='word_1_303' title='bbox 320 2268 409 2304; x_wconf 76' lang='lat' dir='ltr'>certe</span> <span class='ocrx_word' id='word_1_304' title='bbox 420 2267 494 2310; x_wconf 85' lang='lat' dir='ltr'>quis</span> <span class='ocrx_word' id='word_1_305' title='bbox 505 2265 592 2303; x_wconf 87' lang='lat' dir='ltr'>dicat</span> <span class='ocrx_word' id='word_1_306' title='bbox 605 2275 674 2298; x_wconf 88' lang='lat' dir='ltr'>non</span> <span class='ocrx_word' id='word_1_307' title='bbox 686 2262 854 2307; x_wconf 87' lang='lat' dir='ltr'>probabile</span> <span class='ocrx_word' id='word_1_308' title='bbox 867 2286 878 2302; x_wconf 90' lang='lat'>,</span> <span class='ocrx_word' id='word_1_309' title='bbox 905 2262 958 2295; x_wconf 90' lang='lat' dir='ltr'>cui</span> <span class='ocrx_word' id='word_1_310' title='bbox 980 2271 1068 2295; x_wconf 88' lang='lat' dir='ltr'>tanta</span> <span class='ocrx_word' id='word_1_311' title='bbox 1081 2261 1206 2295; x_wconf 80' lang='lat' dir='ltr'>adsiste-</span> 
     </span>
     <span class='ocr_line' id='line_1_49' title="bbox 321 2305 1222 2375; baseline -0.011 -21"><span class='ocrx_word' id='word_1_312' title='bbox 321 2313 379 2354; x_wconf 82' lang='lat' dir='ltr'>bat</span> <span class='ocrx_word' id='word_1_313' title='bbox 391 2315 594 2352; x_wconf 82' lang='lat' dir='ltr'>authoritas?</span> <span class='ocrx_word' id='word_1_314' title='bbox 621 2315 709 2361; x_wconf 85' lang='lat' dir='ltr'>Qis</span> <span class='ocrx_word' id='word_1_315' title='bbox 719 2313 806 2347; x_wconf 90' lang='lat' dir='ltr'>dicat</span> <span class='ocrx_word' id='word_1_316' title='bbox 816 2311 902 2346; x_wconf 85' lang='lat' dir='ltr'>hanc</span> <span class='ocrx_word' id='word_1_317' title='bbox 913 2323 969 2346; x_wconf 91' lang='lat' dir='ltr'>aut</span> <span class='ocrx_word' id='word_1_318' title='bbox 981 2312 1074 2347; x_wconf 83' lang='lat' dir='ltr'>istam</span> <span class='ocrx_word' id='word_1_319' title='bbox 1090 2305 1222 2375; x_wconf 72' lang='lat' dir='ltr'>Eccle-&#39;</span> 
     </span>
     <span class='ocr_line' id='line_1_50' title="bbox 321 2361 1223 2408; baseline -0.006 -5"><span class='ocrx_word' id='word_1_320' title='bbox 321 2371 402 2403; x_wconf 85' lang='lat' dir='ltr'>fiam</span> <span class='ocrx_word' id='word_1_321' title='bbox 414 2366 590 2403; x_wconf 83' lang='lat' dir='ltr'>mortaliter</span> <span class='ocrx_word' id='word_1_322' title='bbox 601 2364 790 2408; x_wconf 78' lang='lat' dir='ltr'>deliquisse?</span> <span class='ocrx_word' id='word_1_323' title='bbox 819 2362 862 2397; x_wconf 84' lang='lat' dir='ltr'>Et</span> <span class='ocrx_word' id='word_1_324' title='bbox 874 2373 982 2397; x_wconf 88' lang='lat' dir='ltr'>tamen</span> <span class='ocrx_word' id='word_1_325' title='bbox 995 2363 1092 2401; x_wconf 83' lang='lat' dir='ltr'>altera</span> <span class='ocrx_word' id='word_1_326' title='bbox 1104 2361 1207 2398; x_wconf 74' lang='lat' dir='ltr'>devia·-</span> <span class='ocrx_word' id='word_1_327' title='bbox 1219 2378 1223 2383; x_wconf 90' lang='lat'><strong>·</strong></span> 
     </span>
    </p>
   </div>
   <div class='ocr_carea' id='block_1_6' title="bbox 323 2415 659 2461">
    <p class='ocr_par' dir='ltr' id='par_1_7' title="bbox 323 2415 659 2461">
     <span class='ocr_line' id='line_1_51' title="bbox 323 2415 659 2461; baseline -0.024 -6"><span class='ocrx_word' id='word_1_328' title='bbox 323 2419 380 2459; x_wconf 82' lang='lat' dir='ltr'>bat</span> <span class='ocrx_word' id='word_1_329' title='bbox 391 2418 408 2452; x_wconf 75' lang='lat' dir='ltr'>a</span> <span class='ocrx_word' id='word_1_330' title='bbox 420 2417 489 2461; x_wconf 86' lang='lat' dir='ltr'>jure</span> <span class='ocrx_word' id='word_1_331' title='bbox 500 2415 659 2453; x_wconf 84' lang='lat' dir='ltr'>naturali.</span> 
     </span>
    </p>
   </div>
   <div class='ocr_carea' id='block_1_7' title="bbox 1217 2385 1225 2513">
    <p class='ocr_par' dir='ltr' id='par_1_8' title="bbox 1217 2385 1225 2513">
     <span class='ocr_line' id='line_1_52' title="bbox 1217 2385 1225 2513; baseline 0 1223"><span class='ocrx_word' id='word_1_332' title='bbox 1217 2385 1225 2513; x_wconf 95' lang='lat' dir='ltr'> </span> 
     </span>
    </p>
   </div>
   <div class='ocr_carea' id='block_1_8' title="bbox 504 2643 1032 2690">
    <p class='ocr_par' dir='ltr' id='par_1_9' title="bbox 504 2643 1032 2690">
     <span class='ocr_line' id='line_1_53' title="bbox 504 2643 1032 2690; baseline -0.006 -12"><span class='ocrx_word' id='word_1_333' title='bbox 504 2649 576 2682; x_wconf 57' lang='grc' dir='ltr'>Ηώς</span> <span class='ocrx_word' id='word_1_334' title='bbox 592 2643 754 2690; x_wconf 79' lang='lat' dir='ltr'>firmantur</span> <span class='ocrx_word' id='word_1_335' title='bbox 777 2645 846 2677; x_wconf 81' lang='lat' dir='ltr'>aliis</span> <span class='ocrx_word' id='word_1_336' title='bbox 869 2645 1032 2689; x_wconf 76' lang='lat' dir='ltr'>exemplis.</span> 
     </span>
    </p>
   </div>
   <div class='ocr_carea' id='block_1_9' title="bbox 528 2515 1227 2733">
    <p class='ocr_par' dir='ltr' id='par_1_10' title="bbox 528 2515 1227 2733">
     <span class='ocr_line' id='line_1_54' title="bbox 528 2515 1227 2733; baseline 0.001 -172"><span class='ocrx_word' id='word_1_337' title='bbox 528 2525 802 2564; x_wconf 82' lang='lat' dir='ltr'>CAPUT</span> <span class='ocrx_word' id='word_1_338' title='bbox 878 2524 1007 2562; x_wconf 70' lang='lat' dir='ltr'>vut</span> <span class='ocrx_word' id='word_1_339' title='bbox 1218 2515 1227 2733; x_wconf 73' lang='grc' dir='ltr'>Ι</span> 
     </span>
    </p>
   </div>
   <div class='ocr_carea' id='block_1_10' title="bbox 325 2752 1219 3565">
    <p class='ocr_par' dir='ltr' id='par_1_11' title="bbox 325 2752 1219 3565">
     <span class='ocr_line' id='line_1_55' title="bbox 381 2752 1212 2808; baseline 0.002 -12"><span class='ocrx_word' id='word_1_340' title='bbox 381 2767 415 2801; x_wconf 85' lang='lat' dir='ltr'>N</span> <span class='ocrx_word' id='word_1_341' title='bbox 443 2759 541 2808; x_wconf 88' lang='lat' dir='ltr'>priori</span> <span class='ocrx_word' id='word_1_342' title='bbox 552 2758 593 2794; x_wconf 87' lang='lat' dir='ltr'>ad</span> <span class='ocrx_word' id='word_1_343' title='bbox 605 2759 750 2793; x_wconf 67' lang='lat' dir='ltr'>sana-um</span> <span class='ocrx_word' id='word_1_344' title='bbox 764 2752 1039 2802; x_wconf 86' lang='lat' dir='ltr'>Amphilochium</span> <span class='ocrx_word' id='word_1_345' title='bbox 1062 2761 1212 2797; x_wconf 88' lang='lat' dir='ltr'>Iconien·</span> 
     </span>
     <span class='ocr_line' id='line_1_56' title="bbox 407 2809 1212 2856; baseline 0.004 -12"><span class='ocrx_word' id='word_1_346' title='bbox 407 2818 472 2850; x_wconf 76' lang='lat' dir='ltr'>sem</span> <span class='ocrx_word' id='word_1_347' title='bbox 493 2811 692 2855; x_wconf 83' lang='lat' dir='ltr'>Episcopum</span> <span class='ocrx_word' id='word_1_348' title='bbox 715 2809 881 2844; x_wconf 88' lang='lat' dir='ltr'>Decretali</span> <span class='ocrx_word' id='word_1_349' title='bbox 909 2809 1053 2851; x_wconf 88' lang='lat' dir='ltr'>Epistola</span> <span class='ocrx_word' id='word_1_350' title='bbox 1076 2823 1212 2856; x_wconf 81' lang='lat' dir='ltr'>magnus</span> 
     </span>
     <span class='ocr_line' id='line_1_57' title="bbox 333 2859 1212 2904; baseline -0.003 -5"><span class='ocrx_word' id='word_1_351' title='bbox 333 2867 469 2903; x_wconf 79' lang='lat' dir='ltr'>Basilius</span> <span class='ocrx_word' id='word_1_352' title='bbox 482 2862 581 2899; x_wconf 82' lang='lat' dir='ltr'>habet</span> <span class='ocrx_word' id='word_1_353' title='bbox 592 2860 681 2894; x_wconf 88' lang='lat' dir='ltr'>hunc</span> <span class='ocrx_word' id='word_1_354' title='bbox 692 2859 866 2894; x_wconf 90' lang='lat' dir='ltr'>Canonem</span> <span class='ocrx_word' id='word_1_355' title='bbox 882 2870 889 2892; x_wconf 91' lang='lat'>:</span> <span class='ocrx_word' id='word_1_356' title='bbox 918 2861 1097 2903; x_wconf 71' lang='lat' dir='ltr'>‚Quijurant</span> <span class='ocrx_word' id='word_1_357' title='bbox 1115 2862 1146 2904; x_wconf 85' lang='lat' dir='ltr'>se</span> <span class='ocrx_word' id='word_1_358' title='bbox 1159 2868 1212 2896; x_wconf 69' lang='lat' dir='ltr'>Or·-</span> 
     </span>
     <span class='ocr_line' id='line_1_58' title="bbox 333 2910 1213 2955; baseline -0.006 -6"><span class='ocrx_word' id='word_1_359' title='bbox 333 2920 514 2954; x_wconf 76' lang='lat' dir='ltr'>dinationem</span> <span class='ocrx_word' id='word_1_360' title='bbox 525 2922 582 2945; x_wconf 83' lang='lat' dir='ltr'>non</span> <span class='ocrx_word' id='word_1_361' title='bbox 593 2911 752 2944; x_wconf 74' lang='lat' dir='ltr'>admittere</span> <span class='ocrx_word' id='word_1_362' title='bbox 767 2934 776 2949; x_wconf 90' lang='lat'>‚</span> <span class='ocrx_word' id='word_1_363' title='bbox 801 2910 954 2947; x_wconf 78' lang='lat' dir='ltr'>ejurantes</span> <span class='ocrx_word' id='word_1_364' title='bbox 967 2921 1003 2943; x_wconf 89' lang='lat' dir='ltr'>ne</span> <span class='ocrx_word' id='word_1_365' title='bbox 1014 2921 1153 2955; x_wconf 81' lang='lat' dir='ltr'>cogantur</span> <span class='ocrx_word' id='word_1_366' title='bbox 1163 2923 1213 2955; x_wconf 83' lang='lat' dir='ltr'>pe-</span> 
     </span>
     <span class='ocr_line' id='line_1_59' title="bbox 325 2960 1211 3010; baseline -0.007 -9"><span class='ocrx_word' id='word_1_367' title='bbox 325 2972 431 3010; x_wconf 77' lang='lat' dir='ltr'>jerare</span> <span class='ocrx_word' id='word_1_368' title='bbox 444 2990 451 2997; x_wconf 90' lang='lat'><strong>.</strong></span> <span class='ocrx_word' id='word_1_369' title='bbox 472 2966 501 2998; x_wconf 85' lang='lat' dir='ltr'>E</span> <span class='ocrx_word' id='word_1_370' title='bbox 505 2961 541 3004; x_wconf 85' lang='lat' dir='ltr'>tfi</span> <span class='ocrx_word' id='word_1_371' title='bbox 545 2966 623 2996; x_wconf 78' lang='lat' dir='ltr'>enim</span> <span class='ocrx_word' id='word_1_372' title='bbox 633 2961 774 2994; x_wconf 84' lang='lat' dir='ltr'>videatur</span> <span class='ocrx_word' id='word_1_373' title='bbox 786 2960 835 3002; x_wconf 85' lang='lat' dir='ltr'>effe</span> <span class='ocrx_word' id='word_1_374' title='bbox 845 2961 954 3001; x_wconf 70' lang='lat' dir='ltr'>aliquis</span> <span class='ocrx_word' id='word_1_375' title='bbox 969 2964 1073 2994; x_wconf 82' lang='lat' dir='ltr'>Canon</span> <span class='ocrx_word' id='word_1_376' title='bbox 1087 2986 1096 3002; x_wconf 93' lang='lat'>,</span> <span class='ocrx_word' id='word_1_377' title='bbox 1109 2969 1159 3005; x_wconf 70' lang='lat' dir='ltr'>qut</span> <span class='ocrx_word' id='word_1_378' title='bbox 1169 2970 1211 2998; x_wconf 82' lang='lat' dir='ltr'>eis</span> 
     </span>
     <span class='ocr_line' id='line_1_60' title="bbox 335 3014 1213 3055; baseline -0.008 -2"><span class='ocrx_word' id='word_1_379' title='bbox 335 3017 463 3054; x_wconf 80' lang='lat' dir='ltr'>concedit</span> <span class='ocrx_word' id='word_1_380' title='bbox 473 3036 484 3054; x_wconf 90' lang='lat'>,</span> <span class='ocrx_word' id='word_1_381' title='bbox 510 3014 693 3053; x_wconf 65' lang='lat' dir='ltr'>experientia</span> <span class='ocrx_word' id='word_1_382' title='bbox 704 3017 802 3042; x_wconf 79' lang='lat' dir='ltr'>tamen</span> <span class='ocrx_word' id='word_1_383' title='bbox 813 3015 997 3052; x_wconf 78' lang='lat' dir='ltr'>cognovimus</span> <span class='ocrx_word' id='word_1_384' title='bbox 1009 3023 1057 3044; x_wconf 87' lang='lat' dir='ltr'>eos</span> <span class='ocrx_word' id='word_1_385' title='bbox 1067 3036 1078 3051; x_wconf 91' lang='lat'>,</span> <span class='ocrx_word' id='word_1_386' title='bbox 1104 3019 1156 3055; x_wconf 79' lang='lat' dir='ltr'>qui</span> <span class='ocrx_word' id='word_1_387' title='bbox 1165 3021 1213 3054; x_wconf 86' lang='lat' dir='ltr'>pe-</span> 
     </span>
     <span class='ocr_line' id='line_1_61' title="bbox 328 3059 1213 3111; baseline -0.007 -13"><span class='ocrx_word' id='word_1_388' title='bbox 328 3072 471 3111; x_wconf 75' lang='lat' dir='ltr'>jerarunt</span> <span class='ocrx_word' id='word_1_389' title='bbox 482 3087 493 3103; x_wconf 86' lang='lat'>,</span> <span class='ocrx_word' id='word_1_390' title='bbox 503 3073 559 3095; x_wconf 86' lang='lat' dir='ltr'>non</span> <span class='ocrx_word' id='word_1_391' title='bbox 571 3059 650 3093; x_wconf 62' lang='lat' dir='ltr'>reela</span> <span class='ocrx_word' id='word_1_392' title='bbox 661 3065 714 3092; x_wconf 83' lang='lat' dir='ltr'>via</span> <span class='ocrx_word' id='word_1_393' title='bbox 726 3061 841 3102; x_wconf 76' lang='lat' dir='ltr'>ingredi</span> <span class='ocrx_word' id='word_1_394' title='bbox 853 3085 859 3091; x_wconf 88' lang='lat'>.</span> <span class='ocrx_word' id='word_1_395' title='bbox 884 3059 1105 3101; x_wconf 81' lang='lat' dir='ltr'>Confideranda</span> <span class='ocrx_word' id='word_1_396' title='bbox 1115 3073 1213 3096; x_wconf 81' lang='lat' dir='ltr'>autem</span> 
     </span>
     <span class='ocr_line' id='line_1_62' title="bbox 336 3109 1214 3164; baseline 0.001 -19"><span class='ocrx_word' id='word_1_397' title='bbox 336 3118 409 3164; x_wconf 70' lang='lat' dir='ltr'>sum</span> <span class='ocrx_word' id='word_1_398' title='bbox 421 3114 563 3156; x_wconf 72' lang='lat' dir='ltr'>&amp;forma</span> <span class='ocrx_word' id='word_1_399' title='bbox 574 3111 607 3145; x_wconf 57' lang='grc' dir='ltr'>(θ’</span> <span class='ocrx_word' id='word_1_400' title='bbox 618 3109 711 3144; x_wconf 79' lang='lat' dir='ltr'>verba</span> <span class='ocrx_word' id='word_1_401' title='bbox 719 3111 929 3153; x_wconf 73' lang='lat' dir='ltr'>jurisjurandi</span> <span class='ocrx_word' id='word_1_402' title='bbox 939 3134 950 3149; x_wconf 92' lang='lat'>,</span> <span class='ocrx_word' id='word_1_403' title='bbox 976 3113 1009 3144; x_wconf 57' lang='grc' dir='ltr'>(τ’</span> <span class='ocrx_word' id='word_1_404' title='bbox 1019 3111 1131 3152; x_wconf 67' lang='lat' dir='ltr'>affeblio</span> <span class='ocrx_word' id='word_1_405' title='bbox 1144 3137 1155 3153; x_wconf 96' lang='lat'>,</span> <span class='ocrx_word' id='word_1_406' title='bbox 1181 3116 1214 3148; x_wconf 69' lang='lat'>&lt;55</span> 
     </span>
     <span class='ocr_line' id='line_1_63' title="bbox 340 3158 1215 3208; baseline 0.002 -15"><span class='ocrx_word' id='word_1_407' title='bbox 340 3180 389 3203; x_wconf 60' lang='grc' dir='ltr'>,Ἡ</span> <span class='ocrx_word' id='word_1_408' title='bbox 406 3174 461 3208; x_wconf 71' lang='lat' dir='ltr'>pro</span> <span class='ocrx_word' id='word_1_409' title='bbox 471 3174 528 3206; x_wconf 89' lang='lat' dir='ltr'>qua</span> <span class='ocrx_word' id='word_1_410' title='bbox 533 3162 679 3202; x_wconf 82' lang='lat' dir='ltr'>jurarunt</span> <span class='ocrx_word' id='word_1_411' title='bbox 690 3184 700 3200; x_wconf 90' lang='lat'>,</span> <span class='ocrx_word' id='word_1_412' title='bbox 728 3161 761 3193; x_wconf 70' lang='grc'>(9·</span> <span class='ocrx_word' id='word_1_413' title='bbox 774 3171 841 3200; x_wconf 82' lang='lat' dir='ltr'>quae</span> <span class='ocrx_word' id='word_1_414' title='bbox 848 3158 998 3203; x_wconf 73' lang='lat' dir='ltr'>subtiliter</span> <span class='ocrx_word' id='word_1_415' title='bbox 1011 3167 1044 3194; x_wconf 82' lang='lat' dir='ltr'>in</span> <span class='ocrx_word' id='word_1_416' title='bbox 1057 3163 1158 3195; x_wconf 78' lang='lat' dir='ltr'>verbis</span> <span class='ocrx_word' id='word_1_417' title='bbox 1163 3163 1215 3206; x_wconf 84' lang='lat' dir='ltr'>fa·</span> 
     </span>
     <span class='ocr_line' id='line_1_64' title="bbox 342 3208 1213 3259; baseline -0.001 -12"><span class='ocrx_word' id='word_1_418' title='bbox 342 3220 391 3252; x_wconf 63' lang='lat' dir='ltr'>ela</span> <span class='ocrx_word' id='word_1_419' title='bbox 411 3214 483 3259; x_wconf 86' lang='lat' dir='ltr'>sunt</span> <span class='ocrx_word' id='word_1_420' title='bbox 492 3212 719 3245; x_wconf 83' lang='lat' dir='ltr'>additamenta.</span> <span class='ocrx_word' id='word_1_421' title='bbox 746 3213 831 3243; x_wconf 82' lang='lat' dir='ltr'>Nam</span> <span class='ocrx_word' id='word_1_422' title='bbox 836 3208 866 3250; x_wconf 81' lang='lat' dir='ltr'><em>fi</em></span> <span class='ocrx_word' id='word_1_423' title='bbox 871 3212 953 3243; x_wconf 84' lang='lat' dir='ltr'>nulla</span> <span class='ocrx_word' id='word_1_424' title='bbox 969 3210 1007 3251; x_wconf 81' lang='lat' dir='ltr'>fit</span> <span class='ocrx_word' id='word_1_425' title='bbox 1026 3214 1147 3254; x_wconf 70' lang='lat' dir='ltr'>penitus</span> <span class='ocrx_word' id='word_1_426' title='bbox 1167 3225 1213 3246; x_wconf 84' lang='lat' dir='ltr'>ex-</span> 
     </span>
     <span class='ocr_line' id='line_1_65' title="bbox 344 3259 1214 3311; baseline -0.008 -12"><span class='ocrx_word' id='word_1_427' title='bbox 344 3266 473 3311; x_wconf 83' lang='lat' dir='ltr'>cusatio,</span> <span class='ocrx_word' id='word_1_428' title='bbox 497 3264 525 3306; x_wconf 78' lang='lat' dir='ltr'>ji</span> <span class='ocrx_word' id='word_1_429' title='bbox 538 3259 735 3304; x_wconf 70' lang='lat' dir='ltr'>suntomnino</span> <span class='ocrx_word' id='word_1_430' title='bbox 749 3261 940 3293; x_wconf 81' lang='lat' dir='ltr'>dimittendi.</span> <span class='ocrx_word' id='word_1_431' title='bbox 965 3261 1067 3309; x_wconf 82' lang='lat' dir='ltr'>Qod</span> <span class='ocrx_word' id='word_1_432' title='bbox 1080 3274 1145 3298; x_wconf 85' lang='lat' dir='ltr'>non</span> <span class='ocrx_word' id='word_1_433' title='bbox 1171 3265 1214 3298; x_wconf 82' lang='lat' dir='ltr'>so-</span> 
     </span>
     <span class='ocr_line' id='line_1_66' title="bbox 345 3309 1214 3356; baseline -0.008 -3"><span class='ocrx_word' id='word_1_434' title='bbox 345 3320 376 3353; x_wconf 88' lang='lat' dir='ltr'>la</span> <span class='ocrx_word' id='word_1_435' title='bbox 388 3312 559 3350; x_wconf 86' lang='lat' dir='ltr'>Canonica</span> <span class='ocrx_word' id='word_1_436' title='bbox 569 3309 681 3343; x_wconf 68' lang='lat' dir='ltr'>eleuio</span> <span class='ocrx_word' id='word_1_437' title='bbox 693 3333 703 3348; x_wconf 93' lang='lat'>‚</span> <span class='ocrx_word' id='word_1_438' title='bbox 731 3309 783 3344; x_wconf 89' lang='lat' dir='ltr'>sed</span> <span class='ocrx_word' id='word_1_439' title='bbox 795 3309 894 3343; x_wconf 84' lang='lat' dir='ltr'>etiam</span> <span class='ocrx_word' id='word_1_440' title='bbox 917 3311 1079 3347; x_wconf 88' lang='lat' dir='ltr'>violentus</span> <span class='ocrx_word' id='word_1_441' title='bbox 1104 3315 1214 3356; x_wconf 82' lang='lat' dir='ltr'>populi</span> 
     </span>
     <span class='ocr_line' id='line_1_67' title="bbox 347 3360 1215 3408; baseline 0.001 -12"><span class='ocrx_word' id='word_1_442' title='bbox 347 3379 384 3402; x_wconf 68' lang='lat' dir='ltr'>ac</span> <span class='ocrx_word' id='word_1_443' title='bbox 400 3366 631 3408; x_wconf 84' lang='lat' dir='ltr'>Episcoporum</span> <span class='ocrx_word' id='word_1_444' title='bbox 644 3369 752 3403; x_wconf 86' lang='lat' dir='ltr'>raptus</span> <span class='ocrx_word' id='word_1_445' title='bbox 765 3360 920 3401; x_wconf 87' lang='lat' dir='ltr'>quosdam</span> <span class='ocrx_word' id='word_1_446' title='bbox 931 3361 970 3394; x_wconf 88' lang='lat' dir='ltr'>ad</span> <span class='ocrx_word' id='word_1_447' title='bbox 985 3362 1215 3405; x_wconf 83' lang='lat' dir='ltr'>Episcopatum</span> 
     </span>
     <span class='ocr_line' id='line_1_68' title="bbox 349 3409 1215 3451; baseline -0.002 -5"><span class='ocrx_word' id='word_1_448' title='bbox 349 3427 387 3451; x_wconf 80' lang='lat' dir='ltr'>ac</span> <span class='ocrx_word' id='word_1_449' title='bbox 398 3416 478 3447; x_wconf 84' lang='lat' dir='ltr'>alios</span> <span class='ocrx_word' id='word_1_450' title='bbox 491 3414 594 3447; x_wconf 81' lang='lat' dir='ltr'>sacros</span> <span class='ocrx_word' id='word_1_451' title='bbox 604 3410 747 3445; x_wconf 88' lang='lat' dir='ltr'>Ordines</span> <span class='ocrx_word' id='word_1_452' title='bbox 756 3409 836 3442; x_wconf 86' lang='lat' dir='ltr'>olim</span> <span class='ocrx_word' id='word_1_453' title='bbox 848 3411 988 3444; x_wconf 83' lang='lat' dir='ltr'>evexerit</span> <span class='ocrx_word' id='word_1_454' title='bbox 999 3435 1009 3451; x_wconf 96' lang='lat'>,</span> <span class='ocrx_word' id='word_1_455' title='bbox 1034 3412 1078 3447; x_wconf 88' lang='lat' dir='ltr'>est</span> <span class='ocrx_word' id='word_1_456' title='bbox 1103 3413 1215 3447; x_wconf 88' lang='lat' dir='ltr'>Erudi.</span> 
     </span>
     <span class='ocr_line' id='line_1_69' title="bbox 350 3458 1217 3505; baseline -0.005 -4"><span class='ocrx_word' id='word_1_457' title='bbox 350 3468 393 3501; x_wconf 87' lang='lat' dir='ltr'>tis</span> <span class='ocrx_word' id='word_1_458' title='bbox 405 3463 604 3505; x_wconf 86' lang='lat' dir='ltr'>exploratum</span> <span class='ocrx_word' id='word_1_459' title='bbox 614 3483 622 3493; x_wconf 85' lang='lat'><em>.</em></span> <span class='ocrx_word' id='word_1_460' title='bbox 652 3458 693 3494; x_wconf 86' lang='lat' dir='ltr'>Et</span> <span class='ocrx_word' id='word_1_461' title='bbox 705 3459 744 3493; x_wconf 82' lang='lat' dir='ltr'>de</span> <span class='ocrx_word' id='word_1_462' title='bbox 754 3458 861 3493; x_wconf 68' lang='lat' dir='ltr'>electis</span> <span class='ocrx_word' id='word_1_463' title='bbox 873 3482 883 3498; x_wconf 86' lang='lat'>,</span> <span class='ocrx_word' id='word_1_464' title='bbox 903 3462 1073 3502; x_wconf 79' lang='lat' dir='ltr'>praesertim</span> <span class='ocrx_word' id='word_1_465' title='bbox 1092 3463 1217 3505; x_wconf 87' lang='lat' dir='ltr'>Episco-</span> 
     </span>
     <span class='ocr_line' id='line_1_70' title="bbox 353 3509 1219 3565; baseline 0.002 -18"><span class='ocrx_word' id='word_1_466' title='bbox 353 3517 402 3565; x_wconf 75' lang='lat' dir='ltr'>pis</span> <span class='ocrx_word' id='word_1_467' title='bbox 414 3538 425 3556; x_wconf 97' lang='lat'>,</span> <span class='ocrx_word' id='word_1_468' title='bbox 450 3512 492 3547; x_wconf 89' lang='lat' dir='ltr'>ad</span> <span class='ocrx_word' id='word_1_469' title='bbox 513 3512 693 3546; x_wconf 79' lang='lat' dir='ltr'>Donatum</span> <span class='ocrx_word' id='word_1_470' title='bbox 719 3509 968 3546; x_wconf 77' lang='lat' dir='ltr'>Donatistarum</span> <span class='ocrx_word' id='word_1_471' title='bbox 995 3511 1219 3559; x_wconf 81' lang='lat' dir='ltr'>Presbyterum</span> 
     </span>
    </p>
   </div>
   <div class='ocr_carea' id='block_1_11' title="bbox 1260 471 2165 3614">
    <p class='ocr_par' dir='ltr' id='par_1_12' title="bbox 1274 471 2165 1163">
     <span class='ocr_line' id='line_1_71' title="bbox 1276 471 2161 520; baseline 0.007 -20"><span class='ocrx_word' id='word_1_472' title='bbox 1276 476 1364 504; x_wconf 78' lang='lat' dir='ltr'>tanta</span> <span class='ocrx_word' id='word_1_473' title='bbox 1377 481 1444 511; x_wconf 80' lang='lat' dir='ltr'>quae</span> <span class='ocrx_word' id='word_1_474' title='bbox 1457 471 1561 507; x_wconf 72' lang='lat' dir='ltr'>nolunt</span> <span class='ocrx_word' id='word_1_475' title='bbox 1574 494 1585 510; x_wconf 88' lang='lat'>‚</span> <span class='ocrx_word' id='word_1_476' title='bbox 1611 472 1700 503; x_wconf 83' lang='lat' dir='ltr'>donec</span> <span class='ocrx_word' id='word_1_477' title='bbox 1710 477 1753 504; x_wconf 80' lang='lat' dir='ltr'>ets</span> <span class='ocrx_word' id='word_1_478' title='bbox 1763 471 1839 513; x_wconf 80' lang='lat' dir='ltr'>adsit</span> <span class='ocrx_word' id='word_1_479' title='bbox 1852 474 1994 507; x_wconf 83' lang='lat' dir='ltr'>voluntas</span> <span class='ocrx_word' id='word_1_480' title='bbox 2001 474 2161 520; x_wconf 59' lang='lat' dir='ltr'>[usupra.</span> 
     </span>
     <span class='ocr_line' id='line_1_72' title="bbox 1276 519 2163 566; baseline 0.015 -17"><span class='ocrx_word' id='word_1_481' title='bbox 1276 519 1308 554; x_wconf 76' lang='lat' dir='ltr'>dt</span> <span class='ocrx_word' id='word_1_482' title='bbox 1329 525 1422 560; x_wconf 82' lang='lat' dir='ltr'>operis</span> <span class='ocrx_word' id='word_1_483' title='bbox 1444 519 1512 553; x_wconf 77' lang='lat' dir='ltr'>bont</span> <span class='ocrx_word' id='word_1_484' title='bbox 1534 544 1542 552; x_wconf 91' lang='lat'><strong>.</strong></span> <span class='ocrx_word' id='word_1_485' title='bbox 1582 519 1733 566; x_wconf 71' lang='lat' dir='ltr'>Quidam</span> <span class='ocrx_word' id='word_1_486' title='bbox 1756 523 1943 566; x_wconf 85' lang='lat' dir='ltr'>semetipsos</span> <span class='ocrx_word' id='word_1_487' title='bbox 1974 534 2163 563; x_wconf 85' lang='lat' dir='ltr'>truncarunt</span> 
     </span>
     <span class='ocr_line' id='line_1_73' title="bbox 1277 568 2165 619; baseline 0.012 -19"><span class='ocrx_word' id='word_1_488' title='bbox 1277 568 1414 610; x_wconf 88' lang='lat' dir='ltr'>pollice:</span> <span class='ocrx_word' id='word_1_489' title='bbox 1444 569 1560 604; x_wconf 77' lang='lat' dir='ltr'>imo&amp;</span> <span class='ocrx_word' id='word_1_490' title='bbox 1582 570 1738 605; x_wconf 84' lang='lat' dir='ltr'>auribus.</span> <span class='ocrx_word' id='word_1_491' title='bbox 1766 572 1838 606; x_wconf 89' lang='lat' dir='ltr'>Alii</span> <span class='ocrx_word' id='word_1_492' title='bbox 1859 572 2006 615; x_wconf 85' lang='lat' dir='ltr'>jurarunt</span> <span class='ocrx_word' id='word_1_493' title='bbox 2031 575 2165 619; x_wconf 85' lang='lat' dir='ltr'>Episco-</span> 
     </span>
     <span class='ocr_line' id='line_1_74' title="bbox 1276 620 2162 672; baseline 0.011 -21"><span class='ocrx_word' id='word_1_494' title='bbox 1276 629 1387 660; x_wconf 83' lang='lat' dir='ltr'>patum</span> <span class='ocrx_word' id='word_1_495' title='bbox 1414 629 1469 653; x_wconf 83' lang='lat' dir='ltr'>aut</span> <span class='ocrx_word' id='word_1_496' title='bbox 1489 620 1694 658; x_wconf 85' lang='lat' dir='ltr'>Clericatum</span> <span class='ocrx_word' id='word_1_497' title='bbox 1714 632 1881 665; x_wconf 88' lang='lat' dir='ltr'>nunquam</span> <span class='ocrx_word' id='word_1_498' title='bbox 1905 624 2061 672; x_wconf 84' lang='lat' dir='ltr'>suscipere</span> <span class='ocrx_word' id='word_1_499' title='bbox 2083 651 2090 659; x_wconf 93' lang='lat'><em>.</em></span> <span class='ocrx_word' id='word_1_500' title='bbox 2118 627 2162 662; x_wconf 92' lang='lat' dir='ltr'>Et</span> 
     </span>
     <span class='ocr_line' id='line_1_75' title="bbox 1276 666 2162 715; baseline 0.012 -15"><span class='ocrx_word' id='word_1_501' title='bbox 1276 668 1316 701; x_wconf 91' lang='lat' dir='ltr'>de</span> <span class='ocrx_word' id='word_1_502' title='bbox 1328 666 1379 706; x_wconf 88' lang='lat' dir='ltr'>his</span> <span class='ocrx_word' id='word_1_503' title='bbox 1404 670 1527 704; x_wconf 68' lang='lat' dir='ltr'>sanctus</span> <span class='ocrx_word' id='word_1_504' title='bbox 1550 667 1811 713; x_wconf 84' lang='lat' dir='ltr'>Amphilochius</span> <span class='ocrx_word' id='word_1_505' title='bbox 1832 673 1996 715; x_wconf 83' lang='lat' dir='ltr'>quaesivit,</span> <span class='ocrx_word' id='word_1_506' title='bbox 2031 686 2072 710; x_wconf 85' lang='lat' dir='ltr'>an</span> <span class='ocrx_word' id='word_1_507' title='bbox 2098 678 2162 712; x_wconf 88' lang='lat' dir='ltr'>tale</span> 
     </span>
     <span class='ocr_line' id='line_1_76' title="bbox 1274 718 2162 769; baseline 0.011 -18"><span class='ocrx_word' id='word_1_508' title='bbox 1274 718 1492 761; x_wconf 84' lang='lat' dir='ltr'>juramentum</span> <span class='ocrx_word' id='word_1_509' title='bbox 1503 721 1581 754; x_wconf 77' lang='lat' dir='ltr'>eflet</span> <span class='ocrx_word' id='word_1_510' title='bbox 1602 720 1750 760; x_wconf 88' lang='lat' dir='ltr'>licitum,</span> <span class='ocrx_word' id='word_1_511' title='bbox 1779 721 2036 769; x_wconf 86' lang='lat' dir='ltr'>obligatorium,</span> <span class='ocrx_word' id='word_1_512' title='bbox 2061 737 2100 760; x_wconf 88' lang='lat' dir='ltr'>ac</span> <span class='ocrx_word' id='word_1_513' title='bbox 2111 738 2162 761; x_wconf 90' lang='lat' dir='ltr'>ve-</span> 
     </span>
     <span class='ocr_line' id='line_1_77' title="bbox 1277 768 2164 817; baseline 0.009 -15"><span class='ocrx_word' id='word_1_514' title='bbox 1277 768 1478 803; x_wconf 83' lang='lat' dir='ltr'>nerandum?</span> <span class='ocrx_word' id='word_1_515' title='bbox 1505 770 1548 803; x_wconf 90' lang='lat' dir='ltr'>Et</span> <span class='ocrx_word' id='word_1_516' title='bbox 1569 782 1709 815; x_wconf 88' lang='lat' dir='ltr'>magnus</span> <span class='ocrx_word' id='word_1_517' title='bbox 1731 772 2051 817; x_wconf 78' lang='lat' dir='ltr'>Basiliusrespondit</span> <span class='ocrx_word' id='word_1_518' title='bbox 2078 777 2164 810; x_wconf 85' lang='lat' dir='ltr'>affir—</span> 
     </span>
     <span class='ocr_line' id='line_1_78' title="bbox 1275 818 2164 865; baseline 0.009 -13"><span class='ocrx_word' id='word_1_519' title='bbox 1275 818 1413 853; x_wconf 79' lang='lat' dir='ltr'>mative.</span> <span class='ocrx_word' id='word_1_520' title='bbox 1444 819 1550 855; x_wconf 83' lang='lat' dir='ltr'>Addit</span> <span class='ocrx_word' id='word_1_521' title='bbox 1577 831 1686 855; x_wconf 83' lang='lat' dir='ltr'>tamen</span> <span class='ocrx_word' id='word_1_522' title='bbox 1709 821 1882 865; x_wconf 81' lang='lat' dir='ltr'>juramenti</span> <span class='ocrx_word' id='word_1_523' title='bbox 1904 824 2069 865; x_wconf 84' lang='lat' dir='ltr'>formam,</span> <span class='ocrx_word' id='word_1_524' title='bbox 2095 828 2164 860; x_wconf 52' lang='lat' dir='ltr'>vet*-</span> 
     </span>
     <span class='ocr_line' id='line_1_79' title="bbox 1274 868 2162 919; baseline 0.01 -18"><span class='ocrx_word' id='word_1_525' title='bbox 1274 868 1314 906; x_wconf 82' lang='lat' dir='ltr'>ba</span> <span class='ocrx_word' id='word_1_526' title='bbox 1330 894 1341 909; x_wconf 89' lang='lat'>,</span> <span class='ocrx_word' id='word_1_527' title='bbox 1367 869 1489 910; x_wconf 87' lang='lat' dir='ltr'>finem,</span> <span class='ocrx_word' id='word_1_528' title='bbox 1515 871 1652 906; x_wconf 86' lang='lat' dir='ltr'>modum</span> <span class='ocrx_word' id='word_1_529' title='bbox 1675 895 1687 912; x_wconf 89' lang='lat'>‚</span> <span class='ocrx_word' id='word_1_530' title='bbox 1724 872 1866 919; x_wconf 87' lang='lat' dir='ltr'>aliasque</span> <span class='ocrx_word' id='word_1_531' title='bbox 1903 873 2162 910; x_wconf 84' lang='lat' dir='ltr'>circumstantias</span> 
     </span>
     <span class='ocr_line' id='line_1_80' title="bbox 1275 919 2159 964; baseline 0.01 -13"><span class='ocrx_word' id='word_1_532' title='bbox 1275 919 1397 953; x_wconf 78' lang='lat' dir='ltr'>mature</span> <span class='ocrx_word' id='word_1_533' title='bbox 1433 920 1649 956; x_wconf 88' lang='lat' dir='ltr'>discutienda.</span> <span class='ocrx_word' id='word_1_534' title='bbox 1679 922 1933 958; x_wconf 88' lang='lat' dir='ltr'>Discutiendum</span> <span class='ocrx_word' id='word_1_535' title='bbox 1955 948 1966 964; x_wconf 85' lang='lat'>,</span> <span class='ocrx_word' id='word_1_536' title='bbox 1992 935 2036 958; x_wconf 88' lang='lat' dir='ltr'>an</span> <span class='ocrx_word' id='word_1_537' title='bbox 2071 924 2159 960; x_wconf 77' lang='lat' dir='ltr'>nihil</span> 
     </span>
     <span class='ocr_line' id='line_1_81' title="bbox 1275 968 2162 1017; baseline 0.009 -16"><span class='ocrx_word' id='word_1_538' title='bbox 1275 968 1471 1006; x_wconf 78' lang='lat' dir='ltr'>Herodianae</span> <span class='ocrx_word' id='word_1_539' title='bbox 1493 970 1670 1017; x_wconf 83' lang='lat' dir='ltr'>impietatis</span> <span class='ocrx_word' id='word_1_540' title='bbox 1691 997 1702 1012; x_wconf 94' lang='lat'>,</span> <span class='ocrx_word' id='word_1_541' title='bbox 1729 984 1797 1016; x_wconf 82' lang='lat' dir='ltr'>quae</span> <span class='ocrx_word' id='word_1_542' title='bbox 1812 973 2030 1016; x_wconf 79' lang='lat' dir='ltr'>juramentum</span> <span class='ocrx_word' id='word_1_543' title='bbox 2053 973 2162 1016; x_wconf 84' lang='lat' dir='ltr'>inqui-</span> 
     </span>
     <span class='ocr_line' id='line_1_82' title="bbox 1275 1021 2157 1062; baseline 0.011 -11"><span class='ocrx_word' id='word_1_544' title='bbox 1275 1028 1329 1052; x_wconf 89' lang='lat' dir='ltr'>net</span> <span class='ocrx_word' id='word_1_545' title='bbox 1341 1030 1379 1054; x_wconf 87' lang='lat' dir='ltr'>ac</span> <span class='ocrx_word' id='word_1_546' title='bbox 1390 1021 1541 1059; x_wconf 63' lang='lat' dir='ltr'>exsufflet</span> <span class='ocrx_word' id='word_1_547' title='bbox 1554 1046 1565 1062; x_wconf 94' lang='lat'>,</span> <span class='ocrx_word' id='word_1_548' title='bbox 1591 1022 1627 1057; x_wconf 89' lang='lat' dir='ltr'>sit</span> <span class='ocrx_word' id='word_1_549' title='bbox 1639 1022 1824 1058; x_wconf 84' lang='lat' dir='ltr'>admixtum</span> <span class='ocrx_word' id='word_1_550' title='bbox 1838 1048 1844 1055; x_wconf 95' lang='lat'>.</span> <span class='ocrx_word' id='word_1_551' title='bbox 1872 1025 1904 1058; x_wconf 89' lang='lat' dir='ltr'>Si</span> <span class='ocrx_word' id='word_1_552' title='bbox 1920 1024 1968 1057; x_wconf 89' lang='lat' dir='ltr'>nil</span> <span class='ocrx_word' id='word_1_553' title='bbox 1979 1024 2044 1057; x_wconf 87' lang='lat' dir='ltr'>tale</span> <span class='ocrx_word' id='word_1_554' title='bbox 2053 1024 2157 1061; x_wconf 88' lang='lat' dir='ltr'>admi·</span> 
     </span>
     <span class='ocr_line' id='line_1_83' title="bbox 1275 1069 2159 1121; baseline 0.01 -20"><span class='ocrx_word' id='word_1_555' title='bbox 1275 1069 1417 1111; x_wconf 82' lang='lat' dir='ltr'>secatur,</span> <span class='ocrx_word' id='word_1_556' title='bbox 1442 1072 1568 1106; x_wconf 87' lang='lat' dir='ltr'>censuit</span> <span class='ocrx_word' id='word_1_557' title='bbox 1580 1072 1798 1115; x_wconf 80' lang='lat' dir='ltr'>juramentum</span> <span class='ocrx_word' id='word_1_558' title='bbox 1818 1074 1881 1112; x_wconf 81' lang='lat' dir='ltr'>effe</span> <span class='ocrx_word' id='word_1_559' title='bbox 1896 1074 2159 1121; x_wconf 68' lang='lat' dir='ltr'>obligatorium,</span> 
     </span>
     <span class='ocr_line' id='line_1_84' title="bbox 1274 1119 2126 1163; baseline 0.007 -11"><span class='ocrx_word' id='word_1_560' title='bbox 1274 1119 1412 1163; x_wconf 90' lang='lat' dir='ltr'>ideoque</span> <span class='ocrx_word' id='word_1_561' title='bbox 1427 1120 1444 1153; x_wconf 73' lang='grc' dir='ltr'>ὲ</span> <span class='ocrx_word' id='word_1_562' title='bbox 1455 1122 1580 1155; x_wconf 62' lang='lat' dir='ltr'>cunctis</span> <span class='ocrx_word' id='word_1_563' title='bbox 1592 1123 1811 1157; x_wconf 88' lang='lat' dir='ltr'>venerandum</span> <span class='ocrx_word' id='word_1_564' title='bbox 1828 1149 1835 1155; x_wconf 91' lang='lat'>.</span> <span class='ocrx_word' id='word_1_565' title='bbox 2123 1127 2126 1130; x_wconf 84' lang='grc'>’</span> 
     </span>
    </p>

    <p class='ocr_par' dir='ltr' id='par_1_13' title="bbox 1260 1169 2163 2850">
     <span class='ocr_line' id='line_1_85' title="bbox 1277 1169 2158 1218; baseline 0.007 -16"><span class='ocrx_word' id='word_1_566' title='bbox 1277 1193 1281 1197; x_wconf 50' lang='lat'><em>2</em></span> <span class='ocrx_word' id='word_1_567' title='bbox 1317 1169 1478 1218; x_wconf 15' lang='lat' dir='ltr'>*Ejusdem</span> <span class='ocrx_word' id='word_1_568' title='bbox 1495 1172 1661 1206; x_wconf 85' lang='lat' dir='ltr'>sententiae</span> <span class='ocrx_word' id='word_1_569' title='bbox 1671 1173 1734 1206; x_wconf 89' lang='lat' dir='ltr'>fuit</span> <span class='ocrx_word' id='word_1_570' title='bbox 1747 1175 1778 1207; x_wconf 89' lang='lat' dir='ltr'>in</span> <span class='ocrx_word' id='word_1_571' title='bbox 1794 1173 1942 1218; x_wconf 88' lang='lat' dir='ltr'>Dialogo</span> <span class='ocrx_word' id='word_1_572' title='bbox 1953 1185 2029 1213; x_wconf 79' lang='lat' dir='ltr'>cum</span> <span class='ocrx_word' id='word_1_573' title='bbox 2042 1173 2158 1210; x_wconf 80' lang='lat' dir='ltr'>Theo.-</span> 
     </span>
     <span class='ocr_line' id='line_1_86' title="bbox 1271 1217 2157 1259; baseline 0.011 -9"><span class='ocrx_word' id='word_1_574' title='bbox 1271 1217 1354 1251; x_wconf 70' lang='grc' dir='ltr'><strong>ἀοι-ο</strong></span> <span class='ocrx_word' id='word_1_575' title='bbox 1369 1219 1525 1255; x_wconf 72' lang='lat' dir='ltr'>Romanae</span> <span class='ocrx_word' id='word_1_576' title='bbox 1538 1222 1688 1257; x_wconf 85' lang='lat' dir='ltr'>Ecclesiae</span> <span class='ocrx_word' id='word_1_577' title='bbox 1711 1224 1866 1258; x_wconf 86' lang='lat' dir='ltr'>Diacono</span> <span class='ocrx_word' id='word_1_578' title='bbox 1878 1223 2047 1259; x_wconf 85' lang='lat' dir='ltr'>Palladius</span> <span class='ocrx_word' id='word_1_579' title='bbox 2056 1225 2157 1259; x_wconf 72' lang='lat' dir='ltr'>Hele‘-</span> 
     </span>
     <span class='ocr_line' id='line_1_87' title="bbox 1271 1267 2160 1316; baseline 0.015 -19"><span class='ocrx_word' id='word_1_580' title='bbox 1271 1267 1490 1309; x_wconf 70' lang='lat' dir='ltr'>nopolitanus</span> <span class='ocrx_word' id='word_1_581' title='bbox 1505 1270 1684 1316; x_wconf 82' lang='lat' dir='ltr'>Episcopus</span> <span class='ocrx_word' id='word_1_582' title='bbox 1701 1296 1712 1312; x_wconf 92' lang='lat'>‚</span> <span class='ocrx_word' id='word_1_583' title='bbox 1760 1274 1901 1308; x_wconf 87' lang='lat' dir='ltr'>scribens</span> <span class='ocrx_word' id='word_1_584' title='bbox 1920 1275 1961 1308; x_wconf 92' lang='lat' dir='ltr'>de</span> <span class='ocrx_word' id='word_1_585' title='bbox 1983 1276 2129 1309; x_wconf 79' lang='lat' dir='ltr'>Arsacio.</span> <span class='ocrx_word' id='word_1_586' title='bbox 2145 1290 2160 1315; x_wconf 50' lang='grc' dir='ltr'>φ</span> 
     </span>
     <span class='ocr_line' id='line_1_88' title="bbox 1272 1315 2159 1367; baseline 0.008 -18"><span class='ocrx_word' id='word_1_587' title='bbox 1272 1315 1414 1350; x_wconf 68' lang='lat' dir='ltr'>Nectarii</span> <span class='ocrx_word' id='word_1_588' title='bbox 1436 1319 1802 1364; x_wconf 85' lang='lat' dir='ltr'>Constantinopolitani</span> <span class='ocrx_word' id='word_1_589' title='bbox 1824 1323 1978 1366; x_wconf 78' lang='lat' dir='ltr'>Episcopi</span> <span class='ocrx_word' id='word_1_590' title='bbox 1996 1334 2159 1367; x_wconf 82' lang='lat' dir='ltr'>germano</span> 
     </span>
     <span class='ocr_line' id='line_1_89' title="bbox 1270 1367 2159 1415; baseline 0.007 -15"><span class='ocrx_word' id='word_1_591' title='bbox 1270 1367 1388 1407; x_wconf 88' lang='lat' dir='ltr'>fratre,</span> <span class='ocrx_word' id='word_1_592' title='bbox 1415 1378 1512 1411; x_wconf 80' lang='lat' dir='ltr'>quem</span> <span class='ocrx_word' id='word_1_593' title='bbox 1525 1367 1709 1415; x_wconf 83' lang='lat' dir='ltr'>Theophili</span> <span class='ocrx_word' id='word_1_594' title='bbox 1724 1369 1916 1408; x_wconf 63' lang='lat' dir='ltr'>Patriar&#39;chae</span> <span class='ocrx_word' id='word_1_595' title='bbox 1937 1372 2159 1408; x_wconf 78' lang='lat' dir='ltr'>Alexandrini</span> 
     </span>
     <span class='ocr_line' id='line_1_90' title="bbox 1270 1417 2159 1464; baseline 0.008 -15"><span class='ocrx_word' id='word_1_596' title='bbox 1270 1417 1367 1454; x_wconf 61' lang='lat' dir='ltr'>fastio</span> <span class='ocrx_word' id='word_1_597' title='bbox 1391 1428 1450 1464; x_wconf 87' lang='lat' dir='ltr'>pro</span> <span class='ocrx_word' id='word_1_598' title='bbox 1477 1418 1615 1462; x_wconf 85' lang='lat' dir='ltr'>expulso</span> <span class='ocrx_word' id='word_1_599' title='bbox 1632 1419 1743 1452; x_wconf 70' lang='lat' dir='ltr'>-sansso</span> <span class='ocrx_word' id='word_1_600' title='bbox 1767 1419 1894 1463; x_wconf 89' lang='lat' dir='ltr'>Joanne</span> <span class='ocrx_word' id='word_1_601' title='bbox 1915 1418 2159 1464; x_wconf 77' lang='lat' dir='ltr'>Chrysostomo</span> 
     </span>
     <span class='ocr_line' id='line_1_91' title="bbox 1270 1467 2158 1513; baseline 0.005 -13"><span class='ocrx_word' id='word_1_602' title='bbox 1270 1467 1395 1501; x_wconf 84' lang='lat' dir='ltr'>intrusit</span> <span class='ocrx_word' id='word_1_603' title='bbox 1422 1469 1456 1501; x_wconf 86' lang='lat' dir='ltr'>in</span> <span class='ocrx_word' id='word_1_604' title='bbox 1479 1468 1585 1502; x_wconf 88' lang='lat' dir='ltr'>sedem</span> <span class='ocrx_word' id='word_1_605' title='bbox 1614 1480 1622 1500; x_wconf 90' lang='lat'><strong>:</strong></span> <span class='ocrx_word' id='word_1_606' title='bbox 1651 1467 1815 1511; x_wconf 79' lang='lat' dir='ltr'>Arsacias,</span> <span class='ocrx_word' id='word_1_607' title='bbox 1851 1468 1994 1506; x_wconf 54' lang='lat' dir='ltr'>Nervam</span> <span class='ocrx_word' id='word_1_608' title='bbox 2010 1469 2123 1511; x_wconf 55' lang='lat' dir='ltr'>stanes*¹</span> <span class='ocrx_word' id='word_1_609' title='bbox 2143 1493 2158 1513; x_wconf 76' lang='lat'>,</span> 
     </span>
     <span class='ocr_line' id='line_1_92' title="bbox 1261 1516 2158 1566; baseline 0.004 -17"><span class='ocrx_word' id='word_1_610' title='bbox 1261 1520 1401 1566; x_wconf 80' lang='lat' dir='ltr'>Joannis</span> <span class='ocrx_word' id='word_1_611' title='bbox 1411 1516 1596 1560; x_wconf 79' lang='lat' dir='ltr'>substituitur</span> <span class='ocrx_word' id='word_1_612' title='bbox 1605 1517 1663 1557; x_wconf 72' lang='lat' dir='ltr'>loeo</span> <span class='ocrx_word' id='word_1_613' title='bbox 1676 1543 1683 1550; x_wconf 93' lang='lat'><strong><em>.</em></strong></span> <span class='ocrx_word' id='word_1_614' title='bbox 1711 1521 1853 1561; x_wconf 75' lang='lat' dir='ltr'>,Quicum</span> <span class='ocrx_word' id='word_1_615' title='bbox 1863 1530 1943 1554; x_wconf 88' lang='lat' dir='ltr'>anno</span> <span class='ocrx_word' id='word_1_616' title='bbox 1965 1530 2023 1552; x_wconf 85' lang='lat' dir='ltr'>uno</span> <span class='ocrx_word' id='word_1_617' title='bbox 2035 1522 2070 1556; x_wconf 63' lang='grc' dir='ltr'>(τ</span> <span class='ocrx_word' id='word_1_618' title='bbox 2089 1522 2158 1559; x_wconf 76' lang='lat' dir='ltr'>duo-</span> 
     </span>
     <span class='ocr_line' id='line_1_93' title="bbox 1269 1566 2159 1613; baseline 0.001 -13"><span class='ocrx_word' id='word_1_619' title='bbox 1269 1568 1322 1600; x_wconf 80' lang='lat' dir='ltr'>has</span> <span class='ocrx_word' id='word_1_620' title='bbox 1333 1567 1477 1609; x_wconf 86' lang='lat' dir='ltr'>menfibus</span> <span class='ocrx_word' id='word_1_621' title='bbox 1495 1566 1616 1611; x_wconf 77' lang='lat' dir='ltr'>vtxt&#39;ffet</span> <span class='ocrx_word' id='word_1_622' title='bbox 1626 1592 1638 1609; x_wconf 90' lang='lat'>,</span> <span class='ocrx_word' id='word_1_623' title='bbox 1664 1579 1794 1602; x_wconf 82' lang='lat' dir='ltr'>mortuus</span> <span class='ocrx_word' id='word_1_624' title='bbox 1807 1569 1845 1609; x_wconf 85' lang='lat' dir='ltr'>est</span> <span class='ocrx_word' id='word_1_625' title='bbox 1857 1593 1869 1608; x_wconf 88' lang='lat'>‚</span> <span class='ocrx_word' id='word_1_626' title='bbox 1895 1568 1950 1613; x_wconf 66' lang='lat' dir='ltr'>ips</span> <span class='ocrx_word' id='word_1_627' title='bbox 1944 1582 1963 1601; x_wconf 88' lang='lat' dir='ltr'><em>a</em></span> <span class='ocrx_word' id='word_1_628' title='bbox 1976 1573 2034 1603; x_wconf 71' lang='lat' dir='ltr'>Dei</span> <span class='ocrx_word' id='word_1_629' title='bbox 2045 1573 2159 1609; x_wconf 65' lang='lat' dir='ltr'>Evan-</span> 
     </span>
     <span class='ocr_line' id='line_1_94' title="bbox 1262 1617 2158 1665; baseline 0.004 -14"><span class='ocrx_word' id='word_1_630' title='bbox 1262 1618 1345 1661; x_wconf 77' lang='lat' dir='ltr'>gelta</span> <span class='ocrx_word' id='word_1_631' title='bbox 1360 1623 1392 1650; x_wconf 77' lang='lat' dir='ltr'>tn</span> <span class='ocrx_word' id='word_1_632' title='bbox 1404 1624 1480 1653; x_wconf 81' lang='lat' dir='ltr'>vltae</span> <span class='ocrx_word' id='word_1_633' title='bbox 1488 1618 1551 1660; x_wconf 84' lang='lat' dir='ltr'>fine</span> <span class='ocrx_word' id='word_1_634' title='bbox 1564 1617 1738 1659; x_wconf 71' lang='lat' dir='ltr'>contestatus</span> <span class='ocrx_word' id='word_1_635' title='bbox 1750 1643 1760 1660; x_wconf 91' lang='lat'>‚</span> <span class='ocrx_word' id='word_1_636' title='bbox 1783 1617 1815 1662; x_wconf 83' lang='lat' dir='ltr'>se</span> <span class='ocrx_word' id='word_1_637' title='bbox 1821 1618 1923 1661; x_wconf 69' lang='lat' dir='ltr'>fratri</span> <span class='ocrx_word' id='word_1_638' title='bbox 1944 1619 2090 1655; x_wconf 59' lang='lat' dir='ltr'>medai-10</span> <span class='ocrx_word' id='word_1_639' title='bbox 2102 1619 2158 1665; x_wconf 71' lang='lat' dir='ltr'>sab</span> 
     </span>
     <span class='ocr_line' id='line_1_95' title="bbox 1261 1667 2159 1712; baseline 0.006 -12"><span class='ocrx_word' id='word_1_640' title='bbox 1261 1669 1461 1711; x_wconf 72' lang='lat' dir='ltr'>jurejterando</span> <span class='ocrx_word' id='word_1_641' title='bbox 1468 1667 1554 1711; x_wconf 80' lang='lat' dir='ltr'>fuisse</span> <span class='ocrx_word' id='word_1_642' title='bbox 1563 1669 1729 1711; x_wconf 71' lang='lat' dir='ltr'>pollicitum</span> <span class='ocrx_word' id='word_1_643' title='bbox 1742 1693 1753 1710; x_wconf 91' lang='lat'>,</span> <span class='ocrx_word' id='word_1_644' title='bbox 1780 1681 1934 1712; x_wconf 87' lang='lat' dir='ltr'>nunquam</span> <span class='ocrx_word' id='word_1_645' title='bbox 1940 1668 1971 1712; x_wconf 83' lang='lat' dir='ltr'>se</span> <span class='ocrx_word' id='word_1_646' title='bbox 1984 1671 2159 1706; x_wconf 73' lang='lat' dir='ltr'>Ordinatio-</span> 
     </span>
     <span class='ocr_line' id='line_1_96' title="bbox 1268 1717 2158 1764; baseline 0.006 -14"><span class='ocrx_word' id='word_1_647' title='bbox 1268 1729 1334 1750; x_wconf 82' lang='lat' dir='ltr'>nem</span> <span class='ocrx_word' id='word_1_648' title='bbox 1346 1717 1547 1760; x_wconf 68' lang='lat' dir='ltr'>Episcopatus</span> <span class='ocrx_word' id='word_1_649' title='bbox 1562 1720 1772 1762; x_wconf 84' lang='lat' dir='ltr'>admissurum,</span> <span class='ocrx_word' id='word_1_650' title='bbox 1799 1731 1864 1753; x_wconf 87' lang='lat' dir='ltr'>cum</span> <span class='ocrx_word' id='word_1_651' title='bbox 1876 1721 1920 1754; x_wconf 73' lang='lat' dir='ltr'>illl</span> <span class='ocrx_word' id='word_1_652' title='bbox 1941 1721 2158 1764; x_wconf 63' lang='lat' dir='ltr'>exprobraret,-</span> 
     </span>
     <span class='ocr_line' id='line_1_97' title="bbox 1268 1768 2160 1813; baseline 0.004 -12"><span class='ocrx_word' id='word_1_653' title='bbox 1268 1770 1347 1811; x_wconf 82' lang='lat' dir='ltr'>quod</span> <span class='ocrx_word' id='word_1_654' title='bbox 1358 1768 1488 1812; x_wconf 82' lang='lat' dir='ltr'>noluiffet</span> <span class='ocrx_word' id='word_1_655' title='bbox 1499 1768 1632 1812; x_wconf 82' lang='lat' dir='ltr'>Tarsenfi</span> <span class='ocrx_word' id='word_1_656' title='bbox 1640 1769 1899 1812; x_wconf 76' lang='lat' dir='ltr'>Ecclefiaepraefict</span> <span class='ocrx_word' id='word_1_657' title='bbox 1911 1795 1918 1802; x_wconf 95' lang='lat'><em>.</em></span> <span class='ocrx_word' id='word_1_658' title='bbox 1947 1773 2023 1805; x_wconf 83' lang='lat' dir='ltr'>Fuit</span> <span class='ocrx_word' id='word_1_659' title='bbox 2034 1772 2079 1805; x_wconf 69' lang='lat' dir='ltr'>illi</span> <span class='ocrx_word' id='word_1_660' title='bbox 2085 1779 2160 1813; x_wconf 69' lang='lat' dir='ltr'>per·</span> 
     </span>
     <span class='ocr_line' id='line_1_98' title="bbox 1260 1817 2157 1865; baseline 0.004 -15"><span class='ocrx_word' id='word_1_661' title='bbox 1260 1817 1442 1865; x_wconf 75' lang='lat' dir='ltr'>jurticausa</span> <span class='ocrx_word' id='word_1_662' title='bbox 1451 1820 1582 1860; x_wconf 69' lang='lat' dir='ltr'>primum</span> <span class='ocrx_word' id='word_1_663' title='bbox 1597 1821 1717 1862; x_wconf 84' lang='lat' dir='ltr'>quidem</span> <span class='ocrx_word' id='word_1_664' title='bbox 1745 1826 1871 1856; x_wconf 78' lang='lat' dir='ltr'>vanitas</span> <span class='ocrx_word' id='word_1_665' title='bbox 1891 1818 1948 1863; x_wconf 83' lang='lat' dir='ltr'>sua</span> <span class='ocrx_word' id='word_1_666' title='bbox 1959 1843 1970 1862; x_wconf 90' lang='lat'>,</span> <span class='ocrx_word' id='word_1_667' title='bbox 1992 1829 2051 1863; x_wconf 84' lang='lat' dir='ltr'>per</span> <span class='ocrx_word' id='word_1_668' title='bbox 2064 1830 2157 1863; x_wconf 79' lang='lat' dir='ltr'>quam</span> 
     </span>
     <span class='ocr_line' id='line_1_99' title="bbox 1267 1867 2159 1913; baseline 0.001 -10"><span class='ocrx_word' id='word_1_669' title='bbox 1267 1867 1468 1912; x_wconf 84' lang='lat' dir='ltr'>despondebat</span> <span class='ocrx_word' id='word_1_670' title='bbox 1481 1868 1550 1909; x_wconf 79' lang='lat' dir='ltr'>libi,</span> <span class='ocrx_word' id='word_1_671' title='bbox 1577 1879 1611 1902; x_wconf 88' lang='lat' dir='ltr'>ut</span> <span class='ocrx_word' id='word_1_672' title='bbox 1617 1869 1657 1911; x_wconf 85' lang='lat' dir='ltr'>sic</span> <span class='ocrx_word' id='word_1_673' title='bbox 1681 1872 1801 1911; x_wconf 76' lang='lat' dir='ltr'>dicam,</span> <span class='ocrx_word' id='word_1_674' title='bbox 1826 1881 1947 1905; x_wconf 87' lang='lat' dir='ltr'>uxorem</span> <span class='ocrx_word' id='word_1_675' title='bbox 1963 1870 2013 1913; x_wconf 77' lang='lat' dir='ltr'>sut</span> <span class='ocrx_word' id='word_1_676' title='bbox 2028 1870 2159 1912; x_wconf 75' lang='lat' dir='ltr'>fratris.</span> 
     </span>
     <span class='ocr_line' id='line_1_100' title="bbox 1268 1918 2161 1965; baseline 0.006 -12"><span class='ocrx_word' id='word_1_677' title='bbox 1268 1919 1390 1953; x_wconf 78' lang='lat' dir='ltr'>Asserit</span> <span class='ocrx_word' id='word_1_678' title='bbox 1411 1920 1517 1954; x_wconf 86' lang='lat' dir='ltr'>varia.</span> <span class='ocrx_word' id='word_1_679' title='bbox 1546 1918 1680 1962; x_wconf 78' lang='lat' dir='ltr'>Primo,</span> <span class='ocrx_word' id='word_1_680' title='bbox 1718 1921 1807 1965; x_wconf 86' lang='lat' dir='ltr'>quod</span> <span class='ocrx_word' id='word_1_681' title='bbox 1831 1920 2003 1956; x_wconf 60' lang='lat' dir='ltr'>Nectarius</span> <span class='ocrx_word' id='word_1_682' title='bbox 2024 1922 2161 1958; x_wconf 81' lang='lat' dir='ltr'>fratrem</span> 
     </span>
     <span class='ocr_line' id='line_1_101' title="bbox 1269 1968 2161 2016; baseline 0.003 -14"><span class='ocrx_word' id='word_1_683' title='bbox 1269 1968 1441 2004; x_wconf 83' lang='lat' dir='ltr'>Arsacium</span> <span class='ocrx_word' id='word_1_684' title='bbox 1454 1969 1592 2006; x_wconf 85' lang='lat' dir='ltr'>voluerit</span> <span class='ocrx_word' id='word_1_685' title='bbox 1606 1982 1714 2006; x_wconf 88' lang='lat' dir='ltr'>creare</span> <span class='ocrx_word' id='word_1_686' title='bbox 1725 1971 1922 2008; x_wconf 83' lang='lat' dir='ltr'>Tarsensem</span> <span class='ocrx_word' id='word_1_687' title='bbox 1937 1971 2137 2016; x_wconf 80' lang='lat' dir='ltr'>Episcopum</span> <span class='ocrx_word' id='word_1_688' title='bbox 2147 1994 2161 2011; x_wconf 84' lang='lat'>‚</span> 
     </span>
     <span class='ocr_line' id='line_1_102' title="bbox 1268 2019 2161 2066; baseline 0.009 -16"><span class='ocrx_word' id='word_1_689' title='bbox 1268 2019 1521 2059; x_wconf 63' lang='lat' dir='ltr'>Metropolis-m</span> <span class='ocrx_word' id='word_1_690' title='bbox 1541 2021 1650 2058; x_wconf 73' lang='lat' dir='ltr'>primae</span> <span class='ocrx_word' id='word_1_691' title='bbox 1670 2020 1817 2055; x_wconf 57' lang='lat' dir='ltr'>Cilicia.</span> <span class='ocrx_word' id='word_1_692' title='bbox 1843 2021 1996 2056; x_wconf 58' lang='lat' dir='ltr'>Secund&amp;</span> <span class='ocrx_word' id='word_1_693' title='bbox 2015 2043 2027 2060; x_wconf 60' lang='lat'>³</span> <span class='ocrx_word' id='word_1_694' title='bbox 2069 2019 2161 2066; x_wconf 69' lang='lat' dir='ltr'>quod</span> 
     </span>
     <span class='ocr_line' id='line_1_103' title="bbox 1269 2065 2161 2114; baseline 0.006 -14"><span class='ocrx_word' id='word_1_695' title='bbox 1269 2065 1460 2103; x_wconf 79' lang='lat' dir='ltr'>Arsaciusse</span> <span class='ocrx_word' id='word_1_696' title='bbox 1471 2066 1690 2106; x_wconf 82' lang='lat' dir='ltr'>excusaverit,</span> <span class='ocrx_word' id='word_1_697' title='bbox 1718 2068 1752 2101; x_wconf 72' lang='grc' dir='ltr'>ὃς</span> <span class='ocrx_word' id='word_1_698' title='bbox 1776 2066 1967 2114; x_wconf 82' lang='lat' dir='ltr'>indignanti</span> <span class='ocrx_word' id='word_1_699' title='bbox 1988 2070 2079 2105; x_wconf 86' lang='lat' dir='ltr'>fratri</span> <span class='ocrx_word' id='word_1_700' title='bbox 2102 2081 2161 2114; x_wconf 74' lang='lat' dir='ltr'>op·-</span> 
     </span>
     <span class='ocr_line' id='line_1_104' title="bbox 1268 2113 2163 2161; baseline 0.007 -14"><span class='ocrx_word' id='word_1_701' title='bbox 1268 2115 1410 2158; x_wconf 87' lang='lat' dir='ltr'>posuerit</span> <span class='ocrx_word' id='word_1_702' title='bbox 1421 2113 1634 2156; x_wconf 84' lang='lat' dir='ltr'>Religionem</span> <span class='ocrx_word' id='word_1_703' title='bbox 1645 2114 1822 2156; x_wconf 81' lang='lat' dir='ltr'>juramenti</span> <span class='ocrx_word' id='word_1_704' title='bbox 1836 2141 1846 2157; x_wconf 90' lang='lat'>,</span> <span class='ocrx_word' id='word_1_705' title='bbox 1868 2128 1935 2161; x_wconf 90' lang='lat' dir='ltr'>quo</span> <span class='ocrx_word' id='word_1_706' title='bbox 1947 2117 2067 2161; x_wconf 65' lang='lat' dir='ltr'>jurarat</span> <span class='ocrx_word' id='word_1_707' title='bbox 2079 2129 2163 2153; x_wconf 88' lang='lat' dir='ltr'>nun·</span> 
     </span>
     <span class='ocr_line' id='line_1_105' title="bbox 1269 2162 2161 2209; baseline 0.007 -13"><span class='ocrx_word' id='word_1_708' title='bbox 1269 2174 1368 2205; x_wconf 88' lang='lat' dir='ltr'>quam</span> <span class='ocrx_word' id='word_1_709' title='bbox 1408 2162 1640 2206; x_wconf 89' lang='lat' dir='ltr'>Episcopatum</span> <span class='ocrx_word' id='word_1_710' title='bbox 1669 2164 1861 2197; x_wconf 78' lang='lat' dir='ltr'>admittere·</span> <span class='ocrx_word' id='word_1_711' title='bbox 1885 2167 2006 2201; x_wconf 68' lang='lat' dir='ltr'>Tertio</span> <span class='ocrx_word' id='word_1_712' title='bbox 2031 2191 2043 2205; x_wconf 88' lang='lat'>,</span> <span class='ocrx_word' id='word_1_713' title='bbox 2069 2169 2161 2209; x_wconf 78' lang='lat' dir='ltr'>quod</span> 
     </span>
     <span class='ocr_line' id='line_1_106' title="bbox 1269 2211 1958 2250; baseline 0.003 -5"><span class='ocrx_word' id='word_1_714' title='bbox 1269 2211 1441 2249; x_wconf 69' lang='lat' dir='ltr'>Ne&amp;arius</span> <span class='ocrx_word' id='word_1_715' title='bbox 1476 2212 1722 2248; x_wconf 75' lang='lat' dir='ltr'>excusationem</span> <span class='ocrx_word' id='word_1_716' title='bbox 1761 2213 1927 2250; x_wconf 90' lang='lat' dir='ltr'>admiserit</span> <span class='ocrx_word' id='word_1_717' title='bbox 1951 2240 1958 2247; x_wconf 91' lang='lat'><em>.</em></span> 
     </span>
     <span class='ocr_line' id='line_1_107' title="bbox 1269 2261 2159 2310; baseline 0.007 -14"><span class='ocrx_word' id='word_1_718' title='bbox 1269 2261 1359 2305; x_wconf 90' lang='lat' dir='ltr'>quod</span> <span class='ocrx_word' id='word_1_719' title='bbox 1375 2262 1527 2295; x_wconf 79' lang='lat' dir='ltr'>Arsacias</span> <span class='ocrx_word' id='word_1_720' title='bbox 1547 2263 1722 2305; x_wconf 82' lang='lat' dir='ltr'>postmodo</span> <span class='ocrx_word' id='word_1_721' title='bbox 1734 2263 1900 2300; x_wconf 83' lang='lat' dir='ltr'>admiserit</span> <span class='ocrx_word' id='word_1_722' title='bbox 1924 2265 2159 2310; x_wconf 88' lang='lat' dir='ltr'>Episcopatum</span> 
     </span>
     <span class='ocr_line' id='line_1_108' title="bbox 1270 2312 2163 2360; baseline 0.007 -14"><span class='ocrx_word' id='word_1_723' title='bbox 1270 2312 1679 2355; x_wconf 86' lang='lat' dir='ltr'>Constantinopolitanum</span> <span class='ocrx_word' id='word_1_724' title='bbox 1693 2338 1704 2354; x_wconf 91' lang='lat'>,</span> <span class='ocrx_word' id='word_1_725' title='bbox 1742 2324 1912 2358; x_wconf 85' lang='lat' dir='ltr'>corruptus</span> <span class='ocrx_word' id='word_1_726' title='bbox 1925 2315 2039 2360; x_wconf 84' lang='lat' dir='ltr'>Regiae</span> <span class='ocrx_word' id='word_1_727' title='bbox 2050 2318 2163 2352; x_wconf 85' lang='lat' dir='ltr'>civita-</span> 
     </span>
     <span class='ocr_line' id='line_1_109' title="bbox 1269 2362 2163 2411; baseline 0.008 -16"><span class='ocrx_word' id='word_1_728' title='bbox 1269 2362 1309 2397; x_wconf 85' lang='lat' dir='ltr'>tis</span> <span class='ocrx_word' id='word_1_729' title='bbox 1323 2362 1501 2406; x_wconf 80' lang='lat' dir='ltr'>cupiditate</span> <span class='ocrx_word' id='word_1_730' title='bbox 1517 2363 1551 2398; x_wconf 87' lang='lat'>&amp;</span> <span class='ocrx_word' id='word_1_731' title='bbox 1565 2363 1692 2397; x_wconf 89' lang='lat' dir='ltr'>ambitu</span> <span class='ocrx_word' id='word_1_732' title='bbox 1709 2388 1716 2395; x_wconf 91' lang='lat'>.</span> <span class='ocrx_word' id='word_1_733' title='bbox 1745 2364 1879 2410; x_wconf 81' lang='lat' dir='ltr'>Qinto</span> <span class='ocrx_word' id='word_1_734' title='bbox 1892 2389 1903 2404; x_wconf 93' lang='lat'>,</span> <span class='ocrx_word' id='word_1_735' title='bbox 1934 2365 2025 2410; x_wconf 87' lang='lat' dir='ltr'>quod</span> <span class='ocrx_word' id='word_1_736' title='bbox 2045 2367 2091 2401; x_wconf 82' lang='lat' dir='ltr'>ita</span> <span class='ocrx_word' id='word_1_737' title='bbox 2103 2378 2163 2411; x_wconf 89' lang='lat' dir='ltr'>pa-</span> 
     </span>
     <span class='ocr_line' id='line_1_110' title="bbox 1269 2412 2162 2460; baseline 0.006 -13"><span class='ocrx_word' id='word_1_738' title='bbox 1269 2413 1400 2447; x_wconf 85' lang='lat' dir='ltr'>traverit</span> <span class='ocrx_word' id='word_1_739' title='bbox 1422 2412 1616 2456; x_wconf 77' lang='lat' dir='ltr'>perjurium.</span> <span class='ocrx_word' id='word_1_740' title='bbox 1644 2414 1697 2449; x_wconf 84' lang='lat' dir='ltr'>Ex</span> <span class='ocrx_word' id='word_1_741' title='bbox 1719 2424 1785 2460; x_wconf 85' lang='lat' dir='ltr'>quo</span> <span class='ocrx_word' id='word_1_742' title='bbox 1811 2415 1902 2451; x_wconf 83' lang='lat' dir='ltr'>vides</span> <span class='ocrx_word' id='word_1_743' title='bbox 1913 2418 2013 2451; x_wconf 88' lang='lat' dir='ltr'>etiam</span> <span class='ocrx_word' id='word_1_744' title='bbox 2037 2417 2162 2452; x_wconf 60' lang='lat' dir='ltr'>Necta-</span> 
     </span>
     <span class='ocr_line' id='line_1_111' title="bbox 1270 2461 2162 2508; baseline 0.007 -12"><span class='ocrx_word' id='word_1_745' title='bbox 1270 2461 1484 2496; x_wconf 82' lang='lat' dir='ltr'>riumsensisse</span> <span class='ocrx_word' id='word_1_746' title='bbox 1496 2474 1572 2496; x_wconf 91' lang='lat' dir='ltr'>cum</span> <span class='ocrx_word' id='word_1_747' title='bbox 1595 2474 1719 2508; x_wconf 83' lang='lat' dir='ltr'>magno</span> <span class='ocrx_word' id='word_1_748' title='bbox 1740 2464 1882 2503; x_wconf 83' lang='lat' dir='ltr'>Basilio.</span> <span class='ocrx_word' id='word_1_749' title='bbox 1911 2464 2063 2508; x_wconf 83' lang='lat' dir='ltr'>Ejusdem</span> <span class='ocrx_word' id='word_1_750' title='bbox 2090 2468 2162 2502; x_wconf 87' lang='lat' dir='ltr'>sen·</span> 
     </span>
     <span class='ocr_line' id='line_1_112' title="bbox 1271 2512 2161 2559; baseline 0.007 -13"><span class='ocrx_word' id='word_1_751' title='bbox 1271 2513 1382 2546; x_wconf 79' lang='lat' dir='ltr'>tentiae</span> <span class='ocrx_word' id='word_1_752' title='bbox 1402 2512 1464 2546; x_wconf 89' lang='lat' dir='ltr'>fuit</span> <span class='ocrx_word' id='word_1_753' title='bbox 1485 2512 1637 2547; x_wconf 82' lang='lat' dir='ltr'>Marinus</span> <span class='ocrx_word' id='word_1_754' title='bbox 1662 2513 1820 2551; x_wconf 80' lang='lat' dir='ltr'>Pontifex</span> <span class='ocrx_word' id='word_1_755' title='bbox 1841 2540 1852 2556; x_wconf 94' lang='lat'>,</span> <span class='ocrx_word' id='word_1_756' title='bbox 1887 2517 1943 2559; x_wconf 84' lang='lat' dir='ltr'>qui</span> <span class='ocrx_word' id='word_1_757' title='bbox 1966 2517 2161 2555; x_wconf 84' lang='lat' dir='ltr'>Formosum</span> 
     </span>
     <span class='ocr_line' id='line_1_113' title="bbox 1274 2563 2160 2614; baseline 0.008 -18"><span class='ocrx_word' id='word_1_758' title='bbox 1274 2563 1700 2608; x_wconf 84' lang='lat' dir='ltr'>PortuensemEpiscopum</span> <span class='ocrx_word' id='word_1_759' title='bbox 1712 2589 1723 2606; x_wconf 96' lang='lat'>,</span> <span class='ocrx_word' id='word_1_760' title='bbox 1749 2565 1767 2599; x_wconf 73' lang='lat' dir='ltr'>a</span> <span class='ocrx_word' id='word_1_761' title='bbox 1780 2566 1908 2613; x_wconf 83' lang='lat' dir='ltr'>Joanne</span> <span class='ocrx_word' id='word_1_762' title='bbox 1918 2567 2037 2602; x_wconf 64' lang='lat' dir='ltr'>ostavo</span> <span class='ocrx_word' id='word_1_763' title='bbox 2046 2567 2160 2614; x_wconf 87' lang='lat' dir='ltr'>degra-</span> 
     </span>
     <span class='ocr_line' id='line_1_114' title="bbox 1270 2612 2163 2659; baseline 0.004 -11"><span class='ocrx_word' id='word_1_764' title='bbox 1270 2612 1406 2653; x_wconf 85' lang='lat' dir='ltr'>datum,</span> <span class='ocrx_word' id='word_1_765' title='bbox 1433 2625 1582 2657; x_wconf 86' lang='lat' dir='ltr'>reparans</span> <span class='ocrx_word' id='word_1_766' title='bbox 1592 2614 1702 2659; x_wconf 87' lang='lat' dir='ltr'>coegit</span> <span class='ocrx_word' id='word_1_767' title='bbox 1723 2616 1765 2651; x_wconf 84' lang='lat' dir='ltr'>ad</span> <span class='ocrx_word' id='word_1_768' title='bbox 1785 2617 2004 2659; x_wconf 80' lang='lat' dir='ltr'>juramentum</span> <span class='ocrx_word' id='word_1_769' title='bbox 2016 2618 2058 2651; x_wconf 87' lang='lat' dir='ltr'>de</span> <span class='ocrx_word' id='word_1_770' title='bbox 2080 2629 2163 2652; x_wconf 81' lang='lat' dir='ltr'>nun·</span> 
     </span>
     <span class='ocr_line' id='line_1_115' title="bbox 1270 2662 2158 2709; baseline 0.009 -14"><span class='ocrx_word' id='word_1_771' title='bbox 1270 2673 1366 2707; x_wconf 70' lang='lat' dir='ltr'>quana</span> <span class='ocrx_word' id='word_1_772' title='bbox 1379 2662 1583 2701; x_wconf 85' lang='lat' dir='ltr'>admittendo</span> <span class='ocrx_word' id='word_1_773' title='bbox 1597 2665 1793 2709; x_wconf 87' lang='lat' dir='ltr'>Episcopatu</span> <span class='ocrx_word' id='word_1_774' title='bbox 1804 2665 1966 2700; x_wconf 80' lang='lat' dir='ltr'>Romanae</span> <span class='ocrx_word' id='word_1_775' title='bbox 1989 2666 2137 2702; x_wconf 85' lang='lat' dir='ltr'>Ecclefiae</span> <span class='ocrx_word' id='word_1_776' title='bbox 2147 2692 2158 2703; x_wconf 82' lang='lat'><strong>.</strong></span> 
     </span>
     <span class='ocr_line' id='line_1_116' title="bbox 1274 2713 2162 2758; baseline 0.007 -12"><span class='ocrx_word' id='word_1_777' title='bbox 1274 2714 1383 2750; x_wconf 82' lang='lat' dir='ltr'>Etiam</span> <span class='ocrx_word' id='word_1_778' title='bbox 1406 2713 1478 2753; x_wconf 89' lang='lat' dir='ltr'>illi,</span> <span class='ocrx_word' id='word_1_779' title='bbox 1514 2715 1571 2757; x_wconf 90' lang='lat' dir='ltr'>qui</span> <span class='ocrx_word' id='word_1_780' title='bbox 1595 2715 1767 2758; x_wconf 89' lang='lat' dir='ltr'>postmodo</span> <span class='ocrx_word' id='word_1_781' title='bbox 1790 2717 1983 2749; x_wconf 86' lang='lat' dir='ltr'>Formosum</span> <span class='ocrx_word' id='word_1_782' title='bbox 2017 2715 2162 2752; x_wconf 83' lang='lat' dir='ltr'>Pontifi—</span> 
     </span>
     <span class='ocr_line' id='line_1_117' title="bbox 1272 2764 2157 2814; baseline 0.002 -17"><span class='ocrx_word' id='word_1_783' title='bbox 1272 2776 1366 2803; x_wconf 88' lang='lat' dir='ltr'>cem,</span> <span class='ocrx_word' id='word_1_784' title='bbox 1393 2764 1440 2797; x_wconf 85' lang='lat' dir='ltr'>uti</span> <span class='ocrx_word' id='word_1_785' title='bbox 1466 2765 1627 2810; x_wconf 77' lang='lat' dir='ltr'>perjurum</span> <span class='ocrx_word' id='word_1_786' title='bbox 1652 2789 1663 2809; x_wconf 79' lang='lat'>,</span> <span class='ocrx_word' id='word_1_787' title='bbox 1688 2765 1922 2814; x_wconf 82' lang='lat' dir='ltr'>degradarunt.</span> <span class='ocrx_word' id='word_1_788' title='bbox 1952 2766 1996 2803; x_wconf 79' lang='lat' dir='ltr'>Et</span> <span class='ocrx_word' id='word_1_789' title='bbox 2022 2767 2157 2813; x_wconf 69' lang='lat' dir='ltr'>quidem</span> 
     </span>
     <span class='ocr_line' id='line_1_118' title="bbox 1272 2815 1480 2850; baseline -0.005 0"><span class='ocrx_word' id='word_1_790' title='bbox 1272 2815 1480 2850; x_wconf 66' lang='lat' dir='ltr'>defunctum.</span> 
     </span>
    </p>

    <p class='ocr_par' dir='ltr' id='par_1_14' title="bbox 1274 2863 2162 3614">
     <span class='ocr_line' id='line_1_119' title="bbox 1328 2863 2157 2909; baseline 0.007 -13"><span class='ocrx_word' id='word_1_791' title='bbox 1328 2863 1454 2897; x_wconf 72' lang='lat' dir='ltr'>Verum</span> <span class='ocrx_word' id='word_1_792' title='bbox 1466 2874 1606 2908; x_wconf 85' lang='lat' dir='ltr'>magnus</span> <span class='ocrx_word' id='word_1_793' title='bbox 1620 2864 1757 2900; x_wconf 83' lang='lat' dir='ltr'>Basilius</span> <span class='ocrx_word' id='word_1_794' title='bbox 1770 2866 1921 2909; x_wconf 86' lang='lat' dir='ltr'>adjunxit</span> <span class='ocrx_word' id='word_1_795' title='bbox 1935 2877 1943 2898; x_wconf 72' lang='grc' dir='ltr'><strong>ε</strong></span> <span class='ocrx_word' id='word_1_796' title='bbox 1970 2864 2041 2908; x_wconf 78' lang='lat' dir='ltr'>Etfi</span> <span class='ocrx_word' id='word_1_797' title='bbox 2053 2869 2157 2902; x_wconf 76' lang='lat' dir='ltr'>videa·</span> 
     </span>
     <span class='ocr_line' id='line_1_120' title="bbox 1274 2914 2156 2956; baseline 0.007 -10"><span class='ocrx_word' id='word_1_798' title='bbox 1274 2923 1322 2948; x_wconf 80' lang='lat' dir='ltr'>tur</span> <span class='ocrx_word' id='word_1_799' title='bbox 1334 2914 1386 2956; x_wconf 85' lang='lat' dir='ltr'>effe</span> <span class='ocrx_word' id='word_1_800' title='bbox 1399 2916 1509 2956; x_wconf 84' lang='lat' dir='ltr'>aliquis</span> <span class='ocrx_word' id='word_1_801' title='bbox 1523 2926 1615 2948; x_wconf 83' lang='lat' dir='ltr'>canon</span> <span class='ocrx_word' id='word_1_802' title='bbox 1625 2939 1635 2955; x_wconf 91' lang='lat'>,</span> <span class='ocrx_word' id='word_1_803' title='bbox 1662 2919 1719 2952; x_wconf 73' lang='grc' dir='ltr'>(π.</span> <span class='ocrx_word' id='word_1_804' title='bbox 1736 2915 1913 2953; x_wconf 87' lang='lat' dir='ltr'>Profitctur</span> <span class='ocrx_word' id='word_1_805' title='bbox 1924 2916 1954 2948; x_wconf 92' lang='lat' dir='ltr'>se</span> <span class='ocrx_word' id='word_1_806' title='bbox 1965 2917 2086 2954; x_wconf 83' lang='lat' dir='ltr'>sancire</span> <span class='ocrx_word' id='word_1_807' title='bbox 2096 2919 2156 2953; x_wconf 83' lang='lat' dir='ltr'>ad·-</span> 
     </span>
     <span class='ocr_line' id='line_1_121' title="bbox 1277 2964 2161 3011; baseline 0.007 -14"><span class='ocrx_word' id='word_1_808' title='bbox 1277 2964 1383 2998; x_wconf 77' lang='lat' dir='ltr'>versus</span> <span class='ocrx_word' id='word_1_809' title='bbox 1395 2965 1499 2999; x_wconf 89' lang='lat' dir='ltr'>alium</span> <span class='ocrx_word' id='word_1_810' title='bbox 1513 2976 1673 3000; x_wconf 86' lang='lat' dir='ltr'>canonem</span> <span class='ocrx_word' id='word_1_811' title='bbox 1684 2991 1691 2998; x_wconf 91' lang='lat'><strong>.</strong></span> <span class='ocrx_word' id='word_1_812' title='bbox 1722 2966 1856 3010; x_wconf 82' lang='lat' dir='ltr'>Utique</span> <span class='ocrx_word' id='word_1_813' title='bbox 1866 2978 2027 3003; x_wconf 84' lang='lat' dir='ltr'>canonem</span> <span class='ocrx_word' id='word_1_814' title='bbox 2040 2989 2051 3006; x_wconf 89' lang='lat'>‚</span> <span class='ocrx_word' id='word_1_815' title='bbox 2062 2979 2161 3011; x_wconf 88' lang='lat' dir='ltr'>quem</span> 
     </span>
     <span class='ocr_line' id='line_1_122' title="bbox 1277 3014 2159 3058; baseline 0.008 -12"><span class='ocrx_word' id='word_1_816' title='bbox 1277 3015 1405 3050; x_wconf 66' lang='lat' dir='ltr'>sanstus</span> <span class='ocrx_word' id='word_1_817' title='bbox 1417 3014 1614 3051; x_wconf 82' lang='lat' dir='ltr'>Athanasius</span> <span class='ocrx_word' id='word_1_818' title='bbox 1626 3016 1730 3050; x_wconf 82' lang='lat' dir='ltr'>sanxit</span> <span class='ocrx_word' id='word_1_819' title='bbox 1740 3041 1752 3058; x_wconf 92' lang='lat'>,</span> <span class='ocrx_word' id='word_1_820' title='bbox 1777 3027 1834 3051; x_wconf 87' lang='lat' dir='ltr'>aut</span> <span class='ocrx_word' id='word_1_821' title='bbox 1845 3016 1931 3053; x_wconf 74' lang='lat' dir='ltr'>cette</span> <span class='ocrx_word' id='word_1_822' title='bbox 1941 3017 2051 3053; x_wconf 84' lang='lat' dir='ltr'>laudat</span> <span class='ocrx_word' id='word_1_823' title='bbox 2063 3019 2098 3055; x_wconf 89' lang='lat' dir='ltr'>in</span> <span class='ocrx_word' id='word_1_824' title='bbox 2110 3019 2159 3053; x_wconf 89' lang='lat' dir='ltr'>lit-</span> 
     </span>
     <span class='ocr_line' id='line_1_123' title="bbox 1275 3064 2161 3111; baseline 0.009 -15"><span class='ocrx_word' id='word_1_825' title='bbox 1275 3066 1349 3097; x_wconf 86' lang='lat' dir='ltr'>teris</span> <span class='ocrx_word' id='word_1_826' title='bbox 1359 3064 1399 3098; x_wconf 86' lang='lat' dir='ltr'>ad</span> <span class='ocrx_word' id='word_1_827' title='bbox 1426 3066 1645 3100; x_wconf 87' lang='lat' dir='ltr'>Dracontium</span> <span class='ocrx_word' id='word_1_828' title='bbox 1670 3066 1902 3110; x_wconf 81' lang='lat' dir='ltr'>Monachum,</span> <span class='ocrx_word' id='word_1_829' title='bbox 1927 3066 1984 3110; x_wconf 81' lang='lat' dir='ltr'>qui</span> <span class='ocrx_word' id='word_1_830' title='bbox 2003 3068 2161 3111; x_wconf 77' lang='lat' dir='ltr'>juraverat</span> 
     </span>
     <span class='ocr_line' id='line_1_124' title="bbox 1277 3115 2160 3162; baseline 0.006 -14"><span class='ocrx_word' id='word_1_831' title='bbox 1277 3125 1457 3158; x_wconf 88' lang='lat' dir='ltr'>numquam</span> <span class='ocrx_word' id='word_1_832' title='bbox 1497 3115 1729 3159; x_wconf 87' lang='lat' dir='ltr'>Episcopatum</span> <span class='ocrx_word' id='word_1_833' title='bbox 1769 3117 1941 3153; x_wconf 83' lang='lat' dir='ltr'>admittere</span> <span class='ocrx_word' id='word_1_834' title='bbox 1961 3140 1972 3156; x_wconf 92' lang='lat'>,</span> <span class='ocrx_word' id='word_1_835' title='bbox 2021 3118 2160 3162; x_wconf 84' lang='lat' dir='ltr'>ideoque</span> 
     </span>
     <span class='ocr_line' id='line_1_125' title="bbox 1277 3165 2159 3209; baseline 0.007 -12"><span class='ocrx_word' id='word_1_836' title='bbox 1277 3166 1380 3208; x_wconf 90' lang='lat' dir='ltr'>ipsum</span> <span class='ocrx_word' id='word_1_837' title='bbox 1403 3166 1527 3200; x_wconf 83' lang='lat' dir='ltr'>volenti</span> <span class='ocrx_word' id='word_1_838' title='bbox 1550 3166 1718 3209; x_wconf 86' lang='lat' dir='ltr'>imponere</span> <span class='ocrx_word' id='word_1_839' title='bbox 1749 3165 1944 3202; x_wconf 79' lang='lat' dir='ltr'>Patriarchae</span> <span class='ocrx_word' id='word_1_840' title='bbox 1979 3168 2159 3203; x_wconf 80' lang='lat' dir='ltr'>Athanasio</span> 
     </span>
     <span class='ocr_line' id='line_1_126' title="bbox 1276 3214 2160 3260; baseline 0.003 -12"><span class='ocrx_word' id='word_1_841' title='bbox 1276 3214 1460 3248; x_wconf 87' lang='lat' dir='ltr'>constanter</span> <span class='ocrx_word' id='word_1_842' title='bbox 1486 3215 1667 3251; x_wconf 82' lang='lat' dir='ltr'>resistebat:</span> <span class='ocrx_word' id='word_1_843' title='bbox 1694 3216 1808 3251; x_wconf 57' lang='lat' dir='ltr'>Deliae</span> <span class='ocrx_word' id='word_1_844' title='bbox 1834 3219 1997 3259; x_wconf 85' lang='lat' dir='ltr'>Draconti,</span> <span class='ocrx_word' id='word_1_845' title='bbox 2022 3230 2062 3251; x_wconf 85' lang='lat' dir='ltr'>an</span> <span class='ocrx_word' id='word_1_846' title='bbox 2073 3217 2160 3260; x_wconf 77' lang='lat' dir='ltr'>forfi-</span> 
     </span>
     <span class='ocr_line' id='line_1_127' title="bbox 1276 3264 2159 3311; baseline 0.008 -15"><span class='ocrx_word' id='word_1_847' title='bbox 1276 3274 1330 3297; x_wconf 83' lang='lat' dir='ltr'>tan</span> <span class='ocrx_word' id='word_1_848' title='bbox 1353 3266 1419 3299; x_wconf 71' lang='lat' dir='ltr'>ideo</span> <span class='ocrx_word' id='word_1_849' title='bbox 1443 3264 1498 3298; x_wconf 77' lang='lat' dir='ltr'>tibi</span> <span class='ocrx_word' id='word_1_850' title='bbox 1522 3266 1667 3306; x_wconf 80' lang='lat' dir='ltr'>confilium</span> <span class='ocrx_word' id='word_1_851' title='bbox 1687 3265 1882 3311; x_wconf 81' lang='lat' dir='ltr'>suppeditant</span> <span class='ocrx_word' id='word_1_852' title='bbox 1896 3276 1939 3300; x_wconf 77' lang='lat' dir='ltr'>tut</span> <span class='ocrx_word' id='word_1_853' title='bbox 1961 3269 2122 3303; x_wconf 65' lang='lat' dir='ltr'>occuluerat</span> <span class='ocrx_word' id='word_1_854' title='bbox 2147 3292 2159 3308; x_wconf 92' lang='lat'>,</span> 
     </span>
     <span class='ocr_line' id='line_1_128' title="bbox 1276 3315 2162 3360; baseline 0.006 -14"><span class='ocrx_word' id='word_1_855' title='bbox 1276 3315 1355 3356; x_wconf 86' lang='lat' dir='ltr'>quod</span> <span class='ocrx_word' id='word_1_856' title='bbox 1363 3316 1479 3349; x_wconf 78' lang='lat' dir='ltr'>dixeris</span> <span class='ocrx_word' id='word_1_857' title='bbox 1492 3323 1581 3357; x_wconf 83' lang='lat' dir='ltr'>atque</span> <span class='ocrx_word' id='word_1_858' title='bbox 1585 3318 1741 3355; x_wconf 72' lang='lat' dir='ltr'>juraveris</span> <span class='ocrx_word' id='word_1_859' title='bbox 1756 3328 1813 3350; x_wconf 83' lang='lat' dir='ltr'>non</span> <span class='ocrx_word' id='word_1_860' title='bbox 1817 3317 1959 3359; x_wconf 87' lang='lat' dir='ltr'>futurum</span> <span class='ocrx_word' id='word_1_861' title='bbox 1983 3328 2018 3354; x_wconf 80' lang='lat' dir='ltr'>ut</span> <span class='ocrx_word' id='word_1_862' title='bbox 2030 3316 2091 3357; x_wconf 83' lang='lat' dir='ltr'>stes</span> <span class='ocrx_word' id='word_1_863' title='bbox 2102 3343 2112 3360; x_wconf 93' lang='lat'>,</span> <span class='ocrx_word' id='word_1_864' title='bbox 2132 3316 2162 3358; x_wconf 84' lang='lat' dir='ltr'><em>fi</em></span> 
     </span>
     <span class='ocr_line' id='line_1_129' title="bbox 1278 3364 2162 3408; baseline 0.002 -11"><span class='ocrx_word' id='word_1_865' title='bbox 1278 3364 1460 3403; x_wconf 78' lang='lat' dir='ltr'>constituaris</span> <span class='ocrx_word' id='word_1_866' title='bbox 1476 3365 1664 3408; x_wconf 77' lang='lat' dir='ltr'>Episcopus?</span> <span class='ocrx_word' id='word_1_867' title='bbox 1692 3365 1856 3408; x_wconf 74' lang='lat' dir='ltr'>Istiusmodi</span> <span class='ocrx_word' id='word_1_868' title='bbox 1866 3374 1943 3401; x_wconf 86' lang='lat' dir='ltr'>enim</span> <span class='ocrx_word' id='word_1_869' title='bbox 1966 3366 2082 3401; x_wconf 68' lang='lat' dir='ltr'>mribus</span> <span class='ocrx_word' id='word_1_870' title='bbox 2105 3378 2162 3399; x_wconf 88' lang='lat' dir='ltr'>au-</span> 
     </span>
     <span class='ocr_line' id='line_1_130' title="bbox 1279 3415 2158 3461; baseline 0.006 -15"><span class='ocrx_word' id='word_1_871' title='bbox 1279 3416 1327 3449; x_wconf 78' lang='lat' dir='ltr'>dio</span> <span class='ocrx_word' id='word_1_872' title='bbox 1337 3415 1401 3448; x_wconf 81' lang='lat' dir='ltr'>illos</span> <span class='ocrx_word' id='word_1_873' title='bbox 1416 3415 1644 3457; x_wconf 78' lang='lat' dir='ltr'>circumstrepere</span> <span class='ocrx_word' id='word_1_874' title='bbox 1655 3425 1722 3449; x_wconf 85' lang='lat' dir='ltr'>tuas</span> <span class='ocrx_word' id='word_1_875' title='bbox 1733 3428 1820 3453; x_wconf 75' lang='lat' dir='ltr'>auter</span> <span class='ocrx_word' id='word_1_876' title='bbox 1838 3443 1848 3458; x_wconf 93' lang='lat'>‚</span> <span class='ocrx_word' id='word_1_877' title='bbox 1875 3420 1907 3451; x_wconf 63' lang='grc' dir='ltr'>(θ’</span> <span class='ocrx_word' id='word_1_878' title='bbox 1918 3426 1952 3451; x_wconf 73' lang='lat' dir='ltr'>in</span> <span class='ocrx_word' id='word_1_879' title='bbox 1960 3428 1995 3448; x_wconf 74' lang='lat' dir='ltr'>aa</span> <span class='ocrx_word' id='word_1_880' title='bbox 2005 3428 2036 3450; x_wconf 86' lang='lat' dir='ltr'>re</span> <span class='ocrx_word' id='word_1_881' title='bbox 2041 3415 2075 3461; x_wconf 86' lang='lat' dir='ltr'>se</span> <span class='ocrx_word' id='word_1_882' title='bbox 2084 3417 2158 3452; x_wconf 75' lang='lat' dir='ltr'>velle</span> 
     </span>
     <span class='ocr_line' id='line_1_131' title="bbox 1279 3465 2159 3510; baseline 0.002 -14"><span class='ocrx_word' id='word_1_883' title='bbox 1279 3473 1380 3497; x_wconf 84' lang='lat' dir='ltr'>cautos</span> <span class='ocrx_word' id='word_1_884' title='bbox 1391 3466 1510 3498; x_wconf 81' lang='lat' dir='ltr'>videri.</span> <span class='ocrx_word' id='word_1_885' title='bbox 1531 3466 1631 3508; x_wconf 69' lang='lat' dir='ltr'>Effi&#39;m</span> <span class='ocrx_word' id='word_1_886' title='bbox 1645 3468 1689 3499; x_wconf 84' lang='lat' dir='ltr'>illi</span> <span class='ocrx_word' id='word_1_887' title='bbox 1702 3468 1774 3500; x_wconf 71' lang='lat' dir='ltr'>vere</span> <span class='ocrx_word' id='word_1_888' title='bbox 1787 3470 1905 3510; x_wconf 84' lang='lat' dir='ltr'>quidem</span> <span class='ocrx_word' id='word_1_889' title='bbox 1914 3469 1995 3500; x_wconf 80' lang='lat' dir='ltr'>cautt&#39;</span> <span class='ocrx_word' id='word_1_890' title='bbox 2003 3490 2015 3506; x_wconf 92' lang='lat'>,</span> <span class='ocrx_word' id='word_1_891' title='bbox 2036 3465 2159 3508; x_wconf 74' lang='lat' dir='ltr'>simini·</span> 
     </span>
     <span class='ocr_line' id='line_1_132' title="bbox 1276 3514 2158 3614; baseline 0 -65"><span class='ocrx_word' id='word_1_892' title='bbox 1276 3515 1361 3561; x_wconf 77' lang='lat' dir='ltr'>sterio</span> <span class='ocrx_word' id='word_1_893' title='bbox 1372 3514 1427 3549; x_wconf 82' lang='lat' dir='ltr'>tibi</span> <span class='ocrx_word' id='word_1_894' title='bbox 1439 3516 1571 3560; x_wconf 64' lang='lat' dir='ltr'>inJucho</span> <span class='ocrx_word' id='word_1_895' title='bbox 1591 3526 1713 3552; x_wconf 82' lang='lat' dir='ltr'>cautum</span> <span class='ocrx_word' id='word_1_896' title='bbox 1731 3520 1879 3562; x_wconf 67' lang='lat' dir='ltr'>voluffnt</span> <span class='ocrx_word' id='word_1_897' title='bbox 1893 3541 1900 3549; x_wconf 90' lang='lat'><em>.</em></span> <span class='ocrx_word' id='word_1_898' title='bbox 1928 3517 2022 3564; x_wconf 72' lang='lat' dir='ltr'>,Quod</span> <span class='ocrx_word' id='word_1_899' title='bbox 2034 3515 2158 3614; x_wconf 63' lang='lat' dir='ltr'>siliegis-</span> 
     </span>
    </p>

    <p class='ocr_par' dir='ltr' id='par_1_15' title="bbox 2069 3576 2124 3605">
     <span class='ocr_line' id='line_1_133' title="bbox 2069 3576 2124 3605; baseline -0.018 0"><span class='ocrx_word' id='word_1_900' title='bbox 2069 3576 2124 3605; x_wconf 61' lang='lat'><em>&#39;67¹5</em></span> 
     </span>
    </p>
   </div>
   <div class='ocr_carea' id='block_1_12' title="bbox 2174 1491 2328 1537">
    <p class='ocr_par' dir='ltr' id='par_1_16' title="bbox 2174 1491 2328 1537">
     <span class='ocr_line' id='line_1_134' title="bbox 2174 1491 2328 1537; baseline -0.019 -5"><span class='ocrx_word' id='word_1_901' title='bbox 2174 1491 2254 1537; x_wconf 76' lang='lat' dir='ltr'>Cap·</span> <span class='ocrx_word' id='word_1_902' title='bbox 2276 1502 2328 1532; x_wconf 77' lang='lat'>12.</span> 
     </span>
    </p>
   </div>
   <div class='ocr_carea' id='block_1_13' title="bbox 1986 2215 2202 2262">
    <p class='ocr_par' dir='ltr' id='par_1_17' title="bbox 1986 2215 2202 2262">
     <span class='ocr_line' id='line_1_135' title="bbox 1986 2215 2202 2262; baseline 0.005 -12"><span class='ocrx_word' id='word_1_903' title='bbox 1986 2215 2123 2262; x_wconf 75' lang='lat' dir='ltr'>Qarto&#39;</span> <span class='ocrx_word' id='word_1_904' title='bbox 2145 2240 2158 2258; x_wconf 93' lang='lat'>,</span> <span class='ocrx_word' id='word_1_905' title='bbox 2199 2225 2202 2228; x_wconf 84' lang='lat'>&#39;</span> 
     </span>
    </p>
   </div>
  </div>
 </body>
</html>
