2366 3736
403 167 476 220 ,76

367 253 544 285 quocumque
568 241 651 276 modo
679 237 903 281 transmittere,
931 241 1058 280 adeoque
1080 248 1131 272 nec
1149 239 1235 271 alicui

365 287 519 334 Metropoli
534 316 544 332 ‚
568 293 620 324 vel
651 288 859 332 Episcopatui.
887 295 952 328 Nec
986 299 1063 324 enim
1090 292 1153 326 baec
1175 295 1233 326 illis

366 344 526 388 quidquam
553 341 733 374 conducunt.
759 341 790 371 si
815 342 886 374 vero
923 349 1071 383 quaept'am
1082 353 1120 375 ex
1136 343 1164 385 f

363 394 429 437 jam
455 401 547 424 antea
566 388 698 433 religiosis
722 389 856 425 domibus
880 400 933 424 aut
954 391 1138 430 Monasteriis
1170 405 1234 426 tam

362 446 498 485 ignaram
518 438 607 474 καθα
621 439 682 481 fint
704 451 827 476 manum
849 442 883 475 ὁ·
903 451 1021 482 curam,
1049 451 1083 474 ut
1099 449 1233 484 expertia

354 491 519 532 fundorum
538 489 708 537 relio‘lafint
722 514 733 529 ‚
758 501 794 523 ea
804 501 861 523 non
883 493 1098 532 impedientur,
1124 499 1231 536 quomi-

359 542 417 577 niis
438 542 474 573 de
498 545 688 582 Imperatoris
708 538 858 584 sententia
887 543 919 574 (9
955 543 1163 585 approbatione
1178 543 1232 585 fibi

357 600 527 633 comparent
540 595 683 633 quantum
691 590 769 633 satis
792 590 848 630 est.
877 589 995 633 ascellis
1020 595 1090 625 vero
1113 596 1146 627 Ca*
1167 596 1228 627 lau-

355 647 423 681 ris,
449 652 525 683 quas
549 649 680 681 vocant,
706 640 900 680 construendis
922 648 956 674 in
976 641 1099 686 desertis
1123 644 1192 676 Iocis
1218 669 1229 686 ,

355 701 390 723 ut
402 692 447 723 ad
450 691 622 734 poffefflones
648 693 682 725 Θ
696 690 811 732 fundos
832 692 905 723 alios
925 702 982 726 non
1001 699 1192 736 porrigantur
1217 719 1226 734 ,

351 739 409 786 sed
428 744 582 783 complexu
603 742 764 775 dumtaxat
781 739 838 784 suo
856 746 1049 775 terminentur
1075 767 1085 783 ,
1112 744 1227 776 tamum

353 790 430 830 abest
451 801 485 824 ut
508 802 554 825 eos
581 802 728 824 arceamus
741 815 751 830 ,
777 796 828 832 qui
846 790 949 831 facere
969 793 1004 825 id
1027 794 1148 832 volunt,
1173 793 1230 837 sed

347 842 450 885 potius
476 846 509 876 in
529 841 619 875 laude
644 853 710 876 eam
729 852 790 874 rem
803 850 949 884 ponamus
961 866 968 875 .
997 843 1078 879 Haec
1089 843 1133 876 est
1147 845 1227 882 sum·

350 903 404 926 ma
429 891 553 927 Edisti.

399 943 510 975 Sancit
535 941 619 975 varia
634 966 641 973 .
671 939 784 974 Primo
803 965 813 980 ‚
838 951 873 974 ut
889 941 1042 986 deinceps
1063 943 1153 976 nulla
1169 955 1223 977 no-

350 1002 392 1025 va
413 993 590 1025 fundentur
613 991 828 1025 Monasteria.
855 991 1007 1031 Secundo
1025 1018 1035 1033 ,
1064 1005 1100 1027 ut
1112 995 1223 1028 omnia

348 1042 482 1085 antiqua
516 1043 550 1074 in
584 1039 753 1079 honestam
787 1042 928 1077 formam
973 1044 1188 1080 restaurentur
1216 1069 1223 1076 .

347 1090 494 1132 Tertio,
521 1100 557 1124 ut
584 1090 657 1134 ipfis
694 1092 784 1126 nulla
820 1092 973 1136 deinceps
995 1091 1131 1134 donari,
1166 1104 1221 1129 aut

346 1141 461 1182 quavis
483 1140 534 1175 via
556 1140 707 1179 accedere
733 1141 852 1184 poffint
889 1142 974 1180 bona
1001 1141 1184 1177 immobilia
1213 1168 1220 1175 .

345 1190 497 1236 Qand,
539 1189 607 1223 haec
629 1191 699 1224 Lex
720 1191 799 1223 item
822 1191 996 1235 adstringit
1027 1191 1185 1226 Ecclefias
1211 1206 1218 1226 :

343 1243 442 1273 etiam
455 1237 679 1278 Cathedrale‘s.
707 1240 780 1272 Iino
794 1240 1131 1285 &Metropolitanas2.
1160 1243 1217 1276 Pa-

346 1289 549 1324 rriarcbalem
565 1289 695 1327 videtur
708 1300 773 1322 non
789 1289 971 1326 includere.
1001 1292 1133 1338 Quinto
1145 1316 1155 1332 ‚
1184 1305 1217 1328 ut

349 1339 463 1373 eadem
489 1340 579 1382 Lege
602 1338 801 1385 stringantur
823 1340 1065 1380 Xenodochia,
1091 1342 1218 1385 aliaque

341 1388 376 1423 id
401 1400 504 1433 genus
518 1390 569 1431 pia
582 1388 654 1425 loca
670 1412 677 1419 .
705 1387 822 1428 Sexto,
853 1399 889 1426 ut
902 1391 1003 1434 usque
1022 1391 1084 1425 huc
1106 1386 1216 1427 funda.

340 1449 396 1479 ta,
423 1440 458 1473 δε
486 1439 569 1477 nihil
595 1447 652 1473 aut
676 1437 788 1485 parum
824 1439 1044 1475 immobilium
1063 1440 1216 1480 habentia

342 1489 544 1527 Monasseria
558 1487 808 1536 poffintaliquid
831 1489 1012 1533 acquirere:
1042 1492 1153 1526 verum
1175 1504 1214 1526 ex

342 1539 483 1579 notitia,
511 1539 668 1572 consensu
695 1563 707 1579 ,
743 1540 776 1573 ὅ(
801 1539 997 1580 authoritate
1020 1541 1180 1585 Principis
1206 1567 1213 1579 ,

343 1588 494 1632 Septimo
510 1613 520 1629 ,
546 1587 635 1630 quod
650 1590 764 1623 unicus
777 1600 814 1622 ac
827 1589 978 1632 palmaris
1002 1590 1095 1634 hujus
1118 1592 1215 1636 Legis

341 1640 458 1682 scopus
486 1639 524 1672 fit
561 1638 738 1681 impedire,
768 1651 806 1672 ne
820 1639 904 1674 bona
932 1641 1115 1678 immobilia
1127 1643 1213 1678 deiu-

341 1701 417 1732 ceps
438 1688 656 1723 devolvantur
675 1687 715 1726 ad
750 1700 882 1723 manum
912 1702 1071 1725 mortuam
1087 1717 1094 1724 .
1122 1692 1214 1726 Hinc

341 1738 457 1773 οὲὶεινὸ
469 1738 628 1786 permittit
640 1762 651 1783 ‚
677 1738 747 1777 imo
759 1740 793 1773 ἀ
816 1738 963 1774 hortatur
977 1765 987 1781 ,
1013 1752 1048 1776 ut
1061 1743 1096 1775 in
1108 1742 1213 1777 deser·-

341 1790 388 1822 tis
398 1789 660 1831 multiplicentur
674 1799 759 1826 nova
782 1789 1005 1828 Monasteria:
1031 1791 1118 1836 quod
1143 1792 1215 1829 istic

340 1838 464 1882 acquiri
478 1849 543 1871 non
564 1838 681 1880 possint
696 1849 787 1872 novae
804 1840 1006 1881 possessiones
1018 1852 1073 1875 aut
1099 1840 1213 1875 fundi.

339 1887 525 1926 Ettandem
539 1885 743 1930 Nicephorus
754 1887 920 1927 adiunxit:
951 1895 1022 1924 Haec
1038 1897 1215 1933 praecipiens

341 1938 513 1980 equidem&
519 1936 656 1980 sanciens
665 1936 718 1980 sat
725 1937 782 1980 scio
787 1938 929 1986 futurum
939 1964 949 1979 ,
963 1950 996 1973 ut
1005 1940 1150 1983 plerisque
1161 1953 1214 1974 mo·

340 1989 410 2026 lesta
421 1990 575 2031 &gravia
586 1989 680 2020 dicere
693 1990 850 2028 videam&
859 1991 897 2022 ab
909 1988 1038 2032 ipsorum
1045 1993 1160 2032 judicio
1173 1994 1205 2026 di

337 2036 509 2083 [crepantia
518 2062 525 2069 .
539 2040 559 2070 5
560 2038 600 2069 ed
607 2048 703 2072 eorum
712 2037 786 2074 mihi
796 2050 853 2071 non
862 2045 918 2073 erit
926 2039 1064 2076 habenda
1077 2047 1154 2073 ratio
1165 2065 1171 2071 .
1186 2042 1205 2072 5
1206 2047 1216 2072 i

344 2089 461 2130 quidem
465 2085 623 2129 secundum
636 2088 764 2119 Paulum
776 2110 786 2126 ,
813 2100 869 2120 non
880 2087 1044 2122 bominibus
1059 2114 1069 2128 ‚
1091 2089 1148 2132 sed
1158 2092 1217 2123 Deo

340 2140 458 2179 placere
470 2139 586 2169 velint.
617 2145 656 2168 At
667 2147 766 2170 mente
778 2140 1019 2180 acintelhgentia
1034 2140 1179 2179 praeditis
1207 2164 1217 2180 ‚

345 2185 569 2227 &adsuefac‘i'is
580 2187 623 2217 ad
633 2197 678 2217 res
693 2197 748 2217 non
763 2192 808 2218 ita
832 2189 869 2218 de
883 2185 1035 2230 superficie
1062 2187 1217 2231 inspicien-

347 2238 404 2268 das
426 2260 436 2276 ‚
463 2244 496 2267 ut
526 2236 676 2280 quidquid
687 2233 780 2276 semet
800 2236 933 2271 obtulerit
954 2260 966 2278 ‚
987 2234 1151 2277 simpliciter
1176 2249 1207 2270 eo

347 2298 415 2319 rum
435 2290 536 2317 animo
554 2283 809 2325 perturbationem
828 2285 950 2326 adferat
962 2310 973 2326 ,
995 2285 1052 2330 sed
1071 2288 1154 2319 ultra
1167 2296 1219 2331 pe-

347 2334 535 2368 »tetrantibus
558 2359 568 2374 ‚
595 2336 630 2368 &
649 2345 746 2371 rerum
767 2335 1006 2376 profunditatem
1029 2342 1135 2370 intueri
1165 2349 1219 2370 va-

300 2402 303 2404 ·
348 2385 498 2423 lentibus,
526 2395 583 2421 non
604 2382 698 2425 solum
733 2387 920 2426 expedientia
942 2386 1132 2426 videbimur,
1163 2385 1222 2429 sed

347 2442 438 2470 etiam
450 2434 539 2466 utilia
551 2444 614 2469 tam
621 2432 780 2475 secundum
800 2438 893 2467 Deum
904 2436 1079 2469 viventibus
1089 2461 1099 2476 ,
1129 2439 1220 2479 quam

348 2484 526 2526 Reipublicae
536 2490 590 2517 toti
601 2506 612 2523 ‚
632 2485 792 2527 protulisse.
822 2484 947 2523 Verum
959 2486 1140 2520 Patriarcha
1154 2486 1219 2520 Po-

349 2535 496 2577 lyeussus
517 2534 549 2567 &
573 2534 639 2577 ejus
660 2537 773 2569 cuncta
793 2536 948 2579 Synodus
966 2536 1091 2571 censuit
1116 2536 1216 2584 longe

349 2585 457 2619 aliud.

401 2633 554 2682 Ejusdem
571 2633 676 2667 Edisti
690 2645 812 2676 partem
823 2636 881 2670 suo
892 2636 931 2670 ad
944 2635 1084 2679 primum
1098 2636 1217 2680 primae-

349 2684 494 2720 secundae
514 2684 642 2726 Synodi
667 2685 839 2718 Canonem
871 2687 1121 2721 Commentario
1142 2687 1220 2720 inse-

348 2735 412 2768 ruit
433 2732 634 2770 Theodorus
650 2733 821 2767 Balsamon
836 2759 846 2775 ‚
872 2736 905 2768 &
921 2736 1086 2780 adiungit:
1116 2739 1219 2779 ,Quam

348 2785 471 2827 quidem
494 2785 656 2820 Novellam
681 2783 951 2828 Porphyro-genttus
973 2790 1115 2819 Dominus
1137 2785 1219 2827 Βαβ-

351 2836 408 2868 Iius
421 2845 512 2869 novus
537 2834 593 2876 sua
615 2835 747 2867 Novella
764 2833 905 2876 sustulit,
932 2835 1028 2878 mense
1051 2838 1146 2877 Aprili
1157 2838 1217 2870 edi·

349 2894 383 2917 ta
405 2908 415 2925 ‚
441 2884 600 2919 indiHione
633 2890 734 2927 prima
756 2895 834 2917 anno
850 2883 951 2927 sexies
975 2887 1119 2928 millefimo
1146 2898 1219 2928 qua-

349 2933 551 2976 drigemefimo
569 2934 744 2980 nonageſjme
766 2941 890 2976 quinto.
921 2935 975 2969 Est
1002 2937 1123 2971 Christi
1148 2937 1216 2969 Do-

348 2983 431 3017 mini
454 2994 558 3017 annus
588 2985 855 3030 nongentesimus
876 2987 1088 3029 ostogefimus
1119 2987 1217 3029 septi-

349 3043 442 3071 mus,
470 3032 622 3071 Bafilii&
643 3035 876 3075 Constantini,
901 3035 1045 3072 fiiiorum
1070 3037 1214 3070 Romani

351 3082 515 3125 Junioris,
542 3084 598 3126 qui
621 3086 729 3120 occiso
753 3085 870 3127 Ioanni
892 3085 1214 3120 Tzemiscisucceffe-

349 3142 449 3171 runt,
474 3132 704 3167 duodecimus.
734 3135 877 3177 Ipsorum
892 3136 1042 3172 Edictum
1055 3137 1099 3170 est
1122 3136 1217 3178 hujus

349 3181 492 3215 tenoris:
521 3186 677 3223 Imperium
689 3184 811 3223 nostrum
825 3210 836 3224 ,
863 3188 942 3227 quod
951 3188 971 3218 ιὶ
985 3188 1043 3219 Deo
1051 3186 1214 3228 profeeJum

349 3231 407 3271 est,
434 3233 540 3265 cum&
550 3234 569 3264 ἃ
585 3233 734 3266 Monacbis
747 3258 756 3271 ,
782 3230 904 3276 quorum
911 3242 1010 3277 pietas
1023 3238 1057 3273 (9⁸
1073 3242 1169 3269 virtus
1179 3236 1216 3274 eli

349 3281 472 3321 testata,
500 3284 534 3316 fb·
550 3284 571 3314 ἃ
593 3284 694 3315 multis
715 3285 782 3315 aliis
820 3288 925 3328 Legem
948 3288 985 3319 de
1006 3290 1061 3318 Dei
1084 3285 1216 3326 Ecclefiis

348 3333 382 3365 Θ·
397 3330 514 3374 [αηθη
524 3332 658 3366 domibus
671 3357 680 3373 ,
709 3334 760 3366 vel
764 3341 864 3374 potius
875 3345 974 3371 contra
994 3338 1050 3370 Dei
1073 3335 1214 3375 Ecclefias

348 3383 382 3414 Θ
388 3380 511 3422 sancias
523 3393 619 3415 eorum
632 3384 729 3415 domos
739 3407 748 3421 ‚
778 3384 798 3414 ἂ
812 3387 936 3419 Domino
950 3392 984 3423 N
987 3384 1116 3426 icepboro
1129 3410 1138 3424 ‚
1165 3392 1216 3427 qui

348 3433 472 3469 Imperio
496 3433 604 3472 excefflt
617 3456 628 3472 ,
653 3433 803 3465 conditam
822 3458 832 3474 ,
854 3434 1048 3476 praesentium
1074 3429 1215 3468 malorum

348 3477 557 3525 causamfuifflr
569 3483 743 3517 &radicem
754 3504 765 3521 ,
790 3484 825 3516 δ’
844 3486 1026 3528 universalis
1047 3482 1135 3525 hujus
1143 3483 1216 3527 sub-

1232 3222 1234 3229 >

958 155 1587 202 Disseitrnr1o

1295 239 1433 281 versionis
1470 242 1504 274 (Ὗ
1523 238 1696 282 confusionis
1722 261 1734 279 ,
1771 245 1804 271 ut
1822 251 1889 281 que
1909 243 1955 275 ad
1970 244 2116 282 injuriam
2137 246 2173 280 et

1294 293 1498 325 contumeliam
1521 303 1578 323 non
1601 289 1696 333 solum
1721 288 1912 329 Ecclefiarum
1933 315 1944 331 ‚
1981 297 2014 327 ὁ·
2045 293 2167 337 sanbla-

1283 344 1360 375 *rum
1383 345 1534 373 domorum
1558 365 1568 381 ,
1601 342 1656 384 sed
1676 349 1767 373 etiam
1794 343 1849 372 Dei
1873 340 1955 381 ipfius
1969 342 2059 384 fabia
2091 343 2130 385 fit
2158 369 2170 385 ,

1291 393 1496 435 intellexiffit,
1522 392 1555 424 (9
1578 393 1711 425 maxime
1743 402 1805 423 cum
1827 392 1862 422 id
1886 390 1990 433 reipsa
2009 403 2167 435 expertum

1291 442 1376 484 effet.
1410 444 1421 484 (
1443 443 1496 475 Ex
1518 452 1575 483 quo
1593 447 1672 475 enim
1691 441 1753 474 haec
1775 443 1839 473 Lex
1853 440 1889 479 est
1911 439 2067 483 observata
2085 468 2095 484 ,
2125 450 2168 478 ni-

1291 490 1337 526 hil
1358 485 1424 524 boni
1441 498 1563 532 penitus
1586 496 1617 522 in
1640 490 1812 523 hodiernum
1823 490 1910 534 usque
1932 493 2009 522 diem
2021 500 2097 524 vitae
2118 506 2169 526 no-

1286 541 1357 582 strae
1371 547 1489 577 occurrit
1500 553 1514 582 ;
1535 540 1592 584 sed
1599 542 1704 574 contra*
1718 542 1831 573 nullum
1840 549 1956 582 penitus
1981 543 2168 575 calamitatis

1284 602 1381 637 genus
1403 591 1501 633 defuit
1526 616 1532 622 .
1556 593 1578 629 J
1603 593 1660 624 Per
1678 589 1857 634 praesentem
1889 603 2008 624 auream
2046 592 2169 625 Bullam

1282 641 1410 681 statuit,
1436 650 1470 673 ut
1494 644 1559 677 Lex
1578 640 1729 682 praediHa
1742 641 1781 672 ab
1803 641 1853 673 boc
1873 641 2024 683 praesente
2036 643 2084 673 die
2108 642 2166 683 ces-

1284 690 1349 734 set,
1379 694 1412 725 <9⁰
1436 692 1572 733 deinceps
1594 690 1714 732 infirma
1738 702 1773 723 ac
1798 697 1888 723 irrita
1901 700 2078 736 permaneat
2096 717 2105 731 ‚
2133 694 2168 725 ρΐ

1288 743 1378 774 locum
1401 741 1552 781 habeant,
1581 743 1659 775 &in
1669 739 1720 783 usu
1736 740 1820 781 fini,
1847 752 1914 783 quae
1928 743 1965 774 de
1988 744 2044 774 Dei
2068 743 2169 775 Eccle-

1280 790 1334 832 st'is
1346 816 1355 831 ‚
1383 793 1416 824 (9
1425 790 1543 834 fandis
1555 803 1589 824 ac
1598 788 1732 835 religiosis
1749 790 1893 823 ‘domibus
1901 790 1999 832 [πέλε
2020 790 2092 833 sunt
2113 796 2168 826 Le·

1282 853 1356 888 ges.
1385 841 1517 884 Utique
1538 842 1711 884 justiniani
1753 852 1789 874 ac
1808 840 1932 875 Leonis
1970 840 2166 888 Philosophi

1287 891 1391 935 Leges
1405 916 1414 931 ‚
1441 893 1574 934 aliaeque
1587 891 1621 928 id
1645 902 1747 936 genus
1761 914 1768 922 .

1335 941 1416 975 Haec
1452 941 1580 974 libertas
1603 942 1782 976 ambulavit
1807 942 1906 984 usque
1925 940 1964 975 ad
1990 940 2165 984 Imperium

1286 991 1384 1029 isaaci
1405 992 1593 1033 Comneni,
1622 991 1716 1035 primi
1745 994 1910 1035 regnantis
1933 1003 1974 1024 ex
2000 991 2058 1025 ista
2072 990 2168 1025 fami-

1284 1041 1325 1075 lia
1340 1065 1350 1081 ,
1376 1042 1416 1074 de
1439 1052 1506 1087 quo
1525 1042 1558 1075 in
1584 1042 1810 1085 supplemento
1827 1042 1866 1075 ad
1887 1041 2069 1085 Georgium
2105 1042 2165 1075 Ce-

1282 1092 1420 1126 dren'um
1444 1091 1553 1128 scribit
1575 1092 1718 1135 Joannes
1741 1091 1909 1134 Schylitza
1925 1091 2160 1134 Cure-palates:

1282 1143 1471 1173 parcimonia
1484 1152 1593 1184 quoque
1607 1141 1718 1184 Isaacio
1730 1141 1878 1183 curaefuit
1890 1165 1901 1181 ‚
1927 1153 2037 1174 necnon
2062 1153 2094 1174 ut
2107 1146 2164 1174 Im·
2182 1154 2335 1196 fol-808.

1277 1197 1359 1231 perio
1383 1202 1468 1234 agros
1489 1193 1619 1224 adderet
1643 1216 1651 1223 .
1689 1194 1732 1224 Et
1752 1195 1860 1226 idcirco
1878 1193 1987 1225 multos
2019 1198 2163 1233 privatos

1279 1240 1407 1273 homines
1421 1241 1630 1282 possefflonibus
1651 1240 1822 1285 spolia-vlt,
1864 1241 2008 1285 negleo‘i'is
2032 1240 2164 1284 ipsorum

1280 1298 1376 1323 aureis
1399 1291 1508 1323 bullis.
1537 1290 1732 1333 ‚Quibusdam
1756 1298 1847 1325 etiom
1871 1290 2059 1330 Monasteriis
2081 1291 2163 1323 mul-

1278 1350 1327 1375 tas
1343 1340 1514 1382 poffefflones
1539 1342 1678 1379 ademit,
1713 1343 1747 1374 &
1767 1340 1880 1373 relic‘lis
1904 1339 2057 1372 Monachis
2095 1342 2163 1372 ido-

1278 1396 1339 1422 neis
1346 1389 1512 1432 sumptibus
1536 1391 1579 1421 ad
1589 1390 1702 1422 vie‘lum
1716 1415 1726 1430 ‚
1753 1402 1825 1433 quos
1848 1394 2009 1431 computari
2034 1389 2161 1432 jusserat,

1276 1442 1311 1471 id
1321 1442 1400 1481 quod
1406 1437 1564 1482 supererat
1581 1463 1592 1478 ,
1616 1440 1730 1482 publico
1757 1441 1950 1472 vindicavit.
1981 1442 2074 1482 ‚Quod
2094 1447 2158 1482 qui·

1277 1491 1344 1522 dem
1359 1492 1425 1530 fis,
1462 1495 1513 1532 qui
1537 1488 1743 1527 inconfiderate
1769 1491 1802 1522 Θ·
1824 1490 1931 1522 temere
1946 1490 2126 1529 judicarint
2146 1514 2159 1530 ,

1276 1539 1313 1572 ab
1323 1546 1477 1581 impietate
1502 1551 1535 1572 ac
1548 1545 1706 1584 iniquitate
1717 1541 1761 1573 ad
1774 1537 1961 1583 sacrilegium
1976 1541 2096 1572 tendere
2108 1545 2158 1573 vi-

1276 1592 1340 1622 deri
1362 1588 1473 1632 queat,
1498 1586 1551 1632 sed
1574 1599 1676 1622 tamen
1701 1589 1778 1623 nihil
1799 1587 1928 1631 absurdi
1947 1600 1982 1625 >eo
2004 1589 2157 1622 molimine

1272 1639 1466 1681 perficiebat,
1489 1647 1520 1671 ut
1540 1646 1584 1671 eis
1599 1639 1762 1672 videbatur
1779 1663 1789 1678 ,
1816 1645 1938 1681 quirem
1958 1645 2099 1682 graviter
2110 1649 2161 1671 ac·

1274 1701 1330 1732 que
1347 1688 1548 1735 spiritualiter
1559 1688 1779 1730 confiderabant
1796 1713 1804 1720 .
1828 1691 1946 1730 Nempe
1962 1700 1992 1722 eo
2000 1688 2090 1731 patio
2112 1689 2158 1737 qd

1272 1749 1485 1782 paupertatem
1497 1741 1562 1774 illos
1573 1745 1626 1780 qui
1648 1738 1743 1782 ipsam
1764 1738 1876 1780 profeffi
1899 1739 2006 1780 essent,
2033 1739 2159 1772 adduce·

1275 1789 1326 1822 bat
1337 1815 1347 1831 ,
1372 1791 1405 1823 (a
1416 1790 1515 1822 molles
1530 1801 1568 1821 ac
1580 1792 1599 1821 5
1596 1785 1757 1827 ybariticas
1773 1790 1893 1821 delicias
1906 1787 2060 1830 auferebat
2070 1811 2081 1827 ,
2105 1799 2157 1821 nec

1276 1845 1446 1880 ramentis,
1474 1851 1541 1882 quae
1564 1842 1609 1871 ad
1629 1838 1711 1882 usum
1734 1840 1820 1882 effent
1843 1839 2020 1883 necessaria,
2051 1843 2157 1880 priva-

1275 1890 1348 1922 bat.-
1376 1892 1409 1924 <9¹
1427 1888 1593 1932 finitimos,
1621 1891 1655 1921 id
1678 1890 1738 1929 est,
1779 1894 1829 1931 qui
1864 1887 2045 1931 propinquos
2067 1899 2156 1932 agros

1275 1938 1416 1975 baberent
1428 1964 1436 1978 ,
1463 1942 1483 1971 ἃ
1498 1939 1701 1972 Monachorum
1712 1939 1840 1978 molestia
1853 1941 2032 1972 &avaritia
2044 1937 2156 1970 libera·

1276 1990 1328 2021 bat
1338 2014 1343 2020 .
1360 1989 1451 2031 ‚Quod
1459 1995 1574 2021 utinam
1582 1990 1624 2020 ad
1629 1994 1743 2022 exitum
1754 1987 1806 2030 ips
1801 2001 1815 2021 e
1818 1988 1949 2029 feliciter
1956 1989 2074 2029 perdux
2079 1987 2152 2029 isset,

1277 2049 1335 2070 non
1343 2037 1437 2081 solum
1448 2043 1479 2069 in
1491 2038 1672 2076 Monasieriis
1685 2060 1694 2075 ,
1717 2037 1815 2079 sedin
1827 2037 1960 2069 omnibus
1972 2039 2089 2070 omnine
2112 2047 2158 2070 re-

1278 2089 1332 2119 bus
1358 2089 1400 2119 ad
1423 2086 1580 2129 Ecclefiam
1599 2085 1822 2128 spec‘lantibus.
1853 2086 1995 2120 Proinde
2020 2087 2159 2122 isaacius

1278 2137 1346 2169 sola
1373 2137 1598 2178 Monasteria,
1627 2147 1693 2168 non
1720 2137 1794 2171 vero
1820 2136 1976 2171 Ecclefias
1999 2137 2160 2171 transmu-

1279 2186 1355 2222 tarit
1377 2187 1410 2221 in
1435 2197 1569 2220 manum
1583 2196 1757 2219 mortuam.
1789 2187 1831 2218 Et
1854 2186 1893 2219 de
1916 2186 1973 2220 ista
1997 2187 2157 2219 transmu-

1281 2235 1405 2268 tatione
1419 2235 1562 2278 plerique
1575 2235 1664 2268 Laici
1685 2237 1926 2267 consueverunt
1950 2236 2065 2267 {entire
2077 2246 2157 2271 cum

1281 2285 1444 2327 Schylitza
1458 2307 1466 2316 .
1495 2285 1561 2317 Hic
1582 2285 1714 2317 interim
1728 2285 1828 2328 pergit
1846 2295 1853 2315 :
1883 2287 1953 2316 Vita
1970 2282 2074 2324 func‘lo
2100 2289 2158 2316 lm-

1279 2338 1438 2377 peratore',
1461 2333 1612 2377 conspet‘la
1629 2332 1783 2376 sepultura
1803 2335 1865 2373 ejus
1890 2334 2020 2367 humoris
2059 2335 2154 2375 plena

1277 2383 1472 2429 suspicionem
1497 2385 1599 2418 multis
1624 2386 1707 2417 dedit
1722 2386 1806 2417 illam
1825 2395 1886 2417 rem
1906 2386 1957 2426 effe
1979 2385 2121 2422 ultionem
2144 2406 2156 2422 ,

1282 2446 1315 2467 ac
1325 2436 1467 2467 indicium
1486 2434 1643 2476 supplicii,
1669 2446 1725 2476 quo
1743 2435 1902 2475 afficeretur
1926 2434 1959 2466 ob
1985 2433 2157 2472 intestinum

1281 2485 1387 2518 bellum
1410 2496 1445 2517 ac
1471 2487 1584 2518 caedem
1606 2508 1616 2524 ,
1642 2485 1722 2517 &ea
1742 2496 1808 2526 quae
1827 2483 1887 2524 post
1909 2483 2081 2526 usurpatum
2099 2488 2158 2516 Im-

1278 2539 1393 2577 perium
1403 2534 1582 2577 commiserat
1593 2541 1633 2566 in·
1641 2536 1795 2574 privando
1807 2537 1914 2566 Senatu
1920 2536 1965 2573 jis
1990 2534 2074 2567 bonis
2090 2544 2157 2575 quae

1281 2590 1307 2617 ei
1327 2592 1496 2627 antiquitus
1521 2585 1640 2626 concessa
1655 2583 1778 2624 fuerant
1789 2608 1800 2623 ,
1826 2585 1858 2617 ζ’)
1878 2585 2048 2616 adimendis
2056 2581 2157 2626 sacris

1280 2636 1397 2676 templis
1409 2646 1442 2667 ac
1455 2634 1583 2667 delubris
1589 2633 1794 2674 facultatibus
1815 2657 1826 2674 ,
1853 2645 1927 2675 quas
1938 2634 2072 2666 dixitnus
2087 2655 2098 2672 ,
2121 2632 2159 2666 id

1279 2696 1388 2719 curans
1406 2693 1440 2718 ut
1465 2683 1618 2726 nihilipfis
1632 2682 1788 2727 superesset
1806 2708 1817 2723 ,
1842 2681 1899 2726 sed
1919 2694 1954 2717 ea
1978 2693 2158 2716 tantummo-

1280 2738 1316 2767 do
1337 2734 1503 2774 haberent,
1528 2746 1594 2776 quae
1617 2736 1661 2766 ad
1670 2733 1781 2768 villum
1802 2731 1880 2775 satis
1906 2733 1993 2774 essent
2010 2756 2020 2771 ,
2046 2733 2156 2764 medio·

1278 2796 1355 2818 crem
1367 2784 1512 2817 adhibens
1524 2785 1704 2826 Reipublicae
1716 2781 1937 2826 consolationem
1949 2807 1956 2814 .
1986 2783 2043 2814 Alii
2053 2792 2155 2814 autem

1275 2835 1414 2875 fluentem
1425 2834 1574 2868 humorem
1584 2833 1856 2875 interpretabantur
1876 2831 2050 2875 sane‘litatis
2075 2833 2154 2864 indi-

1278 2891 1353 2918 cium
1363 2909 1372 2924 ,
1401 2887 1480 2926 quod
1487 2886 1561 2926 pure*
1577 2895 1611 2916 ac
1627 2883 1687 2924 fine
1701 2884 1761 2915 ulla
1776 2881 1970 2923 controverssa
1983 2881 2154 2922 eumfac‘lo-

1278 2947 1344 2967 rum
1351 2936 1543 2977 poenituisset.
1575 2934 1726 2966 amborum
1750 2944 1799 2976 ego
1815 2929 1996 2974 sententiam
2007 2932 2096 2964 laudo
2118 2932 2152 2965 6·

1278 2983 1404 3026 approbo
1420 2998 1430 3018 :
1457 2986 1535 3026 quod
1544 2986 1639 3017 altera
1658 2977 1815 3025 prohibeat
1829 2982 1942 3023 futura
1952 2983 2032 3014 mala
2045 3006 2055 3021 ,
2080 2982 2154 3014 alte-

1277 3037 1343 3069 rati
1361 3036 1549 3067 deterioribus
1562 3033 1732 3066 admeliora
1747 3031 1922 3065 adhortetur
1945 3042 1979 3063 ac
2001 3040 2116 3064 revocet
2142 3055 2151 3065 .

1277 3085 1378 3131 Qod
1403 3084 1538 3118 isaacius
1549 3084 1649 3128 egerit
1661 3081 1798 3127 signam
1812 3092 1869 3124 pro
1879 3081 2072 3116 criminibus
2086 3091 2154 3122 poe·

1277 3136 1469 3176 nitentiam,
1496 3133 1723 3168 existimonon
1750 3131 1986 3166 dubitandum.
2021 3130 2152 3165 Etenim

1277 3185 1453 3227 Imperium
1465 3184 1615 3227 deposuit
1628 3207 1638 3223 ‚
1666 3182 1872 3215 Monasticen
1889 3181 2043 3224 proffffus
2055 3181 2151 3214 estin

1276 3235 1382 3269 Studii
1393 3234 1557 3269 Coenobio
1571 3259 1581 3275 ‚
1607 3234 1639 3267 ἀ
1652 3230 1732 3266 adeo
1743 3231 1934 3265 obedienter
1947 3233 1976 3265 se
1989 3231 2081 3275 geffit
2100 3239 2152 3262 at-

1276 3295 1338 3327 que
1352 3283 1520 3318 humiliter
1533 3308 1544 3323 ,
1569 3294 1604 3316 ut
1617 3282 1813 3326 quandoque
1823 3281 1921 3325 egerit
1935 3282 2053 3315 domus
2069 3278 2151 3320 jani-

1276 3345 1377 3368 torem
1392 3357 1400 3365 .
1431 3334 1470 3367 Et
1486 3335 1548 3367 fuit
1564 3335 1683 3375 semper
1693 3332 1776 3365 adeo
1789 3332 1909 3371 cassuS,
1937 3331 2081 3365 ucetiam
2097 3339 2151 3361 va·

1275 3383 1430 3417 letudinis
1450 3383 1627 3427 periculum
1647 3380 1751 3414 subire
1774 3382 1947 3420 maluerit,
1974 3380 2069 3423 quim
2107 3388 2149 3410 ex

1256 3443 1263 3497 1
1274 3434 1476 3470 medicorum
1486 3432 1620 3466 confilio
1631 3431 1733 3465 facere
1746 3431 1911 3474 pudicitiae
1920 3430 2071 3472 jacturam
2091 3450 2099 3458 .

1324 3483 1509 3522 Audiamus
1518 3482 1597 3528 quid
1611 3480 1671 3517 hac
1693 3481 1734 3517 de
1746 3493 1779 3518 re
1791 3480 1908 3517 scribat
1920 3490 1960 3514 ex
1972 3475 2148 3562 Cagzeipale

2085 3538 2114 3564 3-
