2366 3736
407 132 505 186 88¹
959 151 1592 197 DlssERTATIO

369 231 416 266 cit
437 249 505 273 non
526 237 694 275 dumtaxat
717 234 865 269 vilescere
877 233 1099 276 Monasteria,
1126 236 1179 271 sed
1203 237 1249 275 in-

370 286 463 335 supet
485 287 661 329 corrumpit
677 285 882 328 disciplinam
896 310 903 318 .

420 337 583 373 Servanda
604 336 648 370 est
672 336 705 370 δε
728 333 795 373 haec
818 337 943 379 optima
966 335 1092 380 Regula
1110 359 1120 375 ‚
1150 345 1247 378 quam

368 390 402 426 in
423 388 608 431 praefatione
635 386 675 421 ad
699 387 899 433 antiquiores
924 386 1145 420 Cluniacensis
1170 384 1246 419 Mo·

366 439 495 473 nasserii
519 436 792 478 consuetudines,
820 437 934 481 scripta
959 436 999 469 ad
1025 434 1243 470 Guilielmum

366 488 533 522 Abbatem
555 486 829 533 Hirgaugiensem
855 511 864 526 ,
892 486 1029 529 praefixit
1063 486 1243 520 Udalricus

366 537 555 572 Monachus
576 550 583 570 ε
624 538 739 570 Accedit
758 537 918 570 admodum
944 546 1037 580 grata
1059 539 1092 570 (7
1107 538 1243 577 jucunda

363 593 502 623 memoria
519 589 743 629 pollicitationis
768 597 827 620 tuae
838 589 876 620 de
896 589 1029 621 cavendo
1048 592 1165 630 ingenio
1176 598 1240 628 quo-

360 639 501 671 rumdam
524 636 672 670 bominum
688 636 877 682 saecularium
903 662 913 678 ‚
950 641 1000 678 qui
1022 642 1160 669 nimirum
1184 647 1240 668 non

360 689 536 731 magnaper?
565 697 701 722 curantes
729 689 773 721 de'
792 689 849 720 alio
873 711 884 726 ,
922 689 1013 729 qudm
1042 688 1079 729 df
1104 686 1238 729 batsala

360 740 512 780 temporali
524 745 610 777 vita,
634 738 785 780 postquam
808 739 924 770 domum
945 736 1122 776 habuerint,
1149 743 1238 769 atita

358 790 457 823 dicam
482 813 491 829 ‚
524 790 648 830 plenam
665 789 795 830 filiorum
816 790 849 820 (5
866 787 1000 828 filiarum
1028 810 1039 826 ,
1077 796 1128 821 aut
1145 787 1236 828 fiqut's

356 840 515 874 eorundem
536 841 659 872 claudus
674 840 749 879 jerit
770 846 823 869 aut
844 848 986 877 mancus,
1008 835 1160 879 surdaster
1184 846 1236 870 aut

355 899 466 929 coecus,
486 887 623 933 gibbofics
644 897 698 921 aut
724 886 875 930 leprosus,
902 888 954 923 vel
977 887 1061 923 aliud
1081 889 1157 929 quid
1178 887 1235 919 bu-

347 938 483 980 jusmodt'
507 963 517 980 ‚
553 939 632 984 quod
651 950 716 971 eum
737 939 838 979 aliquo
859 939 944 970 modo
957 935 1040 978 facit
1055 936 1161 981 saeculo
1181 943 1236 969 ml·

353 1001 410 1022 nus
430 997 599 1030 acceptum,
626 988 705 1021 hunc
725 989 845 1030 quidem
869 987 1061 1032 tmpenfifflmo
1084 997 1150 1021 voto
1165 1012 1179 1031 ,ἃ
1201 996 1233 1021 ut

352 1039 513 1075 Monachus
529 1038 587 1081 fiat
602 1063 612 1080 ,
636 1038 760 1080 offerunt
782 1039 862 1080 Deo,
889 1049 1061 1084 quanquam
1068 1039 1161 1080 plani
1174 1049 1231 1069 non

347 1097 471 1131 propter
492 1091 588 1122 Deum
614 1114 624 1129 ‚
647 1088 704 1131 sed
718 1096 842 1130 propter
873 1088 925 1121 boc
947 1098 1066 1123 tamum
1103 1112 1112 1127 ,
1148 1098 1181 1120 ut
1199 1086 1231 1130 ft

348 1137 427 1179 ipsos
449 1141 613 1180 expediant
644 1139 683 1171 ab
716 1143 758 1171 eis
783 1139 945 1172 educandis
982 1141 1016 1171 o·
1035 1136 1189 1180 pascendis
1220 1159 1230 1175 ,

346 1189 399 1221 vel
419 1190 490 1220 aliis
510 1188 575 1232 suis
608 1188 709 1222 liberis
726 1189 806 1229 pofflt
833 1190 883 1230 effl-
912 1194 1008 1231 mergis
1034 1186 1193 1229 consultum
1220 1211 1228 1222 v

345 1237 453 1271 Addit
477 1250 531 1282 per
557 1237 642 1271 hanc
664 1238 827 1279 pessimam
851 1235 992 1273 radicem
1016 1239 1078 1271 effe
1098 1249 1226 1280 corrup-

344 1296 375 1321 ta
396 1289 532 1331 plurima
556 1286 755 1321 Monasteria
783 1311 794 1326 ,
831 1297 931 1332 atque
955 1288 1145 1322 concludit:
1179 1290 1243 1320 Διί4

344 1339 489 1371 cautelam
510 1339 543 1372 Θ
571 1348 683 1370 meram
721 1338 869 1380 religionis
900 1335 1083 1378 soliditatem
1099 1362 1110 1377 ‚
1150 1336 1226 1370 banc

342 1388 511 1428 Monastert't
534 1393 576 1421 tui
591 1390 697 1430 Legem
714 1385 925 1430 promulgasti,
951 1396 984 1421 ut
1009 1396 1080 1428 opus
1095 1386 1134 1428 fis
1146 1395 1222 1427 prae-

335 1436 414 1480 fatis
435 1429 629 1480 saecularilius
652 1438 744 1471 alium
764 1436 821 1477 fibi
841 1438 946 1469 nidum
964 1439 1146 1478 prozidere,
1173 1439 1224 1471 ubl

339 1497 485 1531 reponant
506 1489 602 1531 pullos
621 1485 689 1530 suos
711 1487 861 1519 abortivos
885 1511 896 1527 ,
931 1488 1017 1520 velut
1050 1486 1223 1521 exhaereda-

338 1549 401 1571 tos.
430 1539 555 1574 Eadem
581 1539 672 1581 supra
696 1536 882 1572 audivimus
905 1536 1041 1575 &sancto
1052 1537 1221 1582 Hierony·

336 1600 395 1622 mo
415 1614 423 1621 .
451 1589 495 1623 Et
516 1590 626 1623 locum
648 1586 768 1621 habent
800 1588 900 1621 etiarn
923 1587 956 1620 in
993 1588 1185 1631 pauperibus
1212 1613 1218 1621 .

334 1636 418 1672 Sunt
443 1636 651 1673 maturissime
673 1638 868 1672 discutiendi
893 1637 934 1671 de
957 1639 1056 1680 scopo
1080 1639 1140 1671 suae
1168 1649 1221 1671 vo·

334 1690 476 1723 cationis
515 1702 522 1721 :
560 1698 675 1731 utpote
706 1687 846 1720 obnoxii
883 1687 1118 1730 suspicionibus
1140 1713 1149 1730 ‚
1180 1699 1220 1722 ne

333 1739 575 1773 Monasterium
608 1748 717 1781 petant
748 1737 792 1770 ob
812 1738 878 1772 sola
917 1738 989 1771 vitae
1010 1737 1181 1771 necessaria
1213 1762 1220 1770 .

332 1790 376 1822 Et
404 1789 505 1829 tales,
532 1787 588 1821 ubi
611 1788 728 1820 divites
764 1787 978 1821 humiliantur
1001 1788 1035 1821 ἀ
1058 1787 1151 1831 parce
1176 1789 1220 1822 vi-

335 1850 416 1874 vunt
454 1863 464 1879 ‚
493 1850 560 1873 non
579 1837 651 1872 raro
675 1836 832 1872 inflantur
858 1861 870 1882 ἓ
908 1837 1056 1884 fiuntque
1088 1848 1219 1875 enerves

335 1902 373 1924 ac
397 1890 549 1924 delicati.

385 1939 526 1974 Praesens
550 1949 629 1983 ergo
651 1937 786 1981 quaestio
811 1937 855 1972 est
869 1961 879 1977 ‚
907 1939 962 1971 An
977 1936 1062 1971 solos
1083 1937 1217 1981 opulen-

335 2000 411 2029 tos,
438 1991 535 2033 idque
561 1990 710 2031 stipulata
733 1988 812 2022 dote
833 1988 1024 2027 admittere,
1053 1988 1090 2021 sit
1113 1989 1217 2021 conti-

334 2051 401 2074 nua
422 2039 593 2074 Simonia?
624 2037 823 2080 Respondeo
834 2037 895 2073 esse
920 2036 1132 2079 turpiffimam
1146 2047 1218 2070 ava-

331 2090 463 2129 ritiam,
494 2088 769 2129 foedissimumque
791 2086 970 2130 quaesturn.
999 2086 1048 2122 Ita
1073 2085 1138 2128 jam
1162 2098 1213 2119 au*

333 2139 476 2173 divimus
494 2140 510 2171 ὲ
534 2139 652 2171 Sancto
684 2138 809 2179 Joanne
834 2134 1073 2177 chrysostomo
1102 2159 1112 2174 ,
1151 2137 1215 2171 san-

333 2191 450 2231 stoque
470 2187 590 2222 Isidoro
629 2186 788 2219 PelusiOta
816 2210 823 2216 .
854 2186 897 2218 Et
922 2182 1214 2226 hicwtffadjun-

331 2239 381 2282 git
409 2262 420 2278 ,
446 2237 535 2281 quod
558 2234 737 2271 istiusmodi
763 2233 916 2276 Episcopi
945 2258 955 2273 ,
994 2234 1142 2277 adeoque
1178 2235 1210 2267 &

334 2288 613 2324 Monasteriorum
649 2285 778 2328 praefesti
817 2284 926 2327 passim
948 2283 1081 2317 virtutes
1108 2283 1215 2326 negli—

332 2349 435 2382 gant,
462 2337 700 2376 admittantque
723 2337 820 2368 etiam
843 2334 1036 2368 criminosos
1057 2345 1095 2366 ac
1129 2333 1214 2376 inep-

333 2399 408 2427 tos,
435 2384 619 2420 dummodo
642 2385 833 2428 opulentos.
866 2385 997 2417 Etenim
1019 2383 1140 2417 fundos
1157 2394 1214 2418 ve·-

332 2448 452 2471 nantur
470 2447 524 2471 aut
550 2446 716 2472 nummos.
746 2434 837 2467 Hinc
862 2433 995 2474 Petrus,
1017 2433 1132 2466 saneti
1148 2436 1210 2470 Ste

334 2488 432 2531 pliani
456 2486 489 2521 in
515 2495 629 2518 monte
651 2484 760 2518 Coelio
789 2484 960 2526 Presbyter
995 2483 1178 2517 Cardinalis
1203 2508 1213 2523 ‚

334 2549 372 2571 ac
395 2536 581 2570 Innocentii
601 2533 685 2571 tertii
713 2544 766 2576 per
788 2534 932 2567 Galliam
957 2533 1097 2577 Legatos
1127 2557 1138 2573 ‚
1176 2533 1208 2566 in

334 2589 388 2620 sua
410 2586 493 2630 apud
524 2595 671 2618 montem
695 2583 862 2618 pessulum
901 2583 1037 2627 Synodo
1065 2582 1111 2616 est
1138 2593 1208 2627 que-

161 2640 315 2686 (Σηκὶς.
335 2638 416 2671 sius:
448 2637 524 2669 Adeo
545 2636 678 2668 invaluit
707 2635 902 2675 quorumdam
937 2630 1144 2676 Religiosorum
1164 2644 1207 2666 cu·

329 2689 446 2731 piditas
476 2710 486 2726 ,
527 2696 559 2718 ut
581 2683 729 2728 usurarios
753 2689 898 2724 recipiant
920 2685 964 2716 ad
994 2684 1172 2727 Religionem
1201 2709 1207 2715 .

334 2738 378 2771 Et
401 2737 505 2781 palam
526 2736 581 2776 est>
598 2734 747 2768 mentalis
760 2734 897 2767 simonia
911 2757 918 2764 .
947 2733 1080 2767 Etenim
1093 2733 1206 2768 admit-

332 2789 430 2823 tentis
461 2786 585 2821 Praelati
619 2785 707 2819 oculi
729 2783 916 2828 diriguntur
948 2783 982 2816 in
1015 2783 1169 2826 quaestum
1198 2807 1208 2824 ,

331 2839 478 2881 adeoque
499 2837 531 2869 in
557 2837 691 2879 scopum
715 2834 857 2867 Simonis
876 2859 884 2867 .
925 2831 1080 2866 Attamen
1103 2833 1206 2867 existi·

332 2899 387 2920 mo
407 2899 474 2920 non
497 2887 557 2920 effe
587 2886 706 2928 lepram
738 2884 854 2916 realem
882 2907 890 2915 .
928 2883 1058 2916 Etenim
1094 2883 1205 2917 lecim

334 2935 388 2970 hic
412 2937 507 2970 habet
533 2936 686 2981 Gregorii
709 2935 765 2967 IX.
793 2933 891 2967 finale
914 2932 971 2967 sub
994 2933 1092 2966 titulo
1114 2932 1204 2968 d=Si·

331 2987 443 3021 monia
461 2986 637 3019 Decretum
661 3010 671 3025 ‚
707 2984 848 3017 asserens
885 2983 1057 3017 simoniam
1080 2983 1086 2989 ”
1106 2995 1170 3016 ,ατη
1197 3008 1207 3024 ,

331 3048 400 3080 quae
420 3037 490 3070 solo
513 3036 614 3070 animi
638 3045 779 3079 patratur
805 3033 919 3068 affeetu
948 3056 959 3073 ‚
996 3034 1057 3068 effe
1081 3031 1206 3067 dumta-

331 3097 387 3122 xat
411 3085 587 3118 mentalem
611 3109 618 3116 .
655 3085 746 3117 Dum
775 3083 891 3128 nempe
921 3093 1094 3117 externum
1127 3095 1207 3125 opus

331 3137 375 3170 est
402 3135 583 3169 istiusmodi
598 3157 608 3173 ,
634 3134 721 3177 quod
737 3135 843 3176 perfici
866 3133 959 3176 poffit
974 3133 1056 3166 recto
1079 3134 1199 3166 animo.

331 3184 566 3220 Nihilominus
586 3193 674 3217 tanta
696 3183 929 3217 continuorum
946 3182 1087 3217 Astuum
1101 3207 1111 3222 ‚
1137 3194 1206 3225 prae·

332 3235 439 3270 sertim
464 3245 519 3277 per
542 3233 727 3276 Statutum‚
754 3233 956 3267 consuetudo
982 3232 1108 3276 peffime*
1120 3233 1203 3267 olet.

333 3283 566 3321 proscribenda
586 3283 629 3318 est
655 3293 749 3328 atque
772 3283 976 3316 damnanda.
1004 3282 1096 3317 Hinc
1119 3293 1205 3325 patet

330 3347 417 3370 nova
444 3333 646 3368 Monialium
677 3356 687 3371 ,
724 3343 792 3376 quae
815 3333 877 3366 line
900 3335 977 3368 dote
1000 3333 1168 3377 eriguntur
1195 3357 1206 3373 ‚

330 3387 362 3418 δέ
382 3397 423 3420 ex
444 3385 520 3420 solis
540 3382 794 3416 Profes'lurarum
819 3382 1054 3418 collationibus
1079 3384 1205 3426 sperant

329 3434 513 3473 subsistere,
542 3432 741 3466 Monasteria
778 3432 962 3467 nullatenus
995 3434 1058 3467 esse
1093 3431 1207 3467 admit·

328 3483 427 3519 tenda
450 3509 458 3517 .
486 3482 673 3519 Istiusmodi
701 3481 868 3517 Moniales
892 3483 1002 3528 passim
1023 3482 1142 3518 volunt
1164 3483 1211 3517 so-

1308 236 1354 274 las
1376 237 1548 281 opulentas
1570 233 1740 270 admittere
1767 258 1778 275 ‚
1816 242 1913 279 atque
1934 235 1980 270 ita
2003 239 2112 273 omms
2132 248 2180 272 ea·

1308 298 1377 321 rum
1403 290 1564 331 cogitatio
1589 286 1766 330 propendet
1790 284 1823 319 in
1855 295 1970 319 terram
2001 316 2009 323 ,
2045 287 2181 324 Etsane

1306 339 1381 372 sacri
1407 350 1550 372 canones
1576 338 1701 374 nullum
1723 336 1789 369 fine
1824 340 2022 378 competenti
2057 351 2094 374 ac
2118 339 2182 381 pie*-

1306 399 1347 421 na
1366 388 1443 422 dote
1475 388 1605 421 fundari
1640 387 1830 430 permittunt
1853 397 1977 419 novum
2008 384 2181 425 Monaste-

1305 438 1408 471 rium.
1438 438 1564 480 Excipe
1587 448 1695 470 tamen
1721 436 1989 470 Mendicantium
2003 437 2181 479 Moniales,

1303 498 1373 531 quae
1394 488 1507 531 partim
1532 500 1573 520 ex
1596 488 1835 529 eleemosynis,
1865 488 1980 529 partim
2003 498 2043 520 ex
2063 489 2179 523 suisla-

1303 537 1436 572 boribus
1470 539 1598 581 possunt
1624 556 1630 560 v
1658 538 1740 569 ivere
1766 561 1773 568 .
1822 538 1864 570 Et
1898 537 1984 571 certe
2021 548 2178 573 manuum

1301 599 1384 630 opus
1402 589 1445 623 est
1484 584 1609 622 cunstis
1631 548 1846 622 ‘Monialibus
1879 588 2107 621 faustissimum
2140 599 2177 625 ac

1301 637 1521 674 utilissimum,
2094 637 2099 642 ⁴

1351 689 1497 735 Qiaestio
1521 688 1615 722 tertia
1638 686 1683 720 est
1712 711 1722 728 ,
1760 685 1816 720 An
1849 687 1962 721 omnia
1994 689 2175 731 generatim

1300 738 1498 772 Monafleria
1524 740 1602 772 citra
1637 736 1819 771 Simoniam
1846 738 1964 779 poffint
1998 738 2064 772 haec
2089 740 2174 775 circa

1300 787 1490 823 haereditatis
1533 788 1812 825 renuntiationem
1837 791 1924 830 pasta
1948 788 2027 822 inire
2049 790 2061 821 ἓ
2096 790 2176 824 Res-

1299 839 1428 880 pondeo
1454 839 1596 882 quadam
1621 850 1687 871 non
1711 838 1798 880 posse
1818 861 1825 868 .
1858 837 1991 870 Etenim
2019 838 2176 872 Sanctissi-

1297 899 1349 922 ma
1374 889 1480 923 Sancti
1505 889 1667 923 Francisci
1699 887 1823 921 familia
1852 911 1863 927 ,
1900 889 2058 932 quoniam
2081 890 2172 924 nulla

1295 938 1392 972 etiam
1417 939 1641 982 Qymmuni
1669 938 1770 982 petest
1796 938 1980 972 immobilia
2004 938 2172 981 possidere,

1295 988 1353 1021 ista
1375 999 1534 1024 attentare
1567 991 1681 1030 nequit
1715 987 1780 1021 sine
1806 989 1978 1023 manifesto
2013 988 2101 1030 lapsu
2136 989 2171 1023 in

1295 1038 1413 1080 lepram
1440 1064 1448 1072 .
1474 1039 1537 1073 Per
1559 1038 1783 1073 sansiiffimam
1806 1039 1852 1073 sui
1881 1039 1984 1072 Patris
2008 1037 2171 1082 Regulam

1292 1087 1335 1120 est
1366 1099 1480 1123 manus
1502 1101 1630 1123 mortua
1652 1114 1662 1129 ,
1702 1090 1841 1132 ideoque
1875 1090 1914 1122 ad
1943 1089 2170 1130 profitentium

1294 1138 1440 1174 Fratrum
1465 1138 1675 1174 successiones
1710 1138 1793 1174 nihil
1819 1138 1915 1172 habet
1940 1140 2015 1180 juris
2034 1163 2041 1169 .
2077 1139 2170 1172 Hinc

1293 1194 1348 1230 pto
1371 1188 1510 1230 ipsarum
1533 1189 1673 1223 ceffione
1691 1189 1775 1223 nibil
1801 1189 1892 1231 posfit
1917 1189 2045 1233 exigere
2072 1213 2083 1228 ,
2110 1189 2171 1271 §ii-

1292 1238 1413 1278 putari,
1441 1240 1611 1283 transigere
1635 1264 1642 1271 .
1680 1239 1803 1272 Eadem
1826 1240 1871 1273 est
1897 1241 1980 1274 ratio
2003 1238 2108 1273 Mona
2140 1251 2171 1272 e-

1290 1288 1408 1329 riorum
1423 1313 1434 1328 ,
1461 1299 1530 1333 quae
1557 1289 1601 1332 pii
1622 1288 1790 1330 Principes
1812 1299 1868 1322 aut
1892 1288 2086 1325 aliiFideles
2097 1289 2171 1321 fun-

1288 1336 1404 1371 darunt
1427 1350 1464 1371 ac
1488 1339 1641 1372 dotarunt
1663 1348 1738 1372 cum
1765 1338 1826 1371 isto
1852 1349 1952 1371 onere
1983 1362 1994 1377 ,
2021 1349 2056 1371 ut
2084 1337 2170 1370 nihil

1288 1387 1327 1420 ab
1350 1387 1611 1432 ingredientibus
1631 1387 1831 1430 praetendant
1857 1411 1868 1427 ‚
1896 1387 1947 1420 sed
1970 1389 2096 1425 cunffls
2118 1398 2173 1421 eo·

1289 1448 1356 1470 rum
1386 1461 1396 1476 ,
1432 1448 1514 1485 quos
1539 1439 1577 1471 ad
1606 1439 1709 1471 fixum
1730 1437 1747 1469 a
1784 1437 1958 1474 fundatore
1997 1449 2169 1475 numerum

1288 1485 1485 1526 admiserint,
1518 1487 1771 1521 succe-monibus
1804 1487 1921 1520 cedant
1941 1498 2039 1530 atque
2053 1499 2170 1522 renun-

1286 1537 1367 1570 tient
1396 1549 1402 1568 :
1442 1538 1573 1570 &tales
1603 1537 1813 1570 fundationes
1848 1538 1921 1570 sunt
1955 1536 2097 1580 piislimae
2130 1548 2169 1572 ae

1286 1587 1528 1622 fundatissimae.
1560 1587 1613 1620 Est
1637 1586 1796 1630 singulare
1820 1586 1927 1620 on'us:
1955 1587 2033 1620 hinc
2053 1588 2162 1631 praesu-

1286 1638 1328 1669 mi
1344 1649 1410 1670 non
1429 1638 1519 1679 poffit
1533 1661 1543 1676 ‚
1571 1638 1628 1670 nifi
1642 1636 1902 1670 demonstretur.
1933 1636 1975 1670 Et
1991 1648 2046 1679 per
2061 1639 2167 1680 ipsum

1286 1686 1483 1721 Monasteria
1508 1699 1574 1721 non
1600 1686 1842 1731 adstringuntur
1863 1687 1902 1719 ad
1929 1688 1959 1720 se
1981 1685 2167 1726 cohibenda

1285 1738 1365 1771 intra
1393 1738 1487 1773 istum
1515 1739 1719 1772 numerum‘.
1765 1738 1949 1770 Admittere
1974 1736 2093 1780 poffint
2116 1737 2168 1771 su-

1286 1787 1554 1827 per-numerarios
1575 1813 1585 1827 ‚
1622 1787 1656 1820 δε
1678 1798 1752 1820 cum
1796 1786 1859 1820 illis
1877 1786 2050 1831 procedere
2071 1787 2174 1830 juxta·

1284 1838 1432 1881 Leges&
1456 1837 1630 1871 Canones.
1660 1837 1745 1872 lnter
1768 1837 1921 1878 antiquos
1944 1837 2162 1879 quorumdam

1286 1887 1520 1930 Episcoporum
1544 1889 1575 1920 in
1601 1886 1800 1920 Monasteria
1823 1886 1964 1935 excessus
1990 1910 2008 1928 ,X
2039 1887 2166 1932 Grego÷

1283 1937 1347 1971 rius
1370 1938 1426 1970 lx.
1454 1937 1607 1971 Pontifex
1633 1938 1727 1980 ponit
1751 1939 1783 1970 ὅ(
1806 1935 1916 1970 hunc:
1945 1937 2076 1977 Volunt,
2104 1937 2166 1970 uti*

1283 1997 1345 2029 que
1368 1986 1499 2029 quidam
1523 1988 1700 2028 Episcopi,
1727 1995 1759 2019 in
1779 1987 1914 2020 domibus
1938 1997 2035 2020 eorum
2057 2011 2082 2026 „
2104 1987 2166 2020 Re·

1282 2097 1390 2117 merum
1423 2090 1567 2118 Fratrum
1592 2109 1601 2123 ‚
1627 2086 1818 2117 sacerdotum
1840 2109 1850 2124 ‚
1889 2087 2091 2125 elericorum,
2128 2088 2163 2120 θ

1283 2139 1436 2167 Laicorum
1456 2143 1511 2176 pro
1526 2133 1583 2176 sua
1606 2136 1760 2167 voluntate
1784 2144 1913 2168 taxare.
1945 2135 2097 2178 Episcopi
2121 2147 2164 2171 ne

1281 2233 1372 2267 istam
1396 2233 1605 2275 potestatem.
1636 2232 1791 2266 Attamen
1827 2233 2008 2275 optandum
2042 2238 2126 2270 foret
2149 2259 2160 2274 ‚

1281 2293 1315 2315 ut
1335 2284 1447 2316 omnia
1479 2282 1679 2315 Monasieria
1702 2284 1861 2315 servarent
1886 2283 2160 2326 supra-laudatam

1281 2344 1427 2365 normam
1453 2333 1558 2366 Sansti
1582 2331 1754 2367 Pachumii
1787 2356 1794 2364 .
1834 2332 1874 2365 Et
1897 2333 1981 2367 certe
2001 2335 2166 2377 opulenta,

1277 2381 1314 2414 ad
1342 2383 1433 2416 illam
1457 2382 1669 2425 obligantur.
1698 2381 1769 2415 Nec
1794 2383 1908 2424 sponte
1934 2383 2045 2417 oblata
2068 2383 2163 2419 debe-

1277 2443 1346 2466 rent
1373 2433 1542 2466 admittere
1571 2457 1577 2463 .
1617 2433 1753 2465 interim
1786 2432 1864 2465 dum
1893 2434 2022 2475 praefato
2057 2434 2159 2468 modo

1275 2483 1411 2526 exigunt
1435 2507 1445 2523 ,
1483 2482 1582 2517 solam
1615 2483 1782 2516 avaritiam
1806 2492 1934 2531 patrant
1959 2507 1971 2526 ,
2009 2495 2078 2518 non
2113 2485 2162 2521 Si-

1276 2544 1443 2568 monlamt
1805 2550 1811 2553 ³

1435 2631 1714 2668 CAPUT
1816 2604 1989 2670 XV111ss

1273 2734 1428 2775 ,Quaedam
1438 2730 1645 2778 supplementa
1660 2734 1705 2766 ad
1721 2733 1947 2776 differtationem
1957 2734 1994 2767 de
2005 2736 2150 2776 simonia,

1379 2833 1444 2868 Uae
1462 2832 1495 2865 in
1520 2834 1633 2876 praevia
1657 2833 1695 2867 ad
1721 2834 1826 2868 Sanffi
1841 2832 1964 2867 Leonis
1976 2834 2036 2866 lx.
2054 2833 2147 2866 Pon-

1268 2835 1496 2964 Qtificis
1521 2883 1599 2916 Asta
1614 2884 1850 2917 Dissertatione
1866 2883 1905 2916 de
1927 2883 2075 2917 Simonia
2089 2884 2151 2917 do-

1402 2933 1476 2971 cui,
1505 2935 1578 2967 sunt
1602 2934 1708 2967 valida
1734 2934 1767 2967 ὃ(
1790 2933 1880 2966 firma
1896 2957 1903 2964 .
1933 2932 2028 2984 NJhil
2052 2943 2147 2968 retra-

1270 2981 1423 3016 &andum
1448 2982 1515 3021 est,
1542 2984 1774 3027 quaedamsunt
1796 2981 1945 3016 addenda
1972 3008 1979 3016 .
2019 2983 2099 3016 Dixi
2116 2984 2151 3018 in

1270 3031 1553 3066 Sacramentorum
1565 3043 1620 3067 aut
1631 3035 1722 3068 Sacra
1729 3033 1920 3079 mentalium
1946 3032 2148 3067 administra·

1271 3081 1362 3115 tione
1375 3080 1458 3115 nihil
1476 3085 1562 3125 posse
1577 3084 1684 3128 exigi:
1712 3094 1846 3116 omnem
1859 3079 2061 3123 exafflunem
2086 3085 2152 3117 esse

1269 3132 1287 3167 ὲ
1302 3142 1414 3166 natura
1428 3145 1464 3166 ac
1478 3129 1615 3167 Ecclesia
1628 3133 1815 3167 damnatam
1833 3132 2019 3168 Simoniam
2032 3159 2039 3166 .
2067 3134 2152 3180 Qi-

1270 3181 1345 3215 darn
1371 3184 1500 3218 censent
1514 3194 1565 3216 me
1589 3181 1754 3227 impegisse
1777 3182 1808 3215 in
1831 3181 1896 3224 jura
1926 3194 2038 3216 eorum
2055 3208 2064 3222 ‚
2091 3182 2148 3226 qui

1271 3232 1400 3273 possunt
1412 3245 1452 3266 ex
1466 3233 1571 3266 Altari
1584 3233 1706 3266 vivere.
1736 3231 1867 3279 Qibus
1892 3233 2000 3274 paffim
2025 3234 2148 3266 adseri·-

1270 3280 1390 3315 buntur
1401 3282 1469 3324 jura
1492 3283 1610 3321 Stolae,
1637 3294 1678 3316 ex
1702 3283 1840 3324 quibus,
1867 3282 1941 3316 licet
1962 3294 2028 3316 non
2053 3293 2108 3326 pro
2134 3306 2148 3323 ,

1271 3341 1381 3365 tamen
1410 3333 1442 3364 in
1457 3333 1627 3367 Sacrorum
1640 3331 1921 3366 administratione
1934 3333 2050 3375 poffint
2063 3331 2150 3366 ordi-

1271 3383 1393 3415 nariam
1406 3382 1675 3416 consuetudinem
1688 3382 1830 3423 exigere.
1859 3383 1946 3416 Inter
1968 3381 2146 3425 articulos,

1270 3442 1353 3475 quos
1366 3431 1481 3466 Galliae
1494 3432 1566 3465 Rex
1581 3432 1719 3466 Carolus
1740 3432 1796 3464 IX.
1821 3432 1973 3465 Trident.
1988 3429 2147 3464 Concilio

1271 3482 1461 3528 proposuit,
1488 3481 1519 3516 &
1532 3493 1590 3527 pto
1604 3483 1805 3519 reformanda·
1820 3481 1965 3519 Ecciefiae
1976 3478 2148 3564 dissciglina

2033 3542 2048 3565 a
2075 3542 2098 3565 ι-

1282 2037 1443 2078 gularium
1458 2060 1465 2074 ,
1495 2035 1663 2077 praesertim
1677 2034 1946 2068 Mendicantium
1959 2059 1970 2074 ,
1995 2044 2104 2069 certum
2115 2046 2165 2069 nu·
2189 2050 2336 2095 Cap-16.

1282 2183 1413 2224 quidem
1440 2185 1471 2216 in
1511 2185 1618 2217 taliter
1642 2183 1777 2216 fundata
1816 2185 2017 2221 monasteria
2043 2185 2164 2221 habent
2222 2188 2223 2191 ’

2354 3326 2366 3337 ι
2355 3303 2363 3315 Α·
2350 3038 2366 3291 «zer-maamu-Lffln-
2363 3019 2366 3029 ,.
2365 2991 2366 2994 „
2362 2941 2366 2950 .,
