2366 3736
35 711 119 756 Cap.
136 710 192 748 16.

202 495 293 527 <nui
321 494 370 528 Ita
396 482 550 525 clamant
587 484 695 522 cunffi

669 151 755 198 DE
794 151 1060 197 &nomi
1097 144 1658 201 Monisirrnrortun.

215 244 267 291 rig
270 241 338 279 idus
349 241 482 276 fratrum
503 246 557 274 aut
580 238 724 273 sororum
751 247 921 270 numerus.
950 235 992 270 Et
1016 236 1094 271 hinc

217 293 407 330 catamitofis
443 291 529 325 hisce
566 288 724 323 bellorum
763 286 990 329 temporibus,
1015 287 1093 320 dum
1117 286 1119 288 '

211 345 446 388 opulentorum
459 342 557 375 etiam
567 337 805 371 Coenobiorum
829 337 999 370 facultates
1022 338 1095 370 sunt

214 395 356 433 abmsae,
383 393 499 436 poffint
511 391 590 423 item
602 386 642 420 ab
654 386 705 421 his
715 388 804 430 exigi
818 386 941 420 dotalia
953 386 1095 419 alimen-

212 454 269 478 ta.
297 439 596 477 Neceffariusenim
610 448 762 471 numerus
786 449 854 470 non
877 438 980 478 potest
1002 436 1094 469 dimi·

737 487 907 521 Canones.
935 472 1093 520 Attamen

214 543 358 578 Pfaefetti
379 541 497 575 debent
517 550 558 572 ex
581 538 646 572 fide
658 548 770 582 agere
798 537 928 570 Etenim
954 538 1096 570 avaritiae

215 594 370 636 iniquitas
383 589 476 634 poffit
491 589 551 622 fibi
565 589 621 632 ipsi
633 588 773 622 faciliter
785 586 935 620 mentiri.

264 641 508 676 ATridentina
521 639 659 681 Synodo
682 637 843 672 habemus
863 637 896 670 &
919 635 1006 671 aliud
1031 635 1096 670 huc
1123 675 1124 679 Ἰ

205 679 355 737 speflans
366 691 576 724 Decretum.
601 690 662 722 Sed
672 699 763 730 neque
776 697 847 720 anre
860 686 945 728 prof
939 688 974 726 ff
975 696 1077 719 onem
1084 710 1094 726 ‚

212 752 332 784 excepto
343 741 425 774 villu
439 743 472 774 θ
485 739 591 779 vestitu
602 763 613 779 ‚
638 743 762 771 Novius·
771 737 824 771 vel
834 741 973 769 Novitiae
987 760 998 777 ,
1011 737 1095 768 illius.

212 797 382 837 temporis'‚‘
399 802 454 833 quo
476 797 509 823 tn
525 790 702 831 probatione
719 787 757 827 est
781 811 792 827 ,
819 798 997 829 quocumque
1018 794 1096 826 prae-

211 852 322 882 textu,
348 844 367 874 ἃ
376 840 582 883 parentibus,
608 838 660 871 vel
666 843 867 879 propinquis,
896 847 949 869 aut
972 840 1098 868 curato·

211 894 296 928 ribus
306 895 371 934 ejus
382 890 552 929 monasterio
564 889 681 929 aliquid
691 899 727 920 ex
739 886 823 920 bonis
836 883 905 929 ejus
901 888 966 919 dem
979 887 1096 919 tribua-

212 995 267 1027 vel
278 995 415 1033 majorem
423 999 543 1031 partem
551 988 725 1031 substantia
733 987 798 1030 suae
811 986 1017 1026 Monaflertum
1033 985 1099 1028 pos

213 1142 357 1177 thematis
365 1150 456 1183 poena
467 1139 611 1172 dantibus
635 1139 669 1170 (⁸5
690 1137 898 1179 recipientibus
913 1149 948 1169 ne
973 1136 1022 1169 hoc
1042 1137 1102 1169 ullo

215 1194 300 1227 modo
309 1192 366 1233 fiat
379 1216 386 1222 .
412 1194 459 1223 Et
469 1198 501 1223 ut
513 1189 691 1222 abeuntibus
702 1197 772 1221 ante
780 1186 977 1228 profefflonem
1001 1193 1100 1219 omnia

213 1242 431 1283 restituantur,
459 1251 525 1283 quae
534 1238 592 1280 sua
604 1248 712 1272 erant.
739 1238 821 1271 Non
834 1236 1004 1270 dumtaxat
1018 1247 1099 1279 pau-

216 1293 366 1338 peribus,
393 1291 446 1325 sed
458 1289 664 1332 &opulentis
675 1287 885 1325 Monasteriis
906 1286 1063 1330 permittit
1090 1310 1102 1327 ‚

215 1343 286 1378 uta
299 1341 470 1380 Novitiis,
497 1339 644 1381 adeoque
665 1338 699 1372 &
721 1337 740 1370 ὲ
761 1337 944 1380 Ρτοῖείῑυτίε
964 1336 1100 1379 exigant

220 1392 396 1428 vestitum,
421 1391 456 1423 ὅ(
477 1388 592 1421 vietum
604 1384 814 1422 Novitiatust
845 1386 978 1418 Etenim
993 1385 1099 1418 Novi·

217 1442 286 1475 tius
298 1437 436 1472 necdum
448 1437 505 1469 est
525 1437 746 1478 incorporatus
748 1433 966 1468 Monasterio
978 1458 988 1474 ‚
1016 1435 1102 1468 ideo·

218 1502 282 1535 que
294 1489 433 1523 necdum
455 1486 553 1519 habet
581 1486 630 1528 jus
652 1484 784 1518 istorum
805 1484 1069 1527 accipiendorum
1096 1509 1103 1515 .

220 1540 279 1575 Est
302 1537 448 1580 antiqua
462 1536 656 1579 disciplina.
692 1535 825 1568 Etenim
862 1533 1102 1568 Pachomiano-

218 1602 293 1626 rum
306 1612 315 1628 ,
341 1589 397 1630 qui
413 1599 471 1620 nec
487 1586 640 1620 vestitum
652 1584 854 1630 exigebant,
881 1584 951 1618 imo
974 1595 1035 1619 nec
1052 1584 1105 1617 ad·
1116 1577 1121 1620 l

219 1639 425 1676 mittebanta
438 1637 614 1674 Novitiis,
638 1635 844 1678 disciplinam
864 1635 1005 1677 Joannes
1029 1635 1106 1668 Cas·

217 1690 326 1725 {ianus
341 1714 350 1728 ,
365 1687 483 1732 aliique
498 1697 613 1720 notant
626 1687 717 1719 fuifle
729 1686 921 1730 {iugularem
936 1709 943 1718 .
970 1685 1104 1718 Horum

220 1742 354 1774 interim
367 1739 519 1772 omnium
529 1738 657 1770 exactio
669 1759 679 1775 ,
708 1735 783 1769 licet
798 1732 944 1780 legitima
966 1736 1001 1768 sit
1013 1758 1023 1774 ,
1049 1736 1107 1769 mi-

220 1791 298 1824 sceri
314 1801 379 1823 non
395 1787 486 1831 poffit
499 1785 574 1821 cut'n
589 1788 652 1829 ipsa
666 1786 859 1821 admistione
872 1786 912 1820 ari
934 1787 1107 1822 Monaste-

220 1842 326 1875 rium.
359 1838 496 1871 Exastio
506 1839 551 1871 est
567 1839 646 1878 quid
660 1837 856 1879 disparatum
868 1835 1008 1871 adinstar
1029 1847 1108 1870 con-

215 1893 338 1925 ‹rac'tus
349 1887 600 1932 antenuptialis.
629 1887 770 1922 Persona
783 1911 793 1927 ,
820 1888 841 1920 si
858 1898 931 1931 apta
946 1888 1123 1944 judiceturi

220 1940 390 1975 addivinae
410 1938 589 1982 Majestatis
601 1950 636 1972 ac
649 1938 843 1973 Monasserii
854 1939 987 1980 officia,
1013 1928 1123 1972 debet

222 1991 302 2034 pure
315 1990 468 2023 admitti.
484 1988 660 2031 postmodo
673 1988 787 2030 dispici
800 1988 841 2021 de
853 1988 922 2030 ejus
938 1989 1107 2021 vestimen-

222 2041 265 2075 tis
276 2050 312 2073 ac
323 2039 485 2072 alimentis
495 2062 502 2069 .
532 2037 624 2070 Hinc
638 2037 659 2069 Ἰ
677 2038 837 2070 ristantlus
849 2037 889 2070 de
903 2038 1028 2071 Salazar
1044 2038 1105 2071 Ar-

222 2089 474 2133 chi-Episcopus
486 2087 679 2120 Senonenfis
694 2110 704 2125 ‚
731 2087 763 2119 δε
775 2085 990 2120 Ludovicusa
1004 2088 1102 2129 Guy-

220 2138 391 2174 firArchi
403 2156 412 2163 -
427 2137 608 2180 Episcopus
620 2135 814 2169 Rhemensis
839 2136 1018 2170 statuerunt
1040 2139 1108 2170 haec

222 2190 295 2223 fieri
322 2188 391 2232 post
411 2185 641 2229 profeffionem
665 2209 672 2217 .
710 2186 873 2219 Notanda
894 2186 940 2219 est
965 2170 1124 2229 superinsl

219 2238 351 2272 laudata
372 2236 491 2280 Magni
510 2234 664 2278 Gregorii
692 2234 785 2277 juffio
813 2238 898 2269 circa
925 2236 1107 2281 Viriganti-

220 2300 306 2323 num
318 2286 527 2320 Monachum
542 2309 549 2316 .
576 2285 674 2328 lpfius
686 2286 773 2328 quod
796 2285 919 2320 studere
944 2288 1042 2331 quam
1066 2289 1106 2320 la-

221 2339 338 2374 borare
361 2337 501 2376 mallet,
539 2334 679 2369 haeredes
698 2336 908 2369 sanffiffimus
946 2337 1105 2370 Pontifex

223 2389 337 2433 coegit
360 2387 401 2420 ad
427 2387 581 2419 alimenta
598 2410 606 2417 .
657 2384 923 2420 Mendicantium
962 2387 1105 2421 Ordines

217 2438 410 2483 obligantur
419 2437 459 2470 ad
472 2435 575 2469 studia
590 2447 599 2477 ;
627 2435 817 2479 obligantur
832 2461 843 2477 ‚
877 2438 991 2480 utpote
1002 2438 1105 2471 novis-

214 2490 334 2524 'fimum
349 2486 524 2521 militantis
537 2486 685 2519 Ecclefiae
711 2485 883 2520 subsidium
898 2512 908 2525 ,
936 2488 1046 2522 ardere
1068 2499 1104 2521 ac

217 2540 346 2574 lucere.
377 2537 419 2570 Et
444 2537 590 2579 quaedam
614 2536 756 2579 ipsorum
773 2537 937 2571 Coenobia
958 2538 1104 2580 juniores

219 2591 331 2624 fratres
360 2597 419 2630 prae
438 2585 551 2628 inopia
575 2597 642 2619 non
667 2586 829 2629 poffintin
856 2587 968 2621 studiis
987 2589 1071 2623 alere
1097 2614 1103 2620 .

221 2636 405 2673 Consuevit
418 2636 506 2670 enim
519 2635 584 2669 effe
597 2636 715 2678 aliquis
727 2647 880 2670 numerus
891 2661 898 2668 .
926 2638 1019 2671 Hinc
1045 2650 1104 2682 pro

219 2686 402 2723 studiorum
429 2696 575 2728 tempore
598 2685 714 2728 poffint
739 2697 868 2731 exigere
900 2687 1056 2722 alimenta
1095 2714 1102 2722 .

219 2738 378 2775 Attamen
391 2737 424 2770 &
437 2735 489 2769 hic
504 2735 680 2770 videndum
704 2737 748 2770 est
760 2761 771 2777 ,
801 2749 842 2772 ne
872 2738 1029 2780 iniquitas
1043 2738 1102 2773 fibi

220 2788 280 2833 ipsi
293 2787 472 2822 mentiatur
487 2811 495 2819 .

421 2886 453 2920 C
478 2885 511 2919 A
534 2885 561 2919 P
590 2886 629 2921 U
656 2886 693 2919 T
798 2886 868 2922 VI.

223 2987 390 3033 Discutitur
402 2986 545 3021 Domina
556 2986 698 3019 Theodori
711 2986 905 3030 Balsamonis
921 3012 932 3029 ‚
961 2992 1102 3024 Paniar-

522 3037 584 3071 cbae
615 3038 809 3079 antiocheni,

314 3138 381 3173 Icet
402 3137 653 3178 Schismaticus‚
681 3150 790 3173 tamen
816 3150 954 3184 magnus
978 3138 1036 3174 hic
1063 3152 1100 3174 ac

332 3189 478 3223 eruditus
490 3190 677 3223 Graecorum
694 3192 749 3222 Do
758 3191 820 3223 fior
835 3190 944 3224 scribit
956 3191 993 3223 ad
1008 3191 1103 3235 quin-

225 3247 298 3270 tum
319 3236 491 3273 Canonern
515 3240 638 3282 septimi
666 3239 836 3281 Concilii3
874 3242 1008 3283 ,Quando
1030 3239 1103 3283 quis

222 3291 309 3328 piam
318 3284 373 3328 sua
381 3285 485 3328 sponte
495 3294 526 3321 in
538 3287 697 3329 Ecclesiam
710 3300 756 3321 res
769 3266 888 3331 aliq’uas
903 3293 1015 3328 tulerit,
1027 3303 1103 3332 quas

225 3338 502 3378 &quiacctptum‚
528 3340 587 3373 ἃς.
601 3346 680 3373 citra
692 3340 784 3371 ullum
802 3342 1015 3382 praeiudiclum
1037 3346 1103 3374 acci-

223 3391 339 3428 piunt,
364 3388 398 3419 (⁴1
419 3392 470 3428 qui
491 3388 585 3428 dant,
615 3396 647 3421 in
667 3398 789 3431 paenam
814 3400 870 3422 non
893 3394 1048 3424 incidunt.
1077 3393 1108 3422 51

228 3441 296 3477 quis
308 3445 405 3469 autem
417 3436 456 3468 ab
470 3441 555 3469 initio
566 3450 622 3471 non
636 3445 678 3469 ita
690 3440 806 3483 liberali
822 3444 853 3474 (9
861 3439 966 3483 sponte
973 3440 1107 3483 suscepta

230 3486 404 3525 voluntate,
427 3485 485 3528 sed
494 3495 526 3518 ut
538 3488 692 3520 ordinetur
705 3513 713 3526 ,
741 3492 792 3522 vel
802 3497 834 3523 in
856 3493 975 3526 Clerum
995 3493 1109 3524 admn-

310 3535 416 3577 christ.
430 3539 511 3580 Lupi
521 3539 619 3579 Opera
629 3540 708 3572 Tom.
720 3540 778 3571 XI.

1127 1000 1129 1031 ζ
1151 997 1322 1022 >mentorum
1340 1002 1344 1009 ·
1361 988 1508 1031 acqutfitto
1530 1014 1537 1021 .

209 1041 324 1083 ἦλθαν,
349 1039 525 1082 nascibile,
545 1038 575 1079 fi
583 1037 760 1081 diseefferit‚
787 1039 824 1069 id
833 1047 1006 1078 recuperare
1026 1035 1101 1078 pos-⁴⁴
1128 1035 1130 1045 ²

202 1112 204 1115 v
208 1092 267 1135 fit.
296 1094 384 1135 ‚Quin
403 1092 501 1132 potius
511 1095 651 1131 praecipit
667 1087 775 1131 santia
801 1088 928 1125 synodus
950 1086 1006 1129 sub
1028 1098 1098 1119 ana-

1946 170 2003 216 53

1147 244 1260 288 utatur,
1285 233 1544 279 vet“atzqu0'al1·0
1564 241 1647 273 modo
1660 242 1707 272 =1n1
1717 236 1846 280 Ecclefia
1864 239 1990 283 eligatur
2013 266 2026 282 ,

1154 286 1446 329 oblationemfecorit
1457 312 1467 328 ,
1494 294 1521 321 is
1532 297 1582 330 qui
1595 291 1665 323 talu
1675 289 1712 330 est
1725 293 1902 331 ;:puntatur.
1931 291 2031 322 Affir-

1156 347 1224 371 mat
1245 336 1507 382 quod'Episcopi‘
1522 340 1554 370 in
1566 340 1780 383 elIgeudis=&
1799 339 2029 373 consecrandis

1128 431 1131 434 Ι
1157 388 1316 429 Clericis,
1336 388 1482 431 itemque·
1493 388 1628 422 Ecclesia
1641 392 1674 423 in
1686 388 1849 434 eligendis
1861 388 2030 433 Episcopis

1157 449 1224 471 non
1248 439 1366 482 poffint
1379 439 1465 482 spem
1475 437 1510 471 &
1530 440 1646 472 oculos
1667 441 1807 484 dirigere
1828 441 1863 473 in
1885 440 2031 483 ipsorum

1157 489 1348 531 temporalia
1361 511 1371 527 ,
1396 499 1457 522 nec
1467 488 1608 532 eligendi
1624 489 1688 531 ipsa
1698 501 1739 522 ex
1750 489 1876 524 ambitu
1898 489 2030 533 promit-

1157 547 1241 571 tere:
1266 536 1350 571 hanc
1360 537 1604 581 promissionem
1613 540 1676 571 effi:
1685 538 1826 572 omnino
1836 540 2030 573 Simoniani.

1120 606 1123 610 ·
1157 588 1286 630 Nempe
1301 600 1381 622 tunc
1393 587 1526 635 quidam
1538 599 1654 621 omnes
1666 589 1735 621 suas
1747 589 1949 631 possessiones
1961 600 2031 633 pro·

1157 638 1334 672 mittebant
1348 639 1494 676 Eeciefiae
1508 661 1519 677 ‚
1546 638 1948 681 atqueita-ev-ehebantur.
1979 640 2032 672 Ex

1159 687 1209 722 his
1238 686 1443 723 Theodorus
1464 689 1689 731 prosequitur:
1720 692 1803 720 Nota
1826 687 1888 720 baec
1909 696 2032 730 propter

1157 749 1204 771 eos
1218 762 1228 777 ,
1255 741 1480 780 quitondentur
1502 744 1536 770 in
1559 738 1749 777 Monastert‘is
1767 748 1831 769 cum
1837 745 2033 779 pecuniarum

1156 790 1312 831 largitione
1325 812 1335 827 ,
1360 790 1393 822 (9
1400 797 1523 831 propter
1534 799 1580 822 eos
1592 795 1642 831 qui
1656 792 1717 821 Deo
1724 786 1782 830 sua
1797 786 1904 830 sponte
1917 789 2038 820 oblatio-

1157 850 1224 871 nem
1229 839 1354 880 faciunt
1369 864 1376 871 .
1403 842 1468 871 Eos
1486 848 1583 871 autem
1595 864 1606 880 ‚
1632 844 1685 880 qui
1701 844 1836 880 pecuniis
1858 844 1890 870 m
1903 842 2036 870 externis

1125 893 1128 930 ζ
1158 887 1344 928 Monasterits
1354 888 1626 931 jurftaternitatts
1650 895 1807 931 acquirunt
1826 913 1836 928 ‚
1863 888 2036 920 Canombus

212 952 283 984 rur,
311 955 355 976 ne
361 942 415 974 bac
425 939 561 980 occafione
571 937 717 980 discedere
731 946 890 980 nequeat,
915 938 995 978 quod
1001 946 1097 969 totam
1126 934 1129 956 ἶ

1147 948 1215 970 ‘non
1238 945 1332 972 teneri
1349 938 1498 978 existimo,
1523 941 1603 982 quod
1622 951 1677 972 non
1694 938 1734 980 fit
1756 939 1964 980 vituperanda
1984 939 2040 970 ali*—

1575 989 1637 1023 Per
1674 989 1885 1023 fraternitatis
1914 987 1962 1030 jus
1977 989 2040 1021 vseu

1155 1038 1346 1082 Adelphata
1360 1038 1517 1084 intelligit
1531 1039 1781 1073 translationem
1792 1039 1831 1072 ad
1852 1038 1941 1072 aliud
1964 1038 2040 1070 Mo-

1159 1089 1332 1122 nasterium
1347 1113 1354 1120 .
1382 1090 1525 1132 Antiqui
1538 1101 1654 1123 omnes
1664 1099 1739 1123 ante
1751 1091 1887 1122 fratrum
1909 1088 2041 1121 Mendi-

1161 1140 1309 1173 cantium
1321 1140 1496 1184 ingressum
1512 1140 1674 1173 Monachi
1699 1139 1936 1183 profitebantur
1949 1138 2043 1172 stabi-

1162 1189 1288 1223 litatem
1309 1189 1342 1222 in
1358 1188 1455 1224 loco:
1483 1191 1516 1223 ἀ
1538 1191 1641 1224 Graeci
1664 1190 1696 1223 δε
1714 1191 1850 1224 Latini.
1873 1188 2042 1235 Qiando-

1132 1238 1224 1281 {que
1236 1250 1347 1272 autem
1364 1250 1407 1272 ex
1429 1239 1530 1273 causis
1549 1240 1722 1282 oportebat
1746 1240 1910 1273 transferri
1930 1250 2044 1282 quem·

1135 1324 1137 1327 f
1163 1289 1247 1331 piam
1258 1313 1265 1320 .
1293 1288 1407 1323 Fiebat‘
1415 1288 1550 1323 'duobus
1565 1290 1684 1322 modis.
1701 1290 1823 1328 Primo,
1837 1300 1891 1330 per
1908 1288 2043 1320 incardi-

1162 1339 1334 1372 nationem
1345 1340 1399 1371 seu
1413 1339 1655 1372 adfiliationem
1667 1339 1701 1371 in
1726 1338 1941 1371 Matriculam
1962 1337 2044 1370 alte*

1163 1390 1230 1421 rius
1254 1387 1468 1422 Monasteriit
1495 1388 1672 1427 Secundo,
1697 1398 1752 1431 per
1776 1387 1879 1422 solam
1896 1398 2046 1421 commo-

1164 1440 1329 1472 rationem
1343 1463 1351 1470 .
1379 1437 1511 1482 Nempe
1524 1439 1677 1472 Praelatus
1698 1437 1979 1472 suumsubditum
2002 1438 2046 1471 fa*—

1161 1489 1268 1522 ciebat
1287 1490 1542 1522 commensalem
1564 1489 1598 1522 in
1623 1489 1734 1522 alieno
1755 1487 1982 1528 Monfflerio,
2008 1498 2046 1521 ae

1165 1539 1236 1572 illic
1247 1539 1375 1573 emebat
1388 1539 1484 1582 ipfius
1498 1539 1673 1572 alimenta.
1703 1539 1773 1572 Aut
1796 1549 1944 1581 parentes
1956 1538 1997 1572 id
2000 1538 2045 1571 fa—

1163 1585 1298 1622 ciebant
1337 1600 1397 1633 pro
1433 1589 1525 1622 filio.
1554 1589 1758 1632 Huiusmodi
1797 1589 2047 1623 translationem

1164 1637 1366 1673 Theodorus
1375 1639 1516 1682 appellat
1531 1639 1738 1684 Adelpbata.
1769 1638 1812 1673 Et
1823 1640 1961 1673 affirmat
1976 1639 2050 1682 posz

1169 1690 1198 1723 se
1210 1689 1274 1723 emi
1286 1701 1324 1723 ac
1342 1690 1459 1723 vendi.
1487 1688 1585 1723 Reste
1602 1714 1609 1721 .
1639 1689 1772 1723 Etenim
1789 1688 1856 1724 haec
1867 1690 2047 1723 fraternitas

1168 1750 1234 1773 non
1255 1739 1300 1774 est
1313 1737 1513 1774 Monachale
1527 1740 1751 1773 Beneficium.-
1778 1739 1824 1773 est
1856 1738 2045 1773 mera-habi-

1167 1791 1249 1824 tatio
1268 1813 1279 1829 ,
1311 1791 1342 1824 δι
1369 1790 1530 1833 praestatio
1550 1790 1783 1824 alimentorum
1806 1814 1813 1822 .
1844 1789 1900 1823 Est
1921 1800 2046 1824 merum

1167 1841 1346 1884 temporale
1360 1863 1370 1879 ‚
1396 1839 1536 1884 ideoque
1549 1841 1654 1884 palam
1665 1840 1752 1874 cadit
1765 1842 1799 1874 in
1811 1842 1898 1884 pac'ta
1912 1865 1919 1872 .

1219 1891 1343 1925 Eadem
1356 1890 1396 1925 de
1406 1903 1439 1925 re
1453 1891 1539 1924 idem
1553 1889 1756 1925 Theodorus
1768 1891 1882 1924 scribit
1905 1889 1944 1924 ad
1962 1889 2047 1924 deci-

1169 1953 1260 1976 mum
1282 1953 1407 1976 nonum
1446 1941 1538 1975 istius
1563 1941 1712 1975 Concilii
1728 1940 1924 1976 Canonem:
1955 1945 2048 1974 Dixe-

1168 2001 1238 2025 runt
1260 1993 1385 2033 quidam
1409 1991 1494 2031 baec,
1532 1991 1753 2026 Monasticam
1778 1992 1983 2031 Simmiam,
2010 2002 2048 2025 ac

1169 2042 1237 2083 ejus
1256 2052 1365 2084 poenas
1377 2065 1387 2081 ‚
1408 2042 1500 2074 locum
1518 2035 1623 2074 ba'bm
1636 2048 1669 2074 in
1680 2042 1867 2081 Monasterm
1879 2065 1889 2081 ,
1917 2043 2050 2075 abirom·

1169 2096 1295 2124 munirer
1309 2096 1431 2124 vivitur
1442 2115 1453 2131 ,
1479 2102 1546 2133 quae
1558 2092 1685 2125 coenobia
1695 2095 1835 2125 dicuntur
1847 2116 1857 2132 ,
1893 2092 1929 2125 ed
1944 2103 2000 2124 non
2013 2097 2048 2125 in

1167 2141 1338 2173 cellulartls
1354 2165 1364 2180 ,
1393 2144 1424 2174 εὸ
1436 2142 1518 2182 quad
1527 2148 1560 2173 in
1566 2141 1798 2182 fraternitatem
1810 2147 1921 2182 recepti
1935 2142 2049 2174 vidum

1168 2195 1269 2223 emant
1281 2214 1291 2230 ,
1318 2201 1374 2224 non
1385 2200 1488 2224 tamen
1494 2193 1550 2232 jus
1564 2190 1706 2234 Tonsurae
1717 2192 1769 2225 vel
1777 2193 1961 2226 clericatus.
1993 2196 2048 2225 Au-

1168 2242 1288 2273 dieram
1300 2249 1399 2274 autem
1412 2243 1447 2274 id
1456 2247 1488 2274 in
1500 2241 1637 2274 omnibus
1663 2241 1818 2274 Monachir
1841 2243 1968 2284 intelligi
1983 2265 1992 2280 ,
2017 2245 2048 2275 eo

1166 2293 1246 2331 quod
1258 2290 1466 2324 Monachorum
1477 2293 1510 2324 ἐν
1521 2292 1762 2332 Monasteriorum
1783 2290 1885 2334 nonfit
1911 2291 2049 2332 differen-

1166 2346 1211 2373 tia
1227 2353 1265 2374 ex
1278 2345 1416 2375 canone.
1447 2343 1520 2376 Nos
1543 2342 1654 2376 Latini
1668 2341 1823 2376 habemus
1835 2342 1973 2385 triplicis
1993 2353 2047 2385 ge-

1168 2392 1251 2424 neris
1264 2391 1483 2425 Monasteria:
1509 2390 1684 2431 Abbatias,
1716 2393 1886 2425 Prioratus
1897 2415 1906 2431 ,
1920 2391 1954 2424 δε
1967 2392 2042 2425 Cel-

1166 2441 1228 2474 las.
1258 2440 1382 2475 Eadem
1396 2439 1518 2476 habent
1534 2440 1700 2475 &Graeci.
1731 2442 1855 2474 Eorum
1880 2441 2048 2476 Praefectos

1165 2490 1329 2533 appellant
1367 2491 1470 2525 Archi
1484 2510 1494 2515 -
1506 2491 1686 2525 mandritas
1715 2516 1726 2532 ,
1764 2491 2011 2535 Heghumenos
2038 2516 2051 2532 ,

1165 2541 1380 2584 Martyrarios
1392 2567 1399 2573 .
1429 2540 1628 2575 Habuerunt
1664 2543 1697 2575 δε
1725 2541 1847 2576 Prioris
1875 2541 2010 2575 titulum
2039 2555 2047 2575 ε

1168 2591 1316 2625 Eundem
1329 2602 1403 2625 cum
1416 2593 1516 2627 titulo
1531 2591 1806 2625 Archimandritae
1819 2616 1826 2623 .
1851 2591 2051 2625 Habuerunt

1163 2642 1194 2674 δε
1209 2640 1396 2680 Exarchos‚
1422 2652 1503 2684 quos
1520 2652 1579 2675 nos
1592 2642 1702 2675 Latini
1716 2643 1915 2685 appellamus
1941 2641 2054 2676 Praefe-

1164 2693 1232 2724 etos
1245 2691 1421 2724 Generales
1433 2701 1487 2725 aut
1511 2690 1734 2725 provinciales
1748 2716 1755 2724 .
1786 2692 1909 2725 Mediis
1934 2692 2053 2725 Eccle-

1164 2742 1210 2773 siae
1221 2741 1340 2774 saeculis
1352 2742 1434 2774 inter
1445 2741 1501 2775 ista
1516 2741 1697 2782 Grecorum
1709 2741 2052 2775 Monafleriafuerunt

1166 2791 1271 2833 plures
1284 2790 1494 2824 differentiae.
1523 2792 1651 2827 Harum
1668 2804 1730 2825 una
1746 2793 1807 2825 fuit
1819 2816 1828 2831 ,
1841 2792 1928 2835 quo‘d
1943 2792 2051 2834 Majo-

1166 2851 1259 2880 rum,
1289 2841 1406 2883 quibus
1419 2841 1698 2875 Archi-mandrita
1719 2853 1775 2875 aut
1800 2841 2049 2885 Heghumenus

1169 2901 1317 2935 praeerat‚
1343 2891 1584 2925 Coenobiorum
1608 2893 1718 2925 fratres
1741 2893 1891 2933 poffent;
1917 2892 2047 2925 cellula-

1166 2952 1233 2974 rum
1249 2940 1365 2975 incolae
1378 2953 1445 2975 non
1458 2944 1583 2984 possent
1598 2941 1716 2975 initiari
1730 2943 1825 2975 sacris
1839 2941 2021 2976 Ordinibus
2035 2968 2043 2975 .

1166 2990 1256 3024 Hinc
1267 2991 1441 3024 Theodori
1455 2992 1657 3024 Balsamonis
1670 3003 1814 3034 tempore
1825 2993 1956 3034 quidam
1971 3004 2046 3026 cen-

1166 3042 1294 3075 suerunt
1307 3041 1441 3075 istorum
1455 3043 1645 3082 dumtaxat,
1669 3053 1734 3074 non
1751 3042 1867 3075 horum
1882 3043 2046 3075 admissio-

1167 3103 1240 3125 nem
1253 3092 1314 3124 effe
1335 3102 1486 3133 capacem
1512 3093 1687 3125 Simoniae.
1716 3092 1816 3138 Qod
1845 3092 1960 3134 nempe
1984 3093 2044 3126 soli

1166 3142 1216 3175 isti
1230 3153 1283 3184 per
1294 3141 1520 3186 profeffionem
1533 3143 1730 3183 acquirerent
1746 3142 1795 3184 jus
1817 3142 1976 3176 Tonsurae
1988 3144 2043 3175 seu

1167 3191 1361 3226 Clericatus·
1381 3193 1501 3224 Eorum
1514 3192 1630 3234 opinio
1644 3193 1705 3225 fuit
1717 3191 1851 3225 discuffa
1869 3204 1922 3234 per
1935 3192 2045 3225 nescio

1167 3253 1262 3285 quam
1276 3241 1448 3284 Synodum
1462 3266 1471 3280 ‚
1499 3243 1530 3275 &
1543 3242 1696 3275 damnata
1714 3267 1719 3273 .
1754 3243 1793 3276 Et
1807 3243 1937 3286 optimo
1957 3240 2043 3283 jure.

1159 3292 1298 3326 'Etenim
1317 3293 1379 3333 ipsa
1392 3292 1470 3324 citra
1484 3293 1633 3335 quemvis
1647 3293 1685 3326 ad
1700 3293 1804 3326 sacros
1817 3292 1933 3336 gradus
1946 3292 2046 3333 respe-

1166 3344 1249 3375 &um
1267 3340 1416 3384 profrffio
1440 3342 1483 3376 est
1509 3353 1557 3375 res
1570 3344 1674 3376 sacra:
1701 3342 1746 3375 est
1760 3344 1878 3384 species
1891 3339 2048 3374 Ecclesia-

1168 3391 1237 3426 stici
1254 3392 1428 3425 Beneficii.
1456 3391 1548 3425 Hinc
1562 3392 1605 3426 est
1619 3392 1719 3426 etiam
1733 3392 1864 3425 materia
1879 3390 2046 3424 Simonias.

1169 3443 1211 3475 Et
1230 3442 1284 3475 hic
1307 3441 1477 3475 manifeste
1509 3443 1553 3476 est
1578 3444 1685 3476 sensus
1716 3442 1841 3485 septimi
1866 3439 2013 3473 Concilii
2042 3466 2049 3472 .

1170 3491 1303 3527 Etenim
1315 3492 1497 3527 simoniam
1506 3493 1623 3536 patrari
1637 3504 1674 3525 ac
1687 3502 1802 3525 omnes
1814 3489 1882 3533 ejus
1895 3499 1992 3534 penas
2006 3489 2054 3523 in-

1614 3539 1642 3574 E
1694 3551 1712 3589 3
1921 3539 2006 3574 curri
