2366 3736
43 834 109 880 ΕΡ·
123 843 178 882 94·

400 172 472 218 De
507 173 796 222 Annona
825 169 1189 216 Discimmi
1224 170 1468 215 Cnntsr.
1506 172 1794 217 M1L1T1AE.

220 256 352 298 dentum
379 263 413 289 ut
421 257 542 299 quando
562 254 712 296 tranfitus-
725 252 817 293 vester
836 254 934 293 juxta
955 258 1096 286 civitates

218 306 358 348 acciderit
370 329 381 345 ,
406 312 551 341 immunes
570 305 724 340 &liberas
739 302 836 342 vestra
860 305 1029 337 Dominam
1045 306 1096 343 ju-

216 355 316 393 beata
335 356 590 398 depraedationum
617 353 816 390 mamanibus
835 352 907 394 fieri
934 352 1093 394 mansiones

216 411 302 441 intra
310 412 467 445 civitatem
488 432 495 441 .
520 409 606 449 ,Quia
625 414 722 436 omnes
737 409 788 445 qui
806 401 865 446 sua
887 404 932 436 ad
955 409 1099 438 civitates

213 455 393 498 deferebant
407 481 419 498 ‚
443 466 480 492 ut
498 458 533 491 ό·
537 453 630 498 salva
639 453 681 486 ibi
693 464 817 496 quaeque
831 452 991 492 baberent,
1021 456 1054 489 (ν
1069 455 1099 486 il-

217 507 249 540 la
257 508 325 548 plus
331 507 453 549 pacifice
463 505 627 540 venderent
641 527 652 543 ,
672 506 744 544 jam
756 506 790 539 Θ
800 503 852 537 boc
865 503 1019 548 refugiunt
1033 516 1041 536 :
1068 506 1102 539 (τ

213 555 350 598 pristinae
372 560 574 599 inmunitates
587 554 621 588 (9*
631 554 864 596 confirmationes
879 553 1098 598 infringuntur,

217 607 282 642 ci'cm
294 609 327 640 (tt
338 612 432 641 Cives
443 604 482 637 ab
495 603 667 648 Hospitibus
680 610 889 646 opprimuntur
903 627 914 644 ,
940 606 974 638 ὁ·
986 604 1026 638 ab
1051 604 1100 637 bis

217 657 238 688 ἆ
250 656 355 698 quibus
371 666 428 694 non
436 653 531 697 solum
553 661 762 697 opprimuntur
777 679 788 695 ,
814 654 919 688 verum
942 656 975 688 ὑ
1001 656 1094 696 depri·

216 714 338 742 munius·
348 729 359 745 ,
369 704 422 747 sua
429 704 527 748 solum
539 707 669 739 vendere
677 704 872 746 probibentur
883 729 894 745 ,
901 702 961 747 sed
972 706 1006 738 ὠ·
1013 713 1101 746 prop-

216 763 263 799 ter
280 755 476 797 direptionem
495 755 557 798 post
569 768 616 789 eos
637 766 701 788 cum
705 759 821 801 gemitu
831 754 958 789 clamare
980 764 1099 798 cogunt.

215 834 224 841 .
267 804 428 845 Delaesa‚
454 804 604 840 immo&
626 808 732 840 eversa
757 804 893 838 militari
914 805 1099 847 Disciplina

218 856 253 889 in
267 854 383 891 litteris
393 855 434 890 ad
446 856 608 899 Joannem
620 854 932 892 Archi-Diaconum
957 865 1012 898 gra
1019 855 1101 888 viffi·

215 904 270 942 me
281 905 426 949 queritur
435 906 534 941 etiam
554 905 670 939 Petrus
681 904 838 939 Blesenfis
850 929 858 937 .
888 904 1100 939 Demonstrat

217 953 308 1000 quod
321 955 443 993 milites
453 957 515 990 fint
527 955 677 992 Ecclesia:
699 954 787 996 filii,
815 953 955 999 ideoque
979 954 1020 989 ab
1043 956 1101 998 Ec-

215 1005 312 1041 clefia
322 1004 362 1039 ad
371 1005 553 1040 Sacerdotii
566 1003 731 1039 honorem
747 1029 759 1045 ,
784 1005 961 1040 tuitionem
975 1015 1101 1049 paupe-

215 1065 289 1091 tum
301 1076 313 1095 ‚
338 1055 516 1090 vindictam
530 1055 774 1090 malefactorum
785 1081 796 1097 ‚
821 1056 855 1090 δε
866 1054 908 1090 ad
919 1056 1039 1090 Patriae
1063 1055 1100 1089 li·

216 1104 419 1139 betationem
435 1105 596 1149 accipiant
620 1105 790 1150 gladium3
817 1117 915 1148 atque
937 1106 1102 1150 prosequi-

215 1163 289 1189 tur:
320 1157 413 1190 Porri
434 1167 483 1190 res
506 1162 538 1188 in
556 1161 738 1190 contrarium
759 1155 846 1198 versa
856 1156 915 1196 est.
952 1160 1041 1189 Nam
1065 1167 1103 1189 ex

215 1215 274 1247 quo
285 1203 370 1238 bodie
381 1207 509 1239 militari
526 1207 641 1248 cingulo
662 1208 838 1240 decorantur
850 1230 862 1246 ,
880 1206 987 1245 statim
1009 1205 1102 1250 insur-

214 1261 334 1300 guntin
346 1255 476 1289 cbriaos
498 1259 640 1297 Domini,
666 1254 881 1298 &desaeviunt
905 1262 937 1289 in
956 1263 1106 1298 patrimo·

217 1310 302 1337 nium
313 1305 455 1347 crucifixi
479 1332 486 1339 .
514 1307 694 1349 spoliant&
714 1308 934 1346 depraedantur
955 1305 1101 1349 subJ'ecVos

217 1353 329 1395 Christi
346 1363 517 1402 pauperes,
544 1358 579 1396 ὀ*
605 1355 820 1399 miserabiliter
838 1367 934 1402 atque
950 1354 1106 1398 immiseri-

218 1406 343 1440 corditer
355 1405 501 1449 adfligunt
521 1405 642 1447 misi-ros
655 1430 666 1446 ‚
691 1414 727 1440 ut,
740 1412 779 1438 in
788 1407 935 1442 doloribus
946 1408 1053 1438 alienis
1068 1406 1103 1438 il-

217 1455 314 1488 licitos
325 1462 501 1497 appetitus,
529 1457 565 1488 (ν
587 1456 860 1487 extra-ordinarias
884 1456 1029 1494 impleant
1054 1466 1102 1487 vo-

217 1505 367 1545 luptates.
395 1503 498 1545 Refert
519 1507 617 1537 Lucas
629 1527 639 1542 ,
666 1505 748 1545 quod
757 1504 866 1538 milites
876 1505 1047 1538 accedentes
1062 1506 1106 1537 ad

213 1557 372 1603 Joaennem
383 1553 577 1595 Baptistam,
602 1559 865 1597 interrogaverunt
891 1565 978 1594 eum,
1007 1556 1105 1588 dicen-

218 1613 291 1638 tes.-
319 1602 456 1651 Magister
466 1628 476 1644 ‚
503 1605 577 1646 quid
588 1603 736 1647 faciemus
748 1604 782 1636 Θ·
800 1606 877 1638 nos?
915 1609 1103 1645 Neminem,

219 1657 341 1695 inquit,
366 1654 560 1696 concuffmtis
582 1679 594 1695 ,
619 1665 713 1695 neque
731 1655 914 1687 calumniam
932 1654 1064 1696 faciatis
1090 1654 1111 1695 ,’

216 1701 276 1746 fed
284 1708 411 1737 conteni
432 1703 680 1745 estatesttpendus
695 1703 818 1744 vestris.
846 1707 914 1748 ,Qui
925 1713 1028 1737 contra
1045 1710 1104 1743 ipsi·

217 1757 308 1789 uuicos
318 1760 411 1788 crucis
423 1754 533 1793 Christi
543 1761 626 1787 vires
646 1756 721 1797 Juas
742 1765 876 1793 exercere
896 1755 1063 1789 debuerant
1088 1781 1098 1796 ,

215 1802 339 1848 potibus
350 1806 385 1838 Θ
395 1804 593 1839 ebrietatibus
603 1813 744 1847 pugnant
756 1828 767 1844 ‚
795 1815 908 1838 vacant
917 1811 974 1837 otio
985 1831 995 1846 ,
1022 1817 1100 1841 mar-

219 1862 286 1887 cent
298 1856 424 1896 crapula
437 1877 448 1894 ,
472 1860 628 1897 vitamque
650 1856 822 1898 degenerem
840 1862 874 1889 in
896 1857 1098 1889 immunditiis

220 1903 412 1947 tranfigentes
425 1929 436 1946 ‚
464 1916 569 1939 nomen
582 1906 616 1939 (ν
627 1906 748 1947 officium
760 1908 878 1939 militiae
889 1905 1080 1946 dehonestant
1090 1931 1097 1938 .

222 1953 319 1990 Nihil
338 1954 541 1992 damnabilius
564 1960 596 1990 in
621 1956 713 1990 milite
734 1955 771 1996 est
791 1959 884 1999 qucim
904 1964 1017 1996 otium,
1041 1964 1098 1997 per

223 2008 304 2050 quod
319 2006 389 2052 usus
413 2019 562 2041 armorum
583 2005 749 2048 dediscitur
761 2028 771 2044 ‚
797 2006 932 2040 nutritur
947 2004 1098 2048 pusillani-

222 2062 315 2093 mitas
329 2082 342 2100 ‚
366 2063 451 2093 vires
459 2055 609 2102 fatiscunt
621 2080 633 2100 ‚
659 2054 769 2102 obrepit
786 2061 917 2102 inertia,
943 2058 1096 2093 &adim-

222 2110 384 2144 munditiae
394 2108 478 2143 acius
496 2114 615 2143 animus
627 2118 786 2152 occupatur
799 2135 806 2142 .
836 2109 957 2151 Ampie
969 2107 1034 2145 hoc
1045 2108 1099 2146 de·

222 2161 401 2202 monstrat,
429 2170 527 2204 atque
549 2161 676 2204 pergit:
705 2162 796 2192 Hodie
816 2165 849 2192 in
869 2162 983 2194 deliciis
1002 2165 1096 2194 nutri-

221 2218 287 2251 tur,
318 2213 352 2255 es·
371 2218 440 2251 tofa
451 2211 602 2243 adcarnis
615 2211 738 2242 delicias
751 2209 918 2251 serelaxat
938 2209 1093 2253 Pbilosjrm-

222 2260 288 2302 bola
299 2259 394 2301 nostra
405 2283 417 2299 ,
444 2264 476 2299 in
489 2267 553 2291 cute
563 2260 700 2292 curanda
715 2261 787 2301 plus
795 2270 880 2302 aequo
898 2259 1014 2303 operosa
1043 2263 1093 2302 ju·

220 2318 335 2343 ventus
350 2334 358 2341 .
384 2308 510 2355 ,guodfi
518 2310 629 2342 milites
641 2309 746 2348 nostros
760 2314 802 2342 ire
825 2315 858 2342 in
875 2312 1094 2352 expeditionem

220 2361 395 2406 quandoque
418 2368 572 2400 oporteat,
598 2362 758 2392 summarii
778 2371 875 2393 eorum
897 2372 954 2393 non
968 2361 1056 2402 ferro
1082 2385 1093 2402 ,

217 2408 274 2453 fid
283 2416 375 2452 vino;
403 2421 460 2443 non
470 2410 580 2443 lanceis
594 2434 604 2449 ,
627 2408 684 2452 sed
693 2409 807 2454 easei53
819 2422 876 2443 non
887 2410 947 2451 ens
945 2411 997 2444 bus
1009 2435 1024 2459 ,4
1042 2410 1096 2453 sed
1118 2449 1120 2451 ‚

220 2456 363 2502 utribus,
389 2471 447 2496 non
461 2459 575 2501 hastis,
597 2458 653 2502 sed
663 2460 794 2493 verubus
815 2471 996 2495 onerantur.
1025 2468 1094 2495 Cre-

223 2511 281 2542 das
293 2522 338 2543 eos
350 2515 392 2542 tre
412 2512 456 2542 ad
478 2511 595 2542 domum
615 2515 770 2550 convivii,
797 2523 855 2544 non
877 2513 927 2544 ad
953 2511 1060 2545 bellum
1087 2537 1095 2544 .

223 2561 341 2600 clypeos
355 2558 499 2599 deferunt
516 2561 788 2600 optimedeauratos
801 2585 811 2600 ,
834 2563 975 2602 praedam
995 2564 1095 2604 potius

224 2608 344 2648 bostium
354 2614 502 2649 cupientes
514 2632 525 2648 ,
551 2611 642 2649 quam
654 2618 803 2642 certamen
816 2610 854 2642 ab
879 2610 1018 2654 hostibus3
1050 2616 1095 2651 Et

223 2669 270 2700 eos
282 2658 434 2700 referunt,
460 2666 491 2690 ut
503 2664 547 2690 ita
570 2661 692 2700 loquar,
719 2665 853 2703 virgines
877 2663 910 2694 (ff
932 2662 1058 2695 intactos
1086 2687 1093 2694 .

223 2709 314 2746 Bella
326 2718 426 2741 tamen
437 2709 471 2741 6·
482 2707 631 2747 conflic‘lus
646 2710 788 2751 equestres
801 2712 925 2754 depingi
929 2711 1051 2752 faciunt
1062 2718 1095 2745 in

218 2757 301 2802 fillis
314 2760 348 2792 ὢ·
360 2759 464 2799 chpeis
478 2782 489 2798 ,
513 2757 584 2801 utse
595 2771 634 2800 qu
640 2762 729 2791 adam
740 2759 921 2802 imaginaria
934 2761 1039 2802 visione
1049 2763 1095 2794 de·

223 2809 328 2842 lec‘lent
347 2814 379 2841 in
393 2814 503 2852 pugnis
516 2834 526 2849 ‚
554 2821 631 2851 quas
655 2809 811 2843 actualiter
835 2812 952 2854 ingredi
973 2822 1025 2843 aut
1046 2821 1093 2844 vi-

224 2860 293 2893 dere
302 2869 360 2892 non
371 2860 500 2892 audent.
532 2859 574 2892 Et
591 2859 713 2892 rursu-m
729 2874 739 2892 :
767 2863 858 2893 Porro
870 2863 934 2902 ciem
945 2862 1028 2895 nolin·
1042 2867 1093 2893 mi·

223 2909 290 2953 lites
301 2909 339 2941 ab
351 2910 540 2951 expeditione
556 2907 616 2948 fine
634 2910 757 2943 vulnere
777 2918 811 2943 (et
830 2917 981 2951 cicatrice,
1007 2911 1093 2954 sanis

223 2965 314 3001 etiam
326 2961 496 3002 &integris
506 2966 599 2992 armis
613 2985 622 3000 ‚
646 2972 702 3004 per
726 2964 782 2992 Dei
787 2967 921 3004 gratiam
939 2972 1090 2995 revertun-

223 3006 293 3050 tur,
319 3015 445 3050 curritur
462 3010 636 3043 adhibendi
658 3009 839 3049 confltc‘lum.
868 3016 1016 3045 Crateras
1041 3018 1091 3055 igt-

225 3066 275 3090 tur
284 3058 489 3099 laetiflatuunt
503 3062 537 3094 ό·
554 3071 631 3094 vina
651 3070 790 3093 coronant
802 3085 812 3101 ,
840 3071 931 3110 atque
952 3062 1094 3101 exhausta

225 3110 453 3151 canuntpraelia
471 3113 570 3144 Marte
583 3116 694 3154 gravi.
724 3112 787 3143 Illic
817 3114 962 3145 AEacides
986 3136 997 3151 ,
1031 3112 1094 3148 illio

223 3157 362 3190 tendebat
379 3160 499 3202 Ulgffes3
528 3164 574 3193 Et
591 3167 724 3206 pingunt
755 3161 848 3201 fluido
863 3165 1010 3206 Pergama
1031 3172 1093 3195 tota

223 3218 302 3241 mero
315 3232 322 3239 .
350 3211 500 3243 Gai-stunt
513 3216 604 3255 igitur
616 3214 649 3245 (v
659 3213 770 3244 laxant
780 3221 915 3253 procaces
927 3214 1045 3256 linguas
1061 3219 1094 3245 in

224 3256 438 3290 detramonem
459 3259 608 3293 bominum
629 3266 828 3295 innocentium
842 3287 852 3301 ,
880 3261 1049 3304 desaeviunt
1062 3269 1093 3295 in

222 3306 337 3347 Christo
360 3308 476 3343 Domini
490 3333 501 3348 ,
525 3310 716 3353 referuntque
740 3316 773 3345 (3
795 3311 951 3353 conferunt
979 3313 1093 3346 labores

220 3357 287 3402 [uos
303 3359 408 3390 &otia
431 3359 633 3397 sacerdotum.
662 3362 731 3395 Has
743 3363 789 3396 ob
814 3363 957 3397 rationes
979 3362 1093 3397 Petrus

221 3408 274 3441 isti
291 3405 403 3441 Archi·
407 3407 564 3443 Diacono
575 3410 733 3446 dissuadet
747 3424 788 3446 ne
810 3414 904 3447 suum
928 3414 1091 3456 Nepotem

222 3458 387 3500 permittat
408 3458 543 3492 adscribi
570 3459 653 3494 inter
676 3462 826 3498 milites.
853 3462 1005 3500 Imitatur
1029 3465 1094 3499 san·

222 3508 309 3542 &um
320 3507 475 3545 ludorum
488 3509 703 3549 Pelufiotem.

1905 189 1992 232 131

1209 251 1599 289 Peristiusmodimilites
1623 255 1748 290 nullam
1773 255 1862 299 poffe
1885 256 2030 292 obtineri

1162 303 1328 338 victoriam
1341 304 1464 337 censuit
1479 306 1511 337 &
1525 305 1706 346 praedicavit
1727 316 1866 350 magnus
1891 306 1947 340 ille
1970 308 2031 342 Im·

1162 355 1314 395 peratoris
1337 353 1509 398 Justiniani
1527 356 1605 388 Dux
1626 356 1819 390 Belisarius.
1850 355 1928 399 Ejus
1941 355 2032 390 Con·
2074 361 2076 364 ’

1160 404 1290 438 cionem
1304 429 1313 444 ‚
1341 415 1442 447 quam
1453 404 1492 437 ad
1505 405 1578 438 suos
1592 406 1710 439 milites
1722 406 1807 439 dixit
1821 406 1855 439 in
1881 407 1995 440 Africa
2019 430 2031 451 ,

1161 454 1358 488 audiamus&
1370 453 1535 496 Procopio
1549 454 1743 491 Caesaraeenfi
1759 469 1766 488 :
1796 455 1909 497 Inferre
1931 462 1996 492 vim
2020 481 2031 497 ,

1160 505 1193 537 (ν
1204 513 1291 546 rapto
1300 516 1335 537 ac
1351 505 1448 536 alieno
1461 510 1568 537 vivere
1579 527 1590 543 ‚
1612 502 1704 545 scelus
1716 507 1798 538 alnis
1822 508 1887 539 ideo
1911 508 2033 540 videtur

1161 554 1230 597 effe,
1258 559 1332 596 quia
1337 557 1393 594 jus
1406 555 1556 587 violatur.
1584 557 1675 588 Nunc
1686 563 1784 587 autem
1803 563 1923 590 tantam
1944 556 2034 591 babet

1161 603 1338 645 offenfionem
1350 629 1360 644 ,
1386 613 1419 637 ut
1429 603 1601 646 posthabita
1625 612 1769 645 aequitate
1782 628 1792 644 ,
1819 605 1899 638 nihil
1915 609 2002 640 aliud
2023 633 2034 650 ‚

1161 653 1216 696 nist¹
1233 664 1378 695 quantum
1391 666 1428 688 ex
1441 653 1495 687 bac
1506 655 1626 699 licentia
1633 656 1794 694 periculum
1817 655 2011 697 proficiscitur
2024 681 2034 697 ,

1163 707 1315 738 attendere
1334 716 1386 738 nos
1405 713 1554 746 oporteat.
1583 707 1648 747 Ego
1655 702 1731 746 sane
1744 716 1796 736 vos
1811 711 1842 736 in
1864 713 1976 738 terram
1987 717 2037 739 ex-

1159 753 1265 798 posui,
1290 754 1340 788 hoc
1351 767 1408 788 uno
1413 754 1537 798 fretus,
1563 755 1642 796 quod
1665 754 1752 795 Afri,
1780 761 1830 795 qui
1850 758 1978 788 Romani
1998 767 2036 789 ex

1157 804 1249 846 stirpe
1264 803 1338 847 sunt
1365 830 1375 845 ,
1401 811 1434 838 in
1450 803 1604 847 fideerga
1629 805 1799 839 Wandalos
1835 806 2000 838 claudicent
2025 831 2036 846 ‚

1160 853 1271 897 finique
1293 856 1352 888 illis
1382 853 1506 897 infensi.
1550 849 1714 896 Propterea
1734 855 1815 886 nobis
1842 866 1892 887 nec
1915 855 2036 896 deficere

1162 913 1354 938 commeatum
1368 929 1379 946 ‚
1406 916 1456 938 nec
1475 903 1581 944 bostem
1594 906 1651 939 ullo
1670 902 1786 947 incursie
1799 910 1960 937 nociturum
1970 911 2035 938 exi-

1157 954 1317 996 stimabam
1332 980 1339 987 .
1375 959 1415 988 At
1436 966 1515 988 nunc
1537 955 1636 993 vestra
1654 955 1707 988 illa
1738 961 1967 996 intemperantia
1987 967 2038 989 res

1159 1011 1322 1047 partemin
1345 1009 1526 1040 contrariam
1538 1010 1650 1038 vertit.
1682 1010 1766 1038 Nam
1794 1005 1930 1046 Afrorum
1955 1005 2040 1038 bene-

1164 1057 1328 1089 volentiam
1342 1057 1522 1091 VVandalis
1546 1079 1557 1095 ‚
1582 1056 1681 1088 odium
1695 1055 1779 1089 vobis
1802 1057 1887 1091 modo
1908 1056 2041 1088 concilia-

1159 1105 1213 1144 stis
1234 1131 1244 1146 ‚
1271 1108 1443 1147 adjuvante
1459 1114 1571 1140 natura
1587 1130 1598 1146 ,
1622 1117 1688 1147 quae
1699 1105 1839 1146 injustam
1851 1112 1913 1138 vim
1921 1111 2041 1147 patien-

1164 1166 1209 1189 tes
1223 1156 1262 1188 ab
1274 1156 1473 1197 inferentibus
1486 1157 1600 1189 alienat
1615 1179 1622 1187 .
1650 1159 1750 1197 quue
1760 1159 1939 1198 cupiditatis
1958 1164 2041 1197 pra·-

1161 1205 1283 1246 posterae
1295 1208 1458 1240 deventum
1479 1205 1518 1246 est
1531 1230 1542 1244 ,
1567 1215 1600 1239 ut
1619 1214 1676 1247 pro
1698 1213 1846 1250 argenteis
1864 1207 2000 1248 pauculis
2026 1229 2040 1246 ‚

1165 1267 1237 1297 quos
1243 1254 1410 1298 servastis,
1436 1255 1564 1296 vestram
1568 1253 1759 1298 securitatem
1779 1259 1812 1290 Θ
1835 1257 1972 1289 bonorum
1992 1267 2037 1290 ca-

1162 1312 1247 1347 piam
1267 1306 1433 1347 abjeceritis
1445 1330 1456 1345 ,
1482 1316 1545 1338 cum
1556 1306 1702 1338 cibaria&
1726 1306 1892 1338 volentibus
1910 1308 2041 1343 domini,-

1164 1356 1316 1388 coemendo
1327 1379 1336 1394 ,
1364 1354 1521 1399 injustitia
1539 1364 1640 1386 notam
1653 1361 1773 1393 vitare,
1799 1366 1954 1396 eorumque
1966 1360 2043 1386 ami-

1164 1410 1268 1437 citiam
1290 1406 1423 1448 colligere
1431 1412 1603 1446 promptum
1615 1404 1681 1446 esset
1694 1429 1701 1437 .
1730 1408 1824 1447 Igitur
1846 1403 1938 1443 Hostes
1954 1402 2043 1444 simul

1168 1456 1340 1488 Wandalos
1363 1477 1374 1493 ‚
1393 1453 1481 1495 fimul
1501 1453 1594 1495 Afros
1614 1460 1790 1496 patiemur3
1819 1455 1925 1494 Addo,
1961 1455 2044 1496 quod

1165 1506 1261 1538 Deum
1272 1503 1368 1547 ipsum
1379 1517 1394 1546 ,·
1421 1510 1472 1546 qui
1496 1509 1610 1539 nemini
1630 1506 1776 1545 iniuriam
1794 1504 1927 1546 facienti
1947 1511 2041 1547 opitu·

1165 1557 1244 1587 latur
1257 1578 1264 1586 .
1293 1558 1379 1597 Agite
1389 1556 1479 1587 dum:
1504 1560 1537 1586 in
1549 1555 1648 1587 aliena
1659 1552 1795 1589 involare
1803 1556 1891 1590 nolite
1900 1556 2042 1597 amplius,

1165 1607 1198 1638 (θ’
1219 1604 1361 1647 quaestum
1378 1603 1638 1646 periculofiffimum
1662 1613 1796 1640 amovete
1817 1630 1827 1645 ,
1863 1607 1984 1647 quando
2003 1617 2044 1642 ese

1164 1655 1342 1694 abstinentia
1356 1656 1390 1688 (⁹⁹
1415 1655 1615 1688 moderatione
1632 1653 1715 1697 salus
1739 1657 1872 1689 maxime
1891 1656 2004 1697 pendet
2027 1679 2041 1694 ,

1163 1705 1321 1746 effi-‘enata
1334 1715 1434 1742 autem
1447 1706 1566 1738 licentia
1577 1705 1619 1741 ad
1633 1711 1790 1743 interitum
1811 1706 1891 1738 ducit
1904 1730 1914 1745 ‚
1941 1703 2045 1746 namsi*

1163 1756 1245 1791 dic‘la
1264 1754 1369 1798 sanci&
1394 1750 1539 1792 curabitis
1559 1776 1569 1793 ,
1600 1757 1697 1791 Deum
1720 1761 1891 1796 propitium
1914 1779 1925 1794 ‚
1952 1755 2043 1796 Afros

1162 1811 1270 1838 amicos
1298 1829 1309 1844 ,
1346 1805 1519 1841 vandalos
1553 1804 1640 1841 aditu
1667 1799 1775 1848 faciles
1813 1810 2007 1846 experiemini
2029 1830 2040 1838 .

1165 1856 1311 1902 Qidam
1326 1854 1417 1890 miles
1430 1853 1559 1896 modica
1571 1851 1692 1891 cibaria
1703 1879 1717 1895 ,
1739 1867 1808 1898 quae
1828 1855 1973 1898 pauculis
1997 1866 2044 1895 ar-

1162 1906 1288 1951 genteis
1299 1906 1478 1949 comparari
1507 1913 1680 1948 potuerant
1693 1929 1704 1944 ,
1728 1904 1860 1939 cuidam
1876 1907 1959 1943 Afro
1975 1906 2043 1941 Ru-

1162 1957 1246 1990 stico
1260 1967 1406 1998 rapuerat
1419 1981 1426 1987 .
1456 1955 1498 1989 Et
1515 1955 1554 1988 de
1567 1955 1626 1990 ista
1640 1955 1751 2002 rapina
1763 1964 1872 1992 tantus
1891 1955 1971 1990 Dux
1995 1955 2041 1990 est

1162 2005 1355 2041 concinatus
1379 2005 1468 2045 varia
1490 2005 1522 2038 &
1540 2015 1611 2039 vera
1639 2030 1646 2038 .
1678 2005 1782 2052 Qod
1807 2008 1882 2042 effer
1904 2007 2042 2049 quaestus

1162 2056 1319 2096 furtivus,
1348 2054 1484 2097 injustus
1510 2078 1520 2094 ,
1548 2055 1829 2098 periculoiiffimus
1857 2082 1864 2089 .
1903 2056 2042 2100 Utpot&

1161 2108 1218 2155 qui
1230 2105 1374 2145 addictos
1399 2105 1584 2148 Romanis,
1608 2106 1640 2143 ὃς
1666 2107 1683 2142 ὲ.
1713 2107 1887 2143 Wandalis
1911 2108 2042 2143 aversos

1162 2160 1319 2194 Afrorum
1333 2160 1462 2194 animos
1475 2157 1654 2193 alienaret.-
1680 2168 1716 2190 ac
1740 2158 1870 2200 insuper
1889 2157 2042 2196 divinam

1159 2210 1334 2244 advocaret
1362 2208 1538 2242 vindictam
1557 2231 1567 2247 ,
1607 2207 1757 2249 adeoque
1777 2218 1913 2241 omnem
1942 2207 2044 2240 visto-

1160 2261 1239 2294 riam
1263 2259 1433 2294 diverteret
1452 2282 1460 2291 .

1160 2310 1300 2355 tempori
1317 2333 1324 2341 .

1370 2409 1652 2446 CAPUT
1754 2409 1827 2447 XI„

1261 2515 1307 2545 De
1333 2512 1464 2547 Militari
1491 2510 1577 2545 clero
1597 2535 1607 2551 ‚
1632 2509 1746 2559 custode
1773 2508 1968 2553 disciplina„

1252 2611 1416 2654 Ntiquam
1441 2611 1628 2645 nostrorum
1671 2610 1856 2654 principum
1886 2611 2037 2653 pietatem

1279 2663 1428 2696 bellicam
1442 2662 1579 2703 exponit
1596 2671 1752 2705 magnum
1775 2661 1881 2706 Belgii
1897 2661 2037 2695 Chroni-

1158 2723 1245 2752 con,
1272 2722 1370 2755 agens
1384 2712 1424 2744 de
1436 2710 1557 2745 Carolo
1572 2710 1768 2755 Burgundiae
1782 2712 1877 2745 Duce
1887 2735 1898 2751 ‚
1924 2723 2035 2755 quem

1161 2762 1269 2804 paffirn
1291 2760 1492 2804 appellamus
1506 2761 1665 2795 Carolum
1691 2761 1879 2795 Audacem.
1899 2763 2034 2795 Carolus

1162 2816 1305 2853 Princeps
1318 2817 1350 2843 in
1373 2823 1482 2854 magna
1504 2821 1687 2843 armatorum
1709 2812 1899 2844 multitudine
1922 2813 1956 2845 C
1969 2809 2032 2851 fre·

1158 2867 1304 2903 quentia,
1334 2865 1452 2894 Divina
1477 2870 1510 2894 in
1535 2861 1646 2901 Eccles
1633 2873 1661 2893 a
1682 2861 1849 2901 audiebat,
1876 2866 1922 2893 cui
1942 2867 2031 2895 etiam

1158 2921 1228 2945 ante
1236 2910 1381 2954 summum
1395 2913 1538 2944 altarem
1551 2912 1607 2943 loco
1620 2910 1755 2950 Peristylii
1768 2912 1818 2944 vel
1838 2913 1971 2944 sacrario
1991 2923 2031 2946 ex

1158 2968 1279 2999 cortinis
1298 2962 1474 2995 tendebatur
1487 2962 1711 2993 tabernaculum
1725 2984 1734 2999 ,
1761 2962 1842 3002 quod
1849 2973 1905 2994 non
1916 2967 2030 3003 exivit,

1158 3011 1212 3053 nisi
1228 3013 1382 3045 oblationis
1404 3020 1534 3052 tempore
1547 3033 1556 3048 ,
1581 3013 1614 3044 o·
1640 3011 1880 3052 Benedicfllonis„
1908 3023 1976 3053 quae
1995 3018 2029 3045 in

2056 486 2129 520 Lib.
2151 497 2179 520 1.

2054 549 2124 582 cap.
2151 535 2203 573 16.

1510 2258 1553 2292 Et
1589 2256 1712 2293 concio
1752 2257 1891 2302 quadrat
1927 2256 2043 2295 nostro
2091 2292 2095 2297 ,

2048 2793 2201 2843 ΡοῙ45·

2048 2845 2172 2891 ὅ(ἰ·46

1157 3065 1250 3095 medio
1276 3064 1389 3095 Altaris
1407 3061 1495 3103 super
1533 3059 1629 3103 ipsum
1648 3061 1818 3104 legebatun,
1842 3067 1981 3104 principe
1995 3068 2036 3095 in·
2088 3079 2091 3081 ·

1152 3112 1277 3156 genibus
1286 3112 1423 3154 residente
1435 3136 1444 3151 ‚
1475 3113 1508 3144 (5
1522 3111 1673 3152 Pontificis
1685 3110 1776 3153 facies
1797 3110 1886 3154 versa
1898 3121 1965 3145 erat
1985 3114 2031 3146 ad

1154 3163 1291 3205 populum
1303 3187 1312 3202 ,
1340 3168 1389 3204 qui
1401 3168 1491 3194 etiam
1504 3162 1551 3200 affl
1555 3163 1608 3194 due
1619 3159 1785 3204 coramipso
1800 3165 1939 3203 Principe
1959 3164 2026 3195 cele-

1158 3214 1268 3246 brabat
1279 3238 1289 3252 ,
1315 3225 1405 3254 quam
1421 3211 1534 3252 Missam
1543 3221 1677 3244 cantores
1694 3214 1848 3253 Principis
1855 3214 2025 3255 solemniter

1156 3274 1220 3295 cum
1243 3263 1376 3306 discentu
1385 3259 1554 3304 psallebant
1566 3286 1572 3292 .
1599 3265 1619 3294 5
1621 3263 1701 3295 ed&
1714 3260 1904 3305 diversarum
1918 3261 2028 3294 Facul-

1157 3322 1253 3346 tatum
1260 3315 1360 3355 plures
1374 3318 1406 3344 in
1418 3317 1549 3345 exercitu
1561 3311 1687 3344 babebat
1702 3312 1839 3346 nociores
1851 3336 1871 3352 ,‚
1891 3314 1923 3344 Θ
1933 3312 2026 3344 excels

1157 3364 1249 3397 lentes
1262 3363 1415 3405 Theologos
1425 3385 1435 3401 ‚
1462 3367 1512 3402 qui
1532 3367 1622 3394 etiam
1647 3373 1744 3399 coram
1770 3361 1831 3404 ipso
1848 3360 1956 3403 saepius
1965 3359 2028 3403 sero

1157 3413 1399 3447 mocinabantur..
1429 3413 1639 3452 Opulentiffimi
1650 3418 1742 3445 etiam
1751 3417 1784 3443 in
1800 3416 1926 3444 exercitu
1937 3418 2027 3444 erant

1159 3467 1297 3496 Domini.
1326 3466 1370 3494 Et
1384 3464 1528 3503 Princeps
1538 3474 1603 3495 cum
1615 3462 1681 3504 ipsis
1697 3487 1705 3502 ,
1717 3464 1750 3495 (5
1764 3458 2027 3502 Confiliariissuis‚

1156 3511 1350 3558 unusquisque
1360 3523 1424 3547 cum
1430 3508 1482 3557 [uo
1491 3513 1653 3556 Capeliano
1666 3512 1798 3557 quotidie?
1812 3510 1901 3545 boras
1922 3509 2028 3553 persol-

1890 3560 1983 3595 vebat
