2340 3776
253 141 1126 406 sussen

1191 122 2062 386 ΤΑΤΙὸ

322 420 1208 524 ΒΕᾸᾸΑΝΤΙἏΠΙΤΑΤΕ,
1257 445 2021 514 ΑυετοῑὶΙΤΑΤΕ,

654 539 778 587 Ac
850 535 1404 589 LEGITIMO
1474 537 1776 610 using.z

371 611 431 762 s
532 656 612 742 E
713 652 814 744 N
914 653 1004 747 T
1105 649 1183 739 E
1283 649 1385 742 N
1461 650 1574 763 T
1673 650 2051 743 1AE

479 805 1122 882 PROBA

523 1065 527 1067 <
555 1040 586 1080 ,ᾖ
641 1048 694 1073 tur
713 1064 725 1079 ,
760 1039 794 1072 ἀ
818 1039 836 1072 ὲ
865 1037 988 1071 Divina
1010 1036 1129 1079 justitia

453 1086 470 1103 ’“
520 1083 522 1087 ’
542 1083 546 1087 ’
578 1088 581 1104 ³
640 1087 821 1134 flagellatur
832 1087 896 1123 hoc
906 1087 1022 1122 infelix
1038 1088 1130 1122 siecu-

446 1165 456 1179 ,
485 1166 503 1178 μ.
535 1139 577 1181 qs(
642 1140 712 1174 lum
733 1163 744 1180 ,
780 1140 854 1173 sunt
876 1138 1066 1183 quaestiones
1087 1137 1129 1171 de

514 1192 533 1210 ’Ξ
641 1189 812 1233 Opinione
831 1187 1016 1233 probabili.
1043 1186 1127 1220 Prae-

482 1246 484 1253 ·
639 1241 745 1275 sertim
763 1239 798 1273 in
819 1239 951 1274 materia
962 1236 1044 1282 Juris
1069 1237 1131 1271 Dia

635 1291 705 1324 vini
716 1299 773 1323 aut
790 1288 955 1323 naturalis.
975 1285 1124 1331 Qidam

239 1348 397 1381 omnem,
422 1340 499 1374 licet
520 1339 675 1375 veraciter
693 1336 853 1380 probabili
881 1335 1042 1368 sententia
1053 1334 1124 1368 ful·-

239 1386 360 1426 ciatur,
391 1388 538 1419 existius
559 1387 639 1429 juris
661 1383 848 1429 ignorantia
871 1383 995 1427 lapsum
1009 1406 1020 1423 ‚
1046 1395 1123 1418 cen-

239 1434 308 1469 sent
317 1436 379 1469 ene
389 1445 430 1469 ex
435 1435 494 1470 suo
504 1446 621 1480 genere
632 1434 804 1470 mortalem
818 1459 825 1465 .
850 1433 922 1468 Cen
928 1435 997 1468 sent
1010 1457 1022 1473 ,
1033 1431 1130 1478 quod·

237 1496 408 1528 nunquam
429 1485 582 1529 poffimus
604 1487 671 1520 line
690 1484 781 1529 gravi
804 1482 923 1518 delicto
942 1484 1065 1528 operari
1079 1495 1121 1518 ex

238 1535 398 1570 sententia
409 1534 586 1579 probabili.
612 1534 716 1585 Qod
737 1534 937 1578 poenitentiae
959 1535 1122 1578 praefectus

238 1583 410 1628 Presbyter
422 1586 459 1620 se
479 1597 649 1630 nunquam
677 1584 926 1620 accommodare
962 1583 1059 1628 poffit
1080 1584 1121 1618 ad

240 1634 406 1679 probabile
427 1634 587 1678 judicium
610 1635 801 1681 poenitentis
826 1659 834 1666 .
870 1634 943 1668 Alii
966 1633 1082 1668 volunt
1102 1634 1121 1668 a

239 1684 353 1727 quavis
365 1685 525 1728 probabili
536 1687 695 1722 sententia
706 1684 801 1728 plene
810 1684 892 1719 dilui
903 1695 1036 1719 omnem
1057 1695 1120 1719 rea-

238 1743 309 1769 tum
321 1760 329 1767 .
358 1736 405 1770 Et
415 1735 479 1771 alia
491 1735 523 1771 id
535 1737 641 1781 genus
653 1737 741 1771 varia
759 1760 767 1768 .
792 1734 980 1769 Perniciosa
1004 1744 1060 1769 aut
1070 1746 1121 1777 pe-

238 1784 377 1822 riculosa
399 1810 407 1820 .
445 1785 490 1820 Et
517 1786 636 1835 quibus
658 1787 862 1821 infirmorum
885 1786 1022 1819 fratrum
1042 1796 1124 1819 con-

238 1834 371 1870 scientia
390 1837 532 1880 graviter
552 1838 753 1881 percutitur.
780 1835 863 1869 Haec
887 1835 1044 1869 elucidari
1072 1847 1120 1870 ro-

237 1884 391 1929 gantibus
400 1910 412 1927 ,
437 1887 470 1920 δε
480 1887 622 1931 aliquem
636 1886 714 1923 inde
725 1887 864 1922 fructum
876 1884 1122 1933 spondentibus,

238 1934 383 1978 judicavi
394 1935 617 1973 obediendum
629 1963 638 1971 .

479 2029 884 2071 C,APUT.1.

1205 803 1806 882 BILIS„

1191 934 1361 970 dumtaxat
1382 934 1560 980 supplicia,
1586 934 1735 978 quaedam
1754 935 1829 969 sunt
1848 934 1884 969 δε
1910 933 2066 979 supplicia

1189 986 1454 1021 &fimulanirnae
1472 984 1572 1026 vitia,
1599 985 1737 1029 ideoque
1756 986 1791 1019 &
1811 994 1943 1029 peccata
1957 1010 1964 1018 .
1992 986 2067 1019 Ori-

1188 1036 1298 1080 ginale
1308 1047 1477 1080 peccatum
1497 1034 1609 1070 debuit
1637 1034 1751 1078 vitiare
1761 1047 1799 1069 ac
1824 1036 1997 1079 inquinare
2015 1044 2068 1069 to-

1188 1097 1255 1121 tam
1265 1087 1428 1122 animam:
1454 1086 1660 1120 voluntatem
1673 1087 1730 1129 per
1740 1085 2040 1130 concupiscentiam
2053 1109 2067 1127 ‚

1188 1136 1386 1171 intelletrum
1401 1149 1456 1181 per
1466 1135 1689 1181 ignorantiam
1701 1160 1710 1169 .

1235 1185 1520 1220 Hinc&inlibris
1531 1185 1690 1220 delibero
1713 1185 1863 1221 Arbitrio
1884 1186 1972 1220 idem
1996 1185 2065 1219 Aa

1185 1234 1334 1279 gustinus
1344 1236 1483 1269 affirmat
1496 1235 1554 1269 ista
1564 1237 1627 1270 esse
1639 1246 1706 1269 non
1721 1237 1795 1270 resti
1815 1236 1974 1270 naturalia
1989 1259 1999 1273 ,
2011 1235 2062 1268 sed

1186 1284 1331 1318 damnati
1345 1283 1492 1318 hominis
1512 1282 1626 1317 vitiosa
1639 1295 1677 1318 ac
1688 1285 1828 1326 poenalia
1850 1283 2004 1324 exordia,
2030 1284 2065 1319 δε

1186 1333 1335 1378 adjungit
1348 1334 1382 1367 in
1396 1334 1501 1376 primo
1513 1332 1601 1367 libro
1612 1332 1906 1367 Retrastationum:
1918 1334 1968 1366 Ad
1974 1344 2065 1375 quam

1187 1382 1337 1426 miseriam
1343 1383 1435 1425 justa
1447 1385 1651 1417 damnationis
1668 1388 1824 1425 pertinent
1843 1385 2015 1426 ignorantia
2026 1385 2061 1419 ά*

1187 1435 1342 1477 difficultas
1360 1458 1371 1475 ,
1395 1446 1485 1477 quam
1500 1439 1624 1476 patitur
1634 1440 1730 1467 omnis
1740 1432 1870 1466 homoab
1882 1435 2001 1467 exordio
2011 1444 2064 1466 na-

1186 1489 1321 1518 tivitatis
1328 1483 1392 1527 suae
1402 1509 1413 1525 ‚
1441 1496 1492 1519 nec
1503 1485 1541 1517 ab
1552 1483 1601 1523 isto
1612 1485 1688 1517 malo
1698 1509 1709 1525 ‚
1735 1483 1790 1526 nist
1800 1487 1856 1517 Dei
1862 1490 1965 1528 gratia
1976 1482 2047 1527 quis
2041 1499 2059 1508 ··

1186 1546 1276 1577 quam
1286 1535 1431 1568 liberatur
1441 1560 1448 1567 .
1480 1535 1536 1569 Ab
1549 1545 1662 1568 eorum
1687 1534 1860 1569 dominatu
1883 1545 1938 1578 per
1958 1533 2063 1568 vistri-

1186 1594 1256 1619 cem
1268 1584 1381 1627 JESU
1408 1584 1532 1619 Christi
1557 1585 1693 1629 gratiam
1707 1609 1718 1626 ‚
1744 1584 1786 1618 ab
1808 1585 1950 1628 ipsorum
1973 1595 2063 1619 reatu

1187 1646 1242 1678 per
1253 1635 1448 1678 Baptismale
1466 1635 1592 1669 donum
1615 1634 1807 1669 remiffionis
1822 1645 2027 1678 peccatorum
2058 1660 2064 1667 .

1186 1687 1289 1728 ‚Quam
1300 1683 1450 1728 miseriam
1464 1687 1624 1728 Pelagiani
1636 1686 1738 1718 nolunt
1749 1685 1875 1727 exjusta
1897 1687 2066 1718 damnatio—

1186 1745 1222 1768 ne
1234 1733 1406 1778 descendere
1418 1760 1428 1776 ‚
1441 1747 1582 1780 negantes
1595 1736 1737 1779 originale
1745 1744 1899 1777 peccatum
1910 1761 1917 1768 .
1947 1738 2063 1778 ,Quam-

1185 1789 1237 1818 vis
1247 1790 1417 1829 ignorantia
1438 1788 1474 1820 (5
1494 1787 1674 1829 difficultas,
1700 1784 1810 1827 etiamsi
1828 1786 1917 1829 effent
1939 1786 2068 1820 hominis

1182 1837 1351 1877 primordia
1360 1839 1514 1870 naturalia
1524 1861 1535 1878 ,
1562 1848 1613 1870 nec
1617 1835 1657 1878 fic
1664 1837 1829 1878 culpandus
1854 1835 1919 1878 effer
1945 1839 2026 1868 Deus
2055 1859 2067 1875 ,

1182 1883 1442 1928 J‘edlaua'andus.
1473 1886 1655 1921 Adversum
1668 1886 1807 1921 famosas
1829 1885 1949 1929 praefati
1971 1885 2069 1929 Julia-

1188 1936 1225 1969 ui
1244 1936 1426 1980 calumnias
1446 1937 1585 1971 affirmat
1607 1936 1673 1971 haec
1707 1936 1889 1971 miseranda
1923 1934 2069 1970 hominis

1186 1986 1320 2021 exordia
1333 1997 1401 2021 uon
1422 1988 1485 2021 effe
1506 1986 1692 2022 Manichaea
1712 1987 1854 2031 duplicis
1874 1985 2069 2021 Divinitatis

1186 2033 1365 2066 &duarum
1378 2037 1562 2069 animarum
1571 2036 1731 2078 dogmata
1751 2050 1762 2069 .-
1787 2037 1847 2069 llla
1870 2034 1953 2069 ade&
1964 2036 2006 2069 ab
2019 2034 2071 2070 hir

2085 1257 2166 1304 Cap:
2179 1269 2209 1309 9.

2085 1613 2219 1649 Ibidem.

1127 2100 1132 2107 ¹
1156 2077 1161 2105 ‘²
1179 2080 1322 2117 distare,
1348 2089 1386 2111 ut
1399 2091 1459 2112 nec
1474 2083 1540 2121 ipsa
1553 2084 1755 2123 incidamus,
1782 2085 1804 2117 fi
1818 2083 2069 2117 dixerimusista

238 2131 411 2172 ostenditur
428 2131 513 2171 quad
524 2130 611 2169 jum
633 2128 786 2161 naturalis
810 2124 1035 2170 ignorantlapst't
1042 2134 1131 2169 parsJ

334 2178 488 2223 originalit
505 2182 622 2219 peccati
643 2202 654 2218 ‚
681 2179 800 2219 ideoque
827 2178 934 2210 durum
966 2187 1017 2209 no-

488 2227 562 2270 strae
594 2234 708 2262 animae
730 2227 840 2262 vulnus
854 2251 862 2261 .

339 2326 423 2365 Uod
435 2329 559 2364 sanstus
570 2329 775 2375 Augustinus
798 2329 971 2376 originalis
993 2329 1118 2374 peccati

361 2379 527 2419 essentiam
545 2380 723 2415 constituat
738 2381 772 2415 in
798 2380 994 2425 quibusdam
1008 2380 1096 2414 vitiis
1108 2404 1119 2420 ,

349 2435 402 2464 'ac
411 2429 556 2474 ipsorum
578 2430 715 2465 reatibus
736 2443 745 2474 3
772 2429 861 2475 quod
886 2433 964 2465 item
1003 2429 1119 2464 horum

241 2478 397 2514 vitiorum
418 2480 554 2515 alterum
577 2479 680 2515 tradat
701 2482 763 2516 effe
784 2481 1081 2524 concupiscentiam
1108 2505 1118 2522 ‚

240 2528 287 2562 est
298 2529 453 2565 omnibus
464 2530 670 2574 exploratum
681 2555 688 2562 .
717 2531 868 2565 Alterum
879 2532 995 2565 vitium
1007 2532 1053 2565 est
1068 2542 1120 2564 na-

243 2580 356 2613 turalis
366 2579 445 2623 juris
455 2578 642 2624 ignorantia
652 2603 661 2613 .
683 2581 734 2615 Ita
745 2581 831 2615 idem
840 2580 1046 2626 Augustinus
1057 2592 1122 2615 ma-

243 2627 358 2663 nifeste
393 2628 491 2664 docet
528 2630 563 2665 in
591 2631 683 2665 sexto
709 2630 794 2665 libro
816 2642 932 2666 contra
956 2631 1121 2674 Julianum

244 2677 458 2714 Eclanensem
469 2679 667 2724 Episcopum
679 2706 687 2713 .
713 2682 927 2716 Demonstrat
939 2681 1007 2715 duo
1021 2705 1029 2712 .
1054 2680 1122 2714 Pri·

242 2726 298 2762 mo
310 2753 321 2770 ,
346 2729 436 2773 quod
449 2731 653 2775 pergratiam
665 2754 676 2771 ,
702 2742 801 2774 quam
813 2731 908 2766 nobis
920 2732 954 2766 in
980 2730 1121 2774 praesenti

242 2779 358 2813 saeculo
368 2779 513 2823 impartit
524 2778 746 2815 Christianum
760 2781 923 2825 Baptisma
935 2806 946 2822 ‚
972 2780 1123 2815 abolean-

240 2836 293 2862 tur
305 2840 372 2863 non
383 2829 556 2874 originalia
567 2830 646 2864 vitia
657 2856 668 2872 ‚
696 2829 748 2865 sed
761 2831 820 2865 soli
845 2843 959 2866 eorum
981 2840 1087 2865 reatus
1114 2855 1121 2863 .

238 2878 388 2913 Secund&
404 2903 415 2919 ,
437 2879 528 2923 quod
541 2881 626 2914 inter
639 2880 695 2915 ista
709 2881 788 2915 vitia
800 2882 862 2916 fint
882 2882 1121 2924 concupiscen-

239 2927 284 2962 tia
295 2929 528 2974 &ignorantia
540 2955 548 2962 .
574 2931 618 2964 Et
631 2930 710 2965 hinc
720 2930 912 2966 concludit:
940 2938 1055 2967 Horum
1066 2936 1119 2963 ita-

236 2988 291 3019 que
313 2979 456 3013 malorum
462 2986 636 3022 praeteritur
648 2986 741 3014 omnis
755 2990 858 3015 reatus
873 2981 957 3024 sacro
975 2980 1065 3022 fonte
1078 2979 1129 3014 re?

235 3034 367 3062 mittitur
379 3054 386 3062 .
413 3029 542 3064 Diserte
553 3031 692 3065 affirmat
701 3056 712 3072 ,
739 3042 807 3066 non
823 3031 1030 3066 solummodo
1043 3042 1119 3065 con-

234 3078 466 3121 cupiscentiam
480 3104 491 3120 ,
517 3080 570 3114 sed
582 3080 617 3114 ὅ(
630 3081 802 3121 naturalis,
830 3082 871 3115 de
884 3093 952 3125 quo
965 3080 1036 3114 solo
1047 3080 1118 3115 istic

235 3129 343 3170 egitur
355 3153 367 3170 ,
390 3129 467 3172 juris
478 3131 697 3174 ignorantiam
710 3132 773 3165 effe
788 3143 856 3166 non
868 3132 1116 3176 qualecumque,

237 3174 290 3207 sed
315 3178 478 3214 adnexum
492 3204 503 3220 ‚
530 3183 586 3224 qui
607 3180 806 3225 Baptismate
827 3181 950 3215 remitti
974 3179 1086 3215 debeat
1106 3205 1117 3221 ,

237 3233 361 3279 reatum
376 3228 628 3265 habensvitium
642 3255 653 3272 ,
680 3231 818 3274 ideoque
830 3241 954 3275 partem
968 3230 1117 3275 origina-

235 3272 276 3308 lis
290 3279 407 3318 peccati
424 3304 432 3313 .
460 3280 593 3315 Etenim
606 3291 773 3324 peccatum
788 3280 852 3315 hoc
866 3293 931 3315 non
945 3280 1117 3339 iangr'rlzuss

236 3335 379 3367 cumque
402 3330 546 3364 eonfistit
572 3332 688 3371 malis,
715 3331 769 3365 sed
781 3326 952 3384 duma-liat
968 3332 1001 3365 in
1019 3331 1120 3370 ‘lstr3‚

238 3385 309 3417 quae
320 3376 394 3409 suut
404 3380 517 3414 animae
528 3381 608 3415 vitia
619 3406 630 3422 ,
656 3381 794 3425 ideoque
806 3380 929 3416 habent
951 3381 1116 3415 adnexum

238 3430 363 3460 reatum
387 3451 395 3458 .
434 3428 656 3472 Originalium
675 3427 837 3466 nsalorum
868 3431 1012 3474 quaedam
1045 3428 1127 3466 sunt'

320 3473 429 3517 christ.
442 3481 518 3520 Lupi
530 3483 629 3522 Opera
639 3484 717 3515 Tom.
726 3484 785 3515 Xt.

160 2509 172 2529 ἱ

64 2694 144 2745 Cssl’·
174 2709 228 2744 16.

1185 2127 1249 2161 else
1260 2127 1418 2162 naturalia
1431 2151 1439 2159 .
1466 2127 1516 2162 Ita
1528 2128 1562 2162 in
1574 2128 1664 2162 libris
1678 2130 1720 2163 de
1732 2130 1848 2162 Genefi
1861 2130 1901 2162 ad
1925 2130 2068 2165 litteram

1129 2197 1132 2202 Α
1186 2177 1295 2212 scribit
1317 2177 1558 2222 quorumdam,
1584 2178 1786 2213 censentium
1804 2179 1987 2213 Diabolum
2006 2182 2069 2216 effe

1186 2229 1220 2262 in
1233 2228 1287 2262 sua
1301 2229 1444 2271 perversa
1456 2228 1625 2263 voluntate
1636 2239 1778 2263 creatum
1788 2254 1799 2271 ,
1828 2230 1881 2263 seu
1902 2231 1935 2263 in
1961 2231 2068 2274 primo

1186 2279 1248 2313 suae
1258 2279 1433 2313 creationis
1444 2279 1582 2313 exordio
1596 2280 1736 2322 peccasse
1746 2305 1758 2322 ,
1787 2279 1994 2323 opinionem
2005 2282 2069 2315 effe

1185 2329 1318 2372 quidem
1339 2329 1484 2370 deviam,
1517 2339 1660 2365 attamen
1683 2341 1753 2365 non
1775 2329 1918 2365 incidere
1939 2330 1973 2364 in
1996 2330 2069 2364 Ma-

1188 2378 1366 2414 nichaeum.

1235 2429 1278 2465 Et
1289 2432 1323 2465 in
1335 2430 1533 2466 Eucheridio
1544 2429 1641 2465 docet
1654 2430 1793 2474 primum
1815 2429 1951 2466 humani
1970 2441 2067 2477 gene·

1184 2479 1227 2513 ris
1238 2481 1360 2515 malum
1372 2483 1466 2516 fuisse
1489 2481 1609 2516 Proto·
1622 2481 1804 2516 plastorum
1827 2481 1967 2524 primum
1992 2493 2065 2525 pec·

1184 2540 1292 2565 catum
1306 2555 1317 2571 ,
1342 2542 1442 2574 atque
1455 2531 1658 2575 prosequitur
1670 2545 1681 2565 .·
1707 2534 1764 2564 Hoc
1779 2537 1912 2573 primum
1927 2531 1965 2572 est
1985 2542 2063 2565 crea·

1183 2589 1261 2613 turae
1269 2583 1425 2615 rationalis
1436 2582 1548 2614 malum
1562 2605 1572 2621 ,
1594 2587 1697 2621 prima
1703 2586 1839 2623 privatio
1850 2581 1918 2614 bon}
1929 2606 1936 2614 .
1971 2586 2065 2615 Dein-

1184 2632 1222 2663 de*
1233 2636 1323 2664 etiam
1328 2633 1400 2671 jam
1409 2631 1570 2664 nolentibus
1578 2629 1753 2673 subintrant
1772 2637 1946 2675 ignorantia
1962 2643 2062 2665 rerum

1184 2682 1367 2723 agendarum
1376 2704 1386 2719 ‚
1411 2683 1447 2714 (5
1458 2679 1686 2723 concupiscentie:
1697 2687 1854 2715 noxiarum
1866 2707 1877 2722 ,
1901 2682 2008 2724 quibus
2023 2694 2065 2716 co-

1184 2735 1274 2763 mites
1280 2728 1508 2773 subinferuntur
1522 2742 1602 2764 error
1613 2732 1646 2764 (ν
1656 2731 1736 2764 dolor
1748 2755 1756 2764 .
1785 2735 1838 2764 Ex
1849 2730 1895 2763 bis
1920 2732 2063 2765 malorum

1186 2791 1242 2813 non
1251 2780 1399 2814 ubertatis
1422 2805 1432 2821 ‚
1458 2780 1514 2822 sed
1538 2782 1735 2824 indigentiae,
1764 2792 1909 2823 tanquam
1922 2782 2064 2823 fontibus·

1184 2835 1279 2863 omnis
1300 2829 1418 2873 miseria
1437 2841 1557 2864 naturae
1575 2833 1734 2864 rationalis
1757 2841 1894 2865 emanat.
1935 2832 2061 2866 Omnia
2083 2854 2114 2889 C
2178 2853 2197 2893 8

1185 2880 1291 2914 nostra
1316 2880 1451 2915 astualia
1477 2890 1624 2924 peccata.
1654 2881 1778 2914 Duabus
1799 2892 1836 2915 ex
1856 2879 1945 2922 caufis
1962 2888 2061 2923 peeca-
2116 2866 2163 2899 ψ’
2206 2866 2232 2891 1.

1182 2940 1267 2962 mus:
1293 2938 1346 2963 aut
1368 2942 1424 2964 non
1444 2932 1575 2964 videndo
1594 2931 1668 2973 quid
1681 2930 1779 2974 facere
1796 2931 1976 2973 debeamm3
2006 2941 2062 2964 aur

1178 2991 1240 3013 vnan
1245 2979 1386 3021 faciendo
1396 3005 1407 3020 ‚
1433 2982 1513 3023 quod
1522 2980 1627 3014 debere
1633 2981 1772 3023 fierijam
1793 2982 1932 3015 videmus
1944 3006 1951 3013 .
1978 2983 2061 3024 ,Quo-

1181 3041 1250 3072 rum
1259 3031 1380 3064 duorum
1390 3031 1468 3064 illud
1480 3035 1655 3074 Ignorantiae
1666 3033 1776 3064 malum
1785 3031 1823 3071 est
1836 3056 1846 3072 ‚
1872 3030 1923 3063 hoc
1936 3031 2063 3073 infirm!-

1181 3085 1267 3112 tatis.
1296 3080 1502 3125 Augustinus
1515 3079 1664 3125 adjungit
1677 3081 1708 3114 se
1720 3079 1833 3115 haecin
1857 3081 1969 3115 multis
1990 3082 2063 3115 suo-

1179 3141 1250 3164 rum
1263 3130 1418 3165 librorum
1432 3131 1513 3164 locis
1525 3131 1667 3165 docuisse
1677 3156 1684 3163 .
1713 3130 1851 3175 Insignis
1865 3132 1956 3165 locus
1968 3131 2012 3165 est
2027 3132 2061 3164 in

1179 3180 1284 3223 primo
1296 3180 1380 3215 libro
1391 3180 1430 3215 ad
1443 3181 1586 3215 sanctum
1610 3179 1805 3215 Pontificem
1816 3181 2026 3215 Bonifacium
2051 3191 2059 3211 :

1177 3234 1250 3263 Non
1261 3236 1327 3273 agit
1343 3237 1375 3263 in
1386 3229 1550 3263 bominibus
1560 3237 1653 3264 etiam
1666 3237 1717 3274 qui
1733 3230 1843 3274 suadet
1866 3232 1900 3264 (ν
1914 3232 2022 3272 decipit
2048 3251 2060 3270 ‚

1179 3279 1235 3320 nili
1240 3288 1272 3312 ut
1280 3289 1434 3321 peccatum
1444 3281 1601 3314 voluntate
1611 3286 1798 3314 committant
1814 3305 1825 3321 ‚
1851 3282 1903 3314 vel
1924 3286 2059 3324 ignoran-

1179 3335 1224 3362 tia
1235 3337 1400 3371 vernarit,
1427 3332 1478 3364 vel
1486 3331 1884 3374 delec‘lationeiniquitatis,
1911 3330 1964 3362 vel
1983 3338 2061 3362 utro-

1179 3391 1233 3422 que
1251 3382 1326 3413 malo
1341 3405 1351 3421 ,
1365 3381 1411 3413 <a
1430 3386 1575 3414 caecitatis
1603 3381 1637 3414 (rt
1656 3381 1846 3424 infirmitatis
1866 3404 1877 3413 ,
1905 3377 2057 3412 Affirmat

1179 3430 1324 3474 quaedam
1342 3441 1396 3476 pet
1414 3429 1634 3476 ignorantiam
1654 3431 1750 3518 Ιίἒιιῑ
1774 3431 1807 3465 &
1830 3439 1884 3473 per
1902 3429 2062 3512 cso.¹¹⁶⁰¹’³‘

1923 3489 2015 3512 Cleu-

2083 2499 2164 2546 Cap.
2174 2512 2232 2549 24.

2080 3205 2161 3251 Cap.
2173 3218 2207 3256 3⁴.
