2366 3736
627 111 1649 165 AnHeurtrcuMNon1s.
1885 126 1976 163 261

202 205 297 235 cernit
305 201 382 246 quod
388 199 449 243 post
459 202 575 243 culpam
582 209 672 244 poena
677 200 822 244 sequatur
832 225 842 241 ,
864 198 926 242 five
937 203 969 232 in
979 208 1069 231 corre-
1131 200 1202 241 quia
1220 194 1275 236 etfi
1289 207 1347 228 non
1358 197 1513 237 impleatur
1516 197 1596 239 foris
1610 198 1752 242 negotium
1764 198 1851 230 malae
1861 201 2007 240 cupidita-

202 248 294 286 Hione
303 275 314 291 ‚
333 250 397 292 five
418 256 451 284 in
476 255 665 285 damnatione
674 274 686 290 ‚
711 250 895 291 refraenatur
906 250 993 293 culpa
1008 247 1070 289 five
1132 254 1172 281 tis
1184 270 1194 286 ,
1206 244 1272 290 ipsa
1284 254 1385 279 tamen
1396 248 1475 279 mala
1487 251 1634 289 cupiditas
1646 248 1727 281 intur
1741 247 1777 287 est
1789 247 1875 286 bostis
1888 273 1894 279 .
1905 248 2008 296 Qod

202 307 326 343 inopere
338 324 349 340 ,
369 299 432 342 five
451 307 484 335 in
495 303 687 338 deleeffatione
697 324 704 332 .
732 303 831 333 Timor
844 311 908 343 ergo
913 299 1049 345 frenum
1062 310 1069 329 ι
1132 297 1173 331 ab
1186 294 1276 330 hoste
1288 295 1352 330 hoc
1363 306 1430 329 non
1445 296 1501 329 nifi
1516 308 1569 339 per
1580 297 1728 332 diffusam
1742 298 1759 331 ὲ
1771 298 1891 341 Spiritu
1903 298 2010 331 sancio

201 349 269 394 Jpse
297 355 383 384 timot
394 350 502 385 cohibet
515 352 669 394 &stringit
678 349 845 391 effluentem
855 342 988 383 animum
1001 372 1012 387 ,
1039 350 1072 382 (5
1134 347 1290 382 adtualern
1310 344 1500 379 charitatem
1522 346 1695 381 liberentur
1705 348 1803 382 corda
1817 347 1938 388 nostra,
1965 348 2012 380 est

198 399 270 442 fistit
289 411 355 433 eum
378 403 423 435 ad
439 404 628 436 tolerantiam
638 423 649 439 ‚
670 399 950 441 ostendensfaciliuc
961 398 1073 430 malam
1137 408 1239 431 unum
1260 408 1302 430 ex
1333 394 1563 430 immobilibus
1581 397 1658 431 fidei
1680 398 1872 432 Christiana:
1898 395 2015 432 funda·

201 449 464 497 concupiscentiam
483 455 614 490 vincere,
641 462 731 493 quam
752 453 861 485 malam
873 448 1076 492 conscientiam
1138 447 1258 481 mentis
1268 470 1277 479 .

203 500 330 535 tolerare
339 513 354 542 ;
380 503 410 534 Ε
413 510 426 533 t
438 502 518 545 eligit
527 501 636 535 durum
649 524 660 540 ,
687 509 720 533 ut
731 502 834 534 durius
845 502 960 534 evadat
970 524 977 534 .
992 500 1076 532 Ecce

204 560 273 583 non
287 550 391 588 solum
403 549 619 593 adimplendae
631 550 819 594 cupiditatis
831 548 1077 588 Decretum,sed

205 599 239 632 δε
253 609 360 633 natam
371 611 413 633 ex
425 599 492 643 ipsa
503 600 752 635 delectationem
766 601 864 635 timor
877 600 979 634 aufert
989 626 996 633 .
1010 598 1078 633 Uti

204 648 316 683 effectu
329 648 474 683 frustrata
488 675 499 691 ,
527 650 569 684 ita
582 651 698 686 timore
708 652 842 685 fraenata
853 650 1014 693 cupiditas
1027 649 1080 682 in·
1232 654 1410 689 peccatorem
1423 671 1432 686 ‚
1460 647 1530 678 dum
1544 649 1734 678 detritionem
1745 648 1823 679 elicit
1835 669 1844 684 2
1857 646 1925 688 fieri
1941 647 2022 687 hypo-

205 699 268 732 fert
288 697 439 734 dolorem
462 699 546 733 adeo
557 711 661 735 acrem
674 725 685 742 ,
712 710 748 735 ut
759 713 834 735 eum
853 702 977 734 sanctus
988 701 1082 744 Joan·
1143 703 1249 730 critam
1267 696 1320 728 boc
1335 694 1425 741 sensu
1438 720 1448 736 ,
1474 697 1553 739 quod
1561 696 1690 728 exieriut
1702 697 1721 726 a
1729 704 1845 736 peccato
1855 696 1997 735 abstineat
2009 719 2020 735 ,

205 758 264 782 nes
278 747 609 795 Apostolusgppellet
621 751 821 785 tormentum
834 775 841 782 .
861 750 970 785 Solam
985 748 1084 794 igitur
1145 748 1254 783 latente
1265 747 1390 779 interius
1398 744 1601 789 peccaminosa
1612 746 1767 779 voluntate
1776 770 1785 786 ,
1806 747 1932 787 adeoque
1946 747 2024 788 quod

206 796 299 834 illam
323 793 505 840 intimam?
517 811 581 843 qua
592 801 748 835 serviliter
761 801 880 837 timens
900 800 992 835 malit
1015 798 1084 832 lici·
1146 797 1277 834 exterius
1294 794 1373 837 facit
1395 805 1452 830 non
1466 797 1568 839 faciat
1588 806 1627 828 ex
1638 800 1736 828 animo
1747 793 1899 837 &sincero
1920 798 2004 829 corde
2014 819 2022 827 .

207 855 280 882 tum
293 849 381 889 quod
395 849 491 883 sentit
503 850 642 885 vetitum
656 875 666 891 ,
692 850 900 893 cupiditatem
911 875 922 890 ,
948 858 1086 882 tormen·
1150 847 1277 882 Factam
1299 856 1339 878 ex
1352 846 1422 879 solo
1439 857 1526 881 metu
1539 846 1695 889 justitiam
1708 871 1718 886 ,
1744 845 1821 880 licet
1832 856 1898 879 non
1917 844 1998 879 mihi
2013 870 2024 885 ,

208 896 235 929 ti
255 896 347 930 istius
367 908 502 938 matrem
516 901 548 938 ,δε
561 901 686 935 fontem
695 925 706 941 ,
731 911 798 933 non
813 902 902 934 sanat
914 909 1019 944 neque
1030 909 1088 932 au·
1150 906 1258 933 tamen
1270 892 1417 929 Luthero
1441 896 1588 931 adfirmat
1601 908 1638 929 ac
1649 894 1788 929 ostendit
1799 896 1862 930 esse
1874 894 2027 938 hypocri-

1360 496 1478 539 ‚Quinta
1492 494 1642 538 Accusatio
1660 498 1786 531 diluitur
1796 523 1804 531 .

1214 593 1308 639 Ergit
1321 593 1500 630 Accusator
1515 607 1522 627 :
1550 598 1605 628 Ex
1617 597 1719 629 eadem
1730 597 1866 630 doc‘lrina
1885 596 2018 640 sequitur
2038 606 2098 644 1:01

2101 615 2190 642 ‚12-

207 946 269 979 fert
282 957 404 983 metu&
430 948 489 983 Ille
500 949 547 986 est
556 952 679 984 mentis
690 944 730 983 ad
744 950 866 983 malum
880 951 1066 993 praeparatio
1078 972 1089 988 ,

208 1006 273 1038 qua
296 997 394 1030 sancti
416 997 621 1041 Augustinus
649 1000 683 1033 ἀ
698 1000 834 1042 Prosper
847 1001 1020 1034 adfirmant
1033 998 1092 1032 bo·

209 1044 486 1096 minem-relinqui
498 1047 531 1086 ὅς
543 1059 732 1093 permanere
742 1049 872 1096 justitiae
885 1050 1012 1095 &legis
1022 1050 1091 1084 oso·

208 1106 277 1130 rem
287 1118 296 1127 .

431 1149 556 1195 ‚Quarta
569 1149 723 1194 Accusatio
739 1152 880 1184 diluitur.

308 1195 356 1229 Ti
367 1197 522 1232 actualem
533 1200 567 1238 ἀ
579 1212 743 1243 patentem
756 1226 767 1242 ,
796 1202 840 1235 ita
865 1200 1034 1235 virtualem
1057 1210 1095 1232 ae

336 1246 489 1281 latentem
500 1250 713 1292 cupiditatem
723 1275 735 1292 ,
764 1263 827 1295 qua
839 1252 909 1295 quis
921 1252 1013 1284 malit
1029 1260 1097 1282 non

211 1296 276 1329 effe
288 1295 514 1338 prohibentem
527 1309 564 1333 ac
577 1301 770 1343 punientem
784 1312 914 1345 peccata
927 1300 1097 1344 justitiam,

213 1355 279 1388 qua
290 1346 381 1381 illam
391 1347 414 1380 fi
428 1348 530 1394 poffet
542 1350 698 1392 auferret,
726 1362 789 1394 qua
802 1353 839 1387 fit
851 1351 920 1395 ejus
932 1350 1099 1387 inimicus,

214 1395 236 1428 fi
255 1395 386 1438 quidem
400 1397 486 1431 circa
498 1409 564 1433 rem
578 1400 761 1434 mortaliter
775 1401 908 1434 vetitam
933 1401 1077 1433 versetur
1088 1419 1100 1436 ‚

148 1467 152 1471 ι
214 1445 289 1488 quis
309 1445 457 1490 ambigat
467 1458 508 1480 ex
519 1459 638 1492 genere
651 1451 710 1483 suo
724 1450 786 1483 esse
796 1459 964 1493 peccatum
978 1456 1098 1481 morta·

214 1494 247 1528 le
267 1496 281 1528 ?
306 1495 434 1535 Diserte¹
465 1497 500 1530 id
526 1497 740 1536 affirmantem
765 1500 912 1532 sanetum
937 1499 1099 1542 Ioannem

215 1542 491 1586 chrysostomum
511 1547 633 1581 adduxi
658 1550 693 1582 in
718 1548 940 1583 dissertatione
960 1573 968 1580 .
996 1545 1101 1592 Qod

217 1593 325 1637 ipsum
335 1594 452 1629 diserte
463 1595 561 1630 docet
572 1598 727 1642 antiquus
737 1597 959 1633 Scholasticus
971 1621 981 1637 ‚
1013 1595 1102 1629 Petri

70 1648 158 1687 Parti
193 1668 203 1681 .,
219 1642 395 1678 Lombardi
407 1645 603 1689 discipulus,
621 1647 736 1681 Petrus
750 1647 954 1680 Pictavienfis
969 1659 976 1678 ε
1001 1647 1102 1679 Servi·

44 1700 124 1743 Cap.
148 1707 162 1737 g
187 1722 200 1736 ,·
218 1694 258 1726 lis
270 1693 447 1736 timot-facit
455 1694 602 1730 bominem
615 1696 719 1739 cessare
729 1700 750 1730 ἆ
758 1705 879 1738 peccato
894 1721 905 1737 ,
927 1695 985 1739 sed
994 1706 1053 1728 non
1065 1693 1105 1726 ab

216 1749 299 1776 omni
305 1752 426 1785 peccato
436 1768 443 1776 .
472 1747 503 1777 E
505 1743 542 1786 tfi
549 1751 626 1778 enim
636 1748 717 1789 cesset
729 1747 776 1779 bic
783 1755 841 1787 per
859 1751 991 1779 timorem
1011 1743 1108 1787 servi-

220 1794 276 1826 lem
287 1794 307 1825 a
318 1794 395 1826 malo
404 1802 489 1836 opere
500 1817 510 1832 ,
536 1807 593 1827 non
606 1805 709 1829 tamen
722 1798 741 1827 ἃ
754 1797 837 1828 mala
848 1797 1002 1828 voluntate
1017 1818 1027 1832 ,
1037 1804 1107 1835 quae

222 1844 506 1884 mortale-peccatum
515 1843 554 1883 est
570 1869 577 1875 .
596 1847 788 1879 Voluntatem
798 1851 879 1877 enim
889 1844 979 1877 babet
986 1851 1108 1885 peccan-

223 1894 278 1932 di,
305 1890 358 1934 sed
377 1892 463 1935 cessat
485 1894 606 1926 tantum
623 1902 751 1939 propter
757 1903 882 1936 poenam
891 1919 899 1927 .
928 1895 970 1928 Et
983 1893 1110 1927 Doctor

48 1955 81 1983 2.
94 1954 127 1982 2,
151 1955 204 1988 qu.
228 1941 412 1986 Angelicus
423 1955 434 1975 .·
462 1942 615 1983 objeaum
631 1949 744 1977 timoris
759 1943 885 1986 servilis
896 1943 1030 1985 estpoena
1043 1946 1110 1981 ,cui

54 2005 70 2029 1
78 2002 109 2038 9.
227 1993 335 2024 accidit
345 1993 425 2034 quod
434 1991 539 2024 bonum
553 2016 565 2032 ‚
589 2000 636 2026 eui
649 2000 848 2027 contrariatur
854 2002 946 2035 poena
960 2018 969 2032 ‚
995 2001 1110 2025 ametur

53 2042 127 2080 Am
149 2052 183 2089 4.
226 2047 383 2082 tamquam
401 2041 476 2083 fiat's
498 2043 619 2075 ultimus
631 2067 643 2083 ,
669 2046 770 2085 &per
783 2044 965 2086 consequens
973 2051 1064 2084 poena
1074 2048 1113 2073 tt-

44 2096 48 2099 ·
168 2089 170 2092 ’
229 2099 344 2123 meatur
361 2100 519 2133 tamquam
538 2095 707 2134 principale
726 2095 841 2126 malum
863 2117 873 2132 ,
900 2095 982 2135 quod
1001 2097 1117 2124 contin·

224 2146 272 2183 git
284 2146 315 2172 tn
326 2152 383 2173 non
395 2140 523 2174 habente
535 2141 712 2176 charitatem
723 2169 731 2177 .
763 2143 824 2176 Per
839 2142 1030 2176 charitatem
1044 2153 1111 2175 non

230 2192 340 2224 sanata
364 2191 522 2226 servilitas
533 2194 699 2234 proprium
715 2191 928 2226 commodum
940 2191 1051 2235 diligit
1065 2190 1113 2223 uti

229 2239 332 2273 finem
352 2239 505 2273 ultimum
518 2253 530 2273 .·
558 2241 660 2287 Qiod
674 2244 749 2285 quis
765 2241 891 2275 dubitet
902 2243 964 2276 effe
976 2240 1113 2274 mortale

231 2290 424 2332 peccatum?
451 2290 502 2323 Ex
516 2288 575 2322 hac
586 2302 694 2325 tamen
708 2293 855 2327 doctrina
880 2291 1061 2326 Accusator
1074 2288 1116 2323 af-

231 2338 338 2373 firmat
359 2341 462 2383 legime²
465 2337 569 2381 sequi,
596 2343 680 2382 quod
689 2348 716 2374 is
728 2364 739 2379 ‚
763 2349 816 2386 qui
838 2351 909 2373 ante
921 2340 1115 2384 Baptismum

231 2389 398 2422 mortaliter
409 2391 534 2430 deliquit
542 2415 553 2430 ,
571 2400 724 2433 nunquam
733 2393 814 2432 poffit
816 2391 1058 2432 justificationem
1069 2389 1115 2422 ob-

233 2444 327 2471 tinere
341 2462 352 2477 ,
371 2438 427 2479 nisi
435 2450 545 2472 novum
552 2448 704 2480 peccatum
718 2440 842 2474 mortale
851 2449 1016 2474 committat
1030 2453 1039 2483 ;
1067 2441 1116 2472 ba-

229 2493 365 2530 ptizat-ut
378 2492 449 2521 vero
459 2513 468 2527 ,
493 2488 520 2529 fi
522 2497 622 2530 peccet
633 2495 800 2524 mortaliter
813 2514 824 2530 ‚
850 2503 908 2523 non
920 2491 975 2531 m'fi
985 2496 1016 2524 in
1027 2487 1117 2531 raris-

229 2537 300 2580 fimo
319 2535 386 2579 casu
397 2536 552 2579 justificari
570 2540 650 2579 poffit
663 2563 672 2578 ,
699 2540 756 2580 nifi
760 2551 839 2573 novo
850 2543 970 2573 mortali
978 2541 1115 2582 admiffo.

239 2589 282 2621 Et
306 2587 388 2621 infra
400 2601 411 2621 .·
442 2591 572 2630 Egregia
588 2589 726 2630 prosec‘lo
737 2590 801 2622 haec
819 2589 856 2626 est
861 2590 1001 2631 scelerum
1013 2593 1119 2623 Poeni-

236 2643 354 2676 tentia,
379 2648 447 2679 quae
471 2648 529 2669 nort
552 2636 607 2678 nifi
615 2645 679 2671 tum
689 2651 765 2673 novo
773 2638 880 2681 scelere
886 2646 994 2684 peragi
1007 2639 1098 2681 potest
1111 2665 1120 2672 .

236 2687 408 2731 Ejusmodi
432 2687 667 2722 Poe-nitentiam
690 2692 753 2724 esse
766 2689 982 2724 monstrosam
1005 2690 1037 2723 ὃς
1053 2691 1119 2733 ipse

235 2738 391 2782 profiteor
401 2761 411 2771 r
439 2737 485 2770 At
506 2737 576 2780 ejus
596 2739 803 2774 assertionem
827 2738 911 2773 mihi
934 2739 1060 2783 imponi
1072 2739 1118 2773 est

238 2787 344 2830 majus
354 2787 535 2821 monstrum
550 2813 558 2820 .
587 2787 690 2822 Aliud
707 2789 752 2823 est
767 2790 952 2833 quempiam
964 2789 1003 2823 ad
1017 2790 1119 2824 incus·

236 2839 308 2871 sum
329 2837 554 2881 gehennarum
566 2849 691 2872 metum
702 2863 713 2879 ,
741 2840 773 2873 δε
786 2850 825 2872 ex
838 2839 906 2882 ipso
920 2840 989 2873 solo
1000 2840 1117 2873 forma-

237 2898 309 2922 tum
333 2887 375 2921 de
394 2898 528 2930 peccato
550 2887 700 2922 dolorem
725 2890 757 2922 in
773 2889 895 2932 peccati
919 2889 1006 2923 istius
1019 2889 1117 2933 priori

237 2937 414 2981 cupiditate
428 2936 588 2980 persistere
601 2962 614 2978 ‚
633 2939 722 2972 aliud
734 2951 787 2982 per
798 2938 957 2982 ejusmodi
969 2940 1119 2973 dolorem

241 2989 274 3022 δ(
297 2998 422 3021 metum
445 2989 609 3021 committi
623 2999 745 3022 novum
760 3000 945 3032 peccatum.
974 2990 1120 3023 Primum

240 3038 308 3071 dixi
323 3062 332 3075 ,
345 3038 444 3070 fretus
458 3037 659 3072 authoritate
678 3041 707 3073 S.
718 3040 854 3082 Joannis
865 3039 1018 3083 Apostoli
1033 3053 1045 3073 :
1057 3041 1122 3082 ,Qut

245 3099 302 3120 non
313 3088 414 3131 diligit
429 3111 440 3126 ,
465 3095 565 3121 manet
579 3093 612 3120 in
625 3100 722 3130 pravae
733 3090 793 3123 suae
804 3088 990 3131 cupiditatis
1004 3114 1014 3129 ‚
1042 3089 1121 3123 nati-

56 2320 129 2357 For.
157 2331 213 2357 11.

242 3149 307 3181 que
318 3148 359 3169 ex
375 3139 439 3179 ipsa
451 3148 557 3171 reatus
569 3148 678 3171 morte.
707 3139 823 3173 Homo
839 3140 1036 3182 cupiditates
1053 3140 1122 3172 suas

242 3189 377 3230 sequens
393 3187 426 3220 δι
443 3188 624 3231 adimplens
650 3200 704 3231 per
727 3189 886 3223 divinitus
900 3190 1058 3223 incussum
1070 3199 1123 3232 ge-

243 3236 355 3270 hennae
366 3246 489 3269 metum
499 3239 716 3280 compescitur
727 3240 759 3273 ὅ(
773 3249 942 3273 revocatur
955 3240 996 3274 ab
1010 3240 1121 3272 iisdem

242 3286 458 3329 adimplendis
469 3287 706 3329 &imperandis
715 3315 725 3329 ‚
737 3289 882 3332 adeoque
896 3290 1025 3323 tanturn
1036 3289 1122 3322 abest

243 3347 368 3370 novum
387 3335 427 3368 ab
450 3336 508 3368 illo
531 3338 694 3372 committi
711 3351 899 3381 peccatum,
926 3351 959 3374 ut
984 3341 1000 3372 ὲ
1023 3340 1123 3372 multa

243 3389 365 3430 peccati
387 3386 431 3418 sui
458 3386 609 3427 portione
632 3390 773 3422 omnino
788 3390 954 3424 liberetur.
986 3388 1122 3423 Nihilo-

243 3435 351 3472 miuus
374 3441 504 3469 inaniter
523 3443 618 3479 putat
638 3438 817 3483 vitioremse
829 3441 879 3483 effe
890 3440 989 3475 totius
997 3444 1127 3483 peccati,

1152 947 1198 980 fin
1212 970 1224 986 ‚
1248 945 1283 979 δε
1294 945 1463 980 concludit
1477 958 1485 979 ε
1514 952 1603 988 Atqui
1615 952 1738 979 attritus
1749 957 1787 979 ex
1798 956 1874 979 metu
1882 944 2027 989 gebenna·

1153 997 1224 1030 vere
1239 995 1279 1039 fit
1290 994 1436 1037 hypocrita
1457 995 1509 1029 boc
1525 996 1661 1029 Martini
1677 994 1812 1030 Lutheri
1830 995 1916 1039 sensu
1935 997 2030 1036 juxta

1158 1050 1192 1080 P.
1216 1050 1335 1087 Lupum
1355 1058 1364 1088 3
1391 1048 1456 1089 ergo
1472 1048 1574 1084 juxta
1593 1047 1716 1079 eundem
1738 1046 1815 1079 celle*
1836 1048 1870 1079 (ν
1892 1044 2031 1079 catholice

1157 1097 1255 1138 quoad
1262 1095 1312 1128 boc
1318 1094 1406 1138 sensit
1417 1095 1564 1129 Lutherus
1576 1120 1587 1136 ‚
1599 1096 1721 1137 necfuit
1730 1094 1860 1138 censurae
1869 1096 2011 1129 obnoxius
2020 1117 2029 1126 .

1159 1146 1357 1190 Respondeo
1370 1146 1576 1181 inferendum
1588 1146 1683 1180 fuisse
1696 1158 1704 1177 :
1732 1148 1815 1190 Ergo
1823 1148 1921 1188 prave
1929 1144 2031 1189 senfit,

1153 1196 1275 1239 fuitque
1283 1195 1422 1228 obnoxius
1434 1195 1564 1238 censurae
1576 1221 1583 1228 .
1613 1197 1693 1229 Duo
1706 1194 1760 1229 hic
1773 1197 2032 1230 convolvuntur.

1161 1246 1306 1279 Primum
1318 1245 1361 1278 est
1373 1270 1384 1285 ‚
1411 1247 1498 1289 quod
1512 1248 1591 1280 fasta
1605 1257 1659 1289 per
1671 1246 1775 1279 solum
1800 1246 1944 1280 servilem
1970 1256 2035 1278 me·

1163 1306 1234 1329 tum
1255 1296 1341 1329 bona
1363 1306 1459 1338 opera
1481 1296 1542 1329 sint
1564 1307 1630 1329 non
1649 1295 1835 1329 Christiana
1857 1307 1897 1328 ex
1909 1295 2039 1328 Divinae

1165 1344 1336 1379 infusionis
1347 1344 1438 1378 dono
1449 1369 1460 1385 ,
1486 1345 1538 1379 sed
1549 1345 1677 1389 judaica
1690 1356 1731 1378 ex
1744 1345 1815 1388 lege
1827 1345 1967 1386 justitia,
1985 1343 2040 1375 Al-

1166 1405 1270 1429 terum
1283 1419 1294 1436 ‚
1320 1394 1410 1439 quod
1424 1394 1625 1437 talisjustitia
1638 1392 1675 1428 fit
1700 1395 1821 1436 semper
1834 1393 2011 1437 hypocrisis
2031 1417 2042 1432 ‚

1168 1445 1330 1488 faciatque
1353 1443 1577 1487 hypocritam.
1607 1443 1755 1477 Primum
1776 1442 1919 1477 omnin&
1940 1443 2009 1476 dixi
2032 1455 2042 1475 ε

1171 1494 1226 1527 Est
1249 1494 1340 1529 enim
1363 1494 1533 1528 immobile
1553 1493 1629 1528 fidei
1644 1492 1835 1527 Christianae
1855 1493 2048 1527 fundamen-

1148 1572 1150 1574 .
1169 1555 1256 1578 tum.
1286 1543 1329 1577 Et
1349 1553 1478 1586 propter
1499 1543 1566 1586 ejus
1578 1543 1796 1577 adsertionem
1810 1554 1869 1577 nec
1880 1544 2050 1577 damnatus

1171 1593 1215 1627 est
1228 1590 1391 1627 Lutherus
1404 1616 1414 1632 ,
1442 1587 1501 1626 n‘ec
1514 1594 1623 1636 potuit
1634 1592 1780 1627 damnari
1797 1617 1804 1624 .
1831 1593 1884 1626 De
1910 1591 2053 1626 secundo

1173 1642 1282 1676 scribit
1299 1644 1331 1675 in
1344 1637 1442 1675 sancti
1456 1642 1602 1686 Prosperi
1616 1643 1784 1676 sententiis
1798 1643 1923 1677 sanstus
1938 1641 2055 1687 Augu-

1170 1693 1277 1733 stinus
1289 1705 1300 1726 .·
1326 1694 1345 1724 5
1349 1693 1479 1725 imulata
1492 1696 1656 1726 innocentia
1668 1703 1724 1724 non
1734 1692 1772 1732 est
1794 1699 1962 1726 innocentia
1975 1717 1983 1725 .
2010 1695 2056 1724 51-

1173 1741 1287 1787 mulata
1297 1747 1425 1782 aequitas
1439 1753 1496 1773 non
1509 1742 1547 1782 est
1558 1747 1688 1783 aequitas
1701 1766 1710 1781 ,
1733 1740 1791 1784 sed
1805 1739 1978 1784 duplicatur
1985 1750 2055 1784 pec-

1173 1788 1271 1826 catum
1283 1814 1293 1830 ‚
1319 1797 1351 1822 in
1362 1802 1419 1832 quo
1432 1790 1470 1829 est
1482 1796 1625 1833 iniquitas
1638 1793 1671 1824 τ’]
1677 1790 1825 1831 fimulatio
1837 1817 1844 1824 .
1874 1793 1916 1826 Et
1928 1792 1960 1825 in
1974 1803 2055 1836 opu-

1175 1840 1265 1874 sculo
1286 1840 1327 1872 de
1353 1839 1506 1874 fructibus
1518 1843 1623 1875 carnis
1636 1841 1670 1874 ὃς
1687 1841 1812 1886 spiritus
1826 1842 1932 1887 Hugo
1944 1841 2058 1875 Victo·

1175 1891 1263 1924 rinus
1277 1901 1284 1921 :
1312 1889 1463 1932 Hypocrifis
1475 1890 1511 1930 est
1523 1897 1674 1924 virtutum
1682 1889 1864 1931 fimulatione
1874 1891 2000 1935 clausum
2011 1897 2060 1925 vi-

1176 1942 1251 1973 tium
1262 1950 1300 1972 ex
1313 1949 1379 1973 arte
1389 1941 1520 1982 palliare
1530 1965 1537 1972 .
1564 1941 1620 1975 Ab
1631 1952 1667 1975 ea
1677 1942 1743 1975 fieri
1762 1942 1802 1975 de
1814 1942 1978 1977 medicina
1992 1941 2018 1975 la
2025 1954 2060 1976 n-

1176 2001 1310 2034 guorem
1323 2014 1334 2029 ,
1360 1991 1393 2024 ὅ(
1419 1990 1572 2024 virtutem
1596 1992 1676 2025 verti
1701 1990 1736 2024 in
1760 1991 1877 2025 vitium
1901 1991 2011 2026 scribit
2025 1995 2061 2025 in

1177 2039 1274 2073 tertio
1298 2039 1380 2073 libro
1401 2039 1694 2075 Miscellaneorum
1706 2066 1713 2072 .
1745 2041 1891 2077 Secunda
1921 2042 2021 2087 igitur
2041 2041 2062 2075 ὴ

1178 2099 1229 2123 me
1240 2089 1357 2123 diserte
1367 2090 1520 2124 damnata
1540 2090 1737 2134 propositio,
1766 2091 1856 2135 quod
1880 2091 2061 2137 hypocrisis

1179 2138 1240 2172 esse
1260 2139 1374 2172 debeat
1385 2139 1513 2180 justitia:
1527 2139 1738 2174 histrionatus
1754 2142 1787 2175 δε
1801 2142 1971 2176 fimuiandi
2000 2141 2065 2174 stu-

1179 2188 1270 2222 dium
1283 2211 1295 2227 ,
1320 2187 1365 2221 est
1379 2189 1508 2231 penitus
1519 2190 1593 2224 falsa
1606 2215 1616 2230 ‚
1642 2191 1740 2234 ipsam
1751 2191 1880 2233 peffime
1892 2191 2065 2226 blateravit

1181 2237 1367 2294 Lmherus,
1392 2238 1522 2283 ejusque
1543 2241 1653 2275 caussa
1676 2242 1786 2284 potuit
1805 2241 1947 2276 omnino
1973 2242 2064 2275 dam·

1182 2299 1268 2322 narr.

2076 1712 2115 1748 C
2140 1725 2197 1761 19·

1405 2340 1499 2372 sexta
1527 2338 1676 2382 Accusatio
1696 2342 1822 2376 diluitur
1834 2366 1842 2375 .

1278 2437 1377 2471 Enuo*
1389 2436 1570 2473 Accusator
1583 2454 1595 2472 .·
1621 2443 1673 2472 Ex
1685 2439 1789 2483 iisdem
1795 2446 1957 2483 principii!
1968 2442 2064 2486 sequi-
2085 2451 2156 2486 F01,
2185 2457 2238 2500 53,

1301 2498 1368 2525 tur,
1394 2490 1474 2529 quod
1492 2494 1544 2530 qut'
1567 2496 1725 2530 atteritur,
1751 2492 1940 2531 constituatur
1968 2501 2065 2538 magis

1177 2546 1327 2578 peccator.
1356 2539 1451 2569 Addit
1473 2544 1552 2570 enim
1576 2540 1727 2573 veteribus
1748 2549 1898 2582 peccatum
1919 2555 2027 2577 novum
2054 2570 2065 2585 ‚

1180 2589 1262 2630 quod
1284 2587 1320 2629 el}
1327 2585 1494 2628 simpliciter
1509 2589 1542 2621 6*
1552 2592 1672 2630 proprie
1683 2591 1815 2629 constitui
1828 2598 1925 2636 magis
1933 2602 2064 2634 peccato·

1179 2649 1241 2670 rem
1253 2662 1260 2669 .
1288 2640 1332 2669 Et
1343 2643 1375 2669 in
1386 2635 1436 2669 boc
1441 2636 1529 2679 sensu
1536 2640 1639 2680 paffim
1649 2642 1779 2681 loquitur
1793 2643 1943 2675 Lutberus
1956 2668 1966 2684 ,
1993 2647 2064 2678 dum

1181 2688 1253 2719 dicit
1259 2686 1327 2729 fieri
1340 2692 1620 2730 magispeccatorem
1633 2714 1640 2721 .
1664 2690 1743 2733 Ejus
1758 2692 1850 2726 verba
1863 2693 1995 2728 adducit
2008 2719 2017 2734 ,
2029 2696 2064 2728 &

1181 2737 1401 2780 prosequitur:
1429 2739 1559 2771 Dixerat
1575 2738 1725 2772 Lutberus
1744 2747 1885 2782 peccari,
1914 2744 2013 2775 dume?
2027 2751 2060 2777 ti·
2081 2742 2235 2789 Fol.109.

1181 2798 1260 2820 more
1276 2786 1429 2820 inchoatur
1444 2789 1618 2828 penitentia
1630 2813 1640 2829 ,
1651 2792 1729 2831 quod
1739 2789 1835 2832 ipsum
1847 2792 1944 2833 affierit
1958 2797 1992 2825 P.
2006 2798 2065 2826 Lu—

1176 2846 1236 2878 pus
1251 2861 1258 2868 .
1280 2839 1319 2870 Id
1326 2838 1457 2879 explicat
1469 2841 1498 2870 E
1500 2841 1580 2871 cletus
1587 2847 1640 2880 per
1645 2839 1747 2880 facere
1759 2846 1855 2883 magis
1866 2850 2059 2884 peccatorem,

1181 2888 1256 2920 adeo
1279 2889 1364 2930 apud
1374 2885 1450 2930 ipsos
1461 2887 1522 2920 baec
1532 2890 1589 2921 duo
1601 2891 1677 2920 idem
1685 2888 1894 2932 stjgnificabant
1907 2916 1916 2924 .
1942 2893 1984 2926 Et
1997 2905 2064 2927 rur·

1180 2936 1252 2970 sum
1265 2951 1278 2970 t
1304 2941 1412 2970 Etiam
1428 2940 1525 2978 juxta
1550 2942 1582 2971 P.
1598 2942 1715 2980 Lupum
1729 2946 1780 2981 qui
1793 2942 1870 2973 dolet
1880 2952 1917 2974 ex
1938 2949 2040 2977 timore
2051 2969 2062 2985 ‚

1181 2987 1359 3027 constituitur
1383 2986 1443 3030 osor
1456 2991 1511 3020 Dei
1523 3013 1530 3021 .
1559 2989 1765 3030 Respondeat
1779 3001 1837 3033 pro
1855 3002 1908 3025 me
1922 2992 2064 3035 Joannes

1182 3038 1326 3071 Driedo:
1354 3036 1498 3080 Quisquis
1517 3049 1555 3071 ex
1577 3045 1783 3084 recogitatione
1796 3040 1944 3084 gehennae
1964 3049 2041 3086 ignis
2054 3067 2064 3082 ‚

1182 3097 1235 3120 aut
1267 3092 1462 3121 recordatione
1490 3091 1599 3121 Divini
1611 3092 1644 3132 J
1649 3091 1738 3122 adicit
1760 3092 1901 3134 concuffus
1925 3116 1936 3131 ,
1963 3099 2065 3125 timore

1182 3142 1284 3179 incipit
1306 3140 1371 3170 odio
1386 3137 1494 3170 habere
1512 3146 1636 3178 peccata
1648 3162 1660 3179 ,
1680 3138 1809 3182 suasque
1826 3140 1962 3181 fraenare
1971 3153 2063 3175 concu-

1181 3187 1342 3230 piscentias
1355 3212 1364 3227 ‚
1392 3190 1427 3221 (rt
1450 3186 1605 3221 abhorrere
1628 3201 1661 3221 ac
1674 3189 1784 3233 fugere
1804 3193 1953 3223 adulteria
1974 3216 1984 3230 ,
2006 3192 2064 3230 stu·

1183 3245 1243 3278 pra
1267 3263 1278 3279 ,
1304 3240 1337 3271 (⁴2⁶
1360 3239 1395 3270 id
1410 3238 1502 3280 genui
1522 3239 1604 3278 alia,
1632 3250 1691 3272 non
1706 3248 1808 3281 peccat
1829 3246 1863 3273 in
1888 3253 1919 3274 eo
1938 3243 2017 3282 quod
2023 3240 2064 3281 fic

1186 3293 1292 3328 timet,
1319 3297 1370 3320 aut
1387 3285 1452 3339 sese
1478 3294 1603 3322 continet
1621 3300 1753 3323 coercens
1769 3288 1826 3332 sua
1847 3291 2005 3323 membraa
2017 3302 2065 3324 ne·

1182 3337 1278 3379 fariis
1307 3338 1439 3379 operibus
1463 3361 1473 3376 ,
1494 3335 1533 3378 fic
1557 3344 1659 3373 timore
1682 3341 1792 3373 Divini
1805 3344 1838 3384 J
1841 3342 1928 3371 udicii
1953 3338 2067 3382 coneus:-

1181 3386 1273 3430 sus.
1313 3391 1386 3419 Dixi
1416 3387 1565 3430 signanter
1598 3403 1609 3422 :
1658 3389 1783 3424 NON
1823 3388 2068 3424 PECCAT

1187 3437 1250 3472 ΙΝ
1297 3438 1372 3472 EO
1407 3437 1588 3485 QUOD
1634 3439 1726 3474 SIC
1762 3438 1899 3473 SESE
1936 3439 2070 3474 CON-
