2366 3736
575 111 869 157 RERUM
939 127 1025 157 ET
1095 114 1602 161 VERBORUM.

192 196 362 231 Dubium·
384 195 423 229 In
446 191 773 231 d‘ubiis'clementior
810 197 1072 240 sententia-prae-

239 247 338 279 fertur
360 247 530 287 severiori,
553 247 574 279 fi
597 248 703 280 forum
721 256 895 280 externum
921 248 1037 289 spestes
1062 273 1073 288 ,

241 308 308 330 non
332 307 408 330 vero
428 297 450 328 si
471 298 635 330 internum
661 321 668 328 .
972 296 1029 332 26.
1051 309 1074 333 2

191 346 340 382 Dubium
371 346 546 389 prasticum
578 350 631 380 seu
655 346 893 380 Academicum
915 345 960 379 est
985 345 1074 389 quod

241 395 394 439 relinquit
414 406 603 438 operantem
627 397 662 430 in
674 396 784 431 bivio.
808 396 912 429 Tunc
923 395 1074 439 eligenda

238 445 286 480 est
308 457 378 490 pars
402 445 521 480 tutior.
971 456 1025 491 27.
1052 457 1075 481 2

615 546 645 578 E

275 641 402 688 Piscopi
424 646 480 690 qui
504 645 653 691 Regibus
667 655 801 680 utuntur
816 670 826 684 ‚
852 657 887 682 ut
901 646 1019 680 horum
1033 657 1076 679 ar-

300 694 361 727 mis
378 697 457 729 fides
482 707 676 741 propagetur
699 695 875 731 Catholica
901 723 911 738 ,
937 695 1079 741 graviter

246 746 501 791 perstringendi.
954 754 1029 781 100·
1062 757 1074 781 1

199 796 295 830 Error
315 796 403 829 aliud
425 796 493 835 est,
520 796 608 830 aliud
630 796 836 841 ignorantia;
863 796 972 828 omnis
993 806 1079 830 error

247 847 292 880 est
316 847 412 879 nobis
430 846 546 879 vitium
559 871 569 886 ,
597 850 679 880 varia
692 846 878 891 ignorantia
890 845 934 878 est
947 845 1077 888 simplex

250 896 464 939 imperfectio.
999 907 1030 930 2-
1064 906 1075 930 ι

199 946 408 981 Eucharistiae
441 947 622 989 antiquitus
654 946 743 979 varia
776 945 912 979 nomina
934 945 966 978 δε
987 955 1079 977 enco-

249 997 333 1031 mia.
364 1006 441 1044 371.
473 1007 498 1030 1.
519 995 697 1029 Gentilitas
718 995 803 1028 varia
824 993 932 1028 deilla
945 996 1080 1036 suspica-

250 1057 283 1080 ta
305 1046 371 1085 est,
397 1046 474 1089 quia
498 1045 685 1090 Religionis
706 1055 772 1078 erat
793 1045 882 1078 illam
895 1045 1058 1078 occultare
1074 1046 1088 1078 ‚²

250 1097 323 1130 ibid.
336 1105 366 1129 2.
381 1096 483 1129 Erant
497 1096 647 1129 Gentiles
660 1095 773 1128 curiosi
787 1104 822 1128 ut
836 1096 1080 1138 cognoscerent.

250 1145 313 1179 Sed
332 1145 445 1181 frustra
460 1169 468 1175 .
509 1145 598 1178 Nam
626 1145 724 1179 etiam
749 1154 884 1178 mortem
907 1144 1081 1187 oppetebat

223 1200 225 1202 ’
251 1195 478 1234 Christianus,
505 1206 545 1228 ne
570 1196 737 1238 proderet3
763 1193 1009 1228 &Eucharistia
1024 1196 1082 1227 mi-

251 1245 399 1279 raculose
427 1245 532 1278 ablata
565 1247 668 1279 fuerat
687 1269 694 1276 .
722 1244 793 1276 ibid.
822 1246 875 1278 Sic
901 1254 1024 1277 mutata
1048 1244 1081 1277 in

253 1295 418 1329 flammam
439 1294 484 1327 est
508 1306 608 1338 aqua.
638 1294 810 1329 Extinetus
820 1294 864 1327 est
878 1293 1083 1328 Praesuldum

251 1344 409 1380 curiosius·
427 1344 609 1388 inquisivit.
960 1354 1037 1390 372.
1068 1355 1080 1378 1

203 1395 408 1431 Eucharistia
430 1395 465 1427 in
487 1395 651 1438 primitiva
675 1394 818 1429 Ecclesia
846 1394 1034 1427 Gentilibus
1054 1394 1084 1426 δι

253 1446 367 1491 Judaeis
386 1444 556 1478 absconsa.
588 1456 666 1492 337.
695 1457 723 1480 1.
749 1443 829 1477 Ideo
858 1444 890 1477 in
911 1443 1084 1477 Proceffio-

252 1496 350 1531 nibus
370 1505 437 1528 non
458 1495 758 1528 circumferebatur.
784 1493 855 1526 ibid.
875 1492 957 1536 seqq.
977 1493 1084 1527 Etiam

181 1572 183 1574 -
253 1544 479 1590 paenitentibus
502 1545 780 1579 abscondebatur.
979 1542 1051 1575 ibid.
1065 1554 1086 1577 2

203 1596 256 1631 Ex
284 1607 322 1629 ea
339 1594 606 1640 sanguisexivit,
632 1594 709 1627 dum
727 1592 950 1638 pungebatur.
980 1602 1083 1639 3741

254 1647 310 1681 Ad
332 1656 402 1679 eam
427 1645 602 1679 neceffariae
614 1645 856 1689 praeparationes
869 1666 880 1682 ‚
906 1643 939 1675 δι
957 1642 1068 1684 quales
1081 1666 1088 1673 .

254 1695 337 1728 ibid(
352 1697 385 1728 ὁ·
406 1693 492 1736 seqq.

203 1743 409 1779 Eucharissia
425 1752 480 1786 per
491 1740 643 1776 accidens
653 1740 781 1775 confert
792 1740 929 1784 gratiam
942 1739 1086 1782 primam.

255 1804 300 1828 22
328 1817 333 1823 .
362 1801 393 1824 2.

204 1803 409 1878 Eucha9ristia
432 1839 542 1884 primis
573 1840 687 1874 seculis
711 1838 839 1884 publice
860 1849 926 1873 nou
949 1847 1089 1881 expone-

255 1893 371 1930 batur,
399 1901 526 1933 propter
547 1890 698 1925 Gentiles
723 1891 756 1924 ἀ
779 1889 921 1932 Judaeos.
949 1888 1028 1935 360-
1058 1897 1088 1922 2-

253 1940 488 1986 Exponebatur
520 1950 628 1974 tamen
653 1938 831 1982 aliquando
854 1938 1052 1972 Christianis
1080 1962 1086 1968 .

254 1992 335 2041 361·
366 2001 392 2026 1-
419 1989 620 2033 Neophitis.
646 1989 718 2022 ibid.
743 1988 954 2024 Omnibusin
971 1986 1090 2021 hebdo-

253 2042 349 2075 mada
371 2040 491 2087 sanila.
794 2039 873 2085 360.
897 2050 929 2075 2·
949 2039 990 2072 1&
1007 2035 1089 2080 seqq.

204 2090 415 2127 Eucharistiae
438 2090 596 2132 expositio
609 2090 706 2133 quam
720 2090 869 2129 frequens
879 2089 941 2121 esse
951 2087 1068 2121 debeat
1082 2110 1089 2118 .

259 2142 337 2191 362.
365 2153 395 2178 2.
424 2138 609 2187 Qomodd
633 2164 641 2172 .
669 2139 748 2187 363.
782 2150 811 2174 1.
839 2138 927 2186 Qis
955 2141 1090 2171 ornatus

258 2192 405 2231 Altaris,
430 2193 487 2224 (σε.
913 2187 985 2220 ibid.
1009 2185 1089 2229 seqq.

204 2240 416 2286 Eucharistiae
438 2240 567 2283 publica
579 2240 743 2283 expofitio
757 2254 772 2278 ‚⁷
788 2239 828 2272 in
842 2238 946 2273 Sacris
960 2237 1091 2271 Proces-

254 2291 421 2336 manibus,
446 2291 545 2324 etiam
568 2301 644 2324 cum
669 2290 860 2324 Sanctorum
880 2287 1090 2331 Reliquiis&

254 2341 481 2384 Imaginibus,
807 2347 885 2385 337·
915 2348 942 2372 1-
968 2335 1090 2380 &seqq

203 2389 446 2426 Eucharistiam
462 2388 586 2421 vexillo
608 2388 742 2422 militari
754 2387 883 2431 imponi
907 2386 995 2428 Juffit
1005 2387 1091 2420 Tur-

254 2439 358 2472 ssinus
391 2436 687 2481 Archi-Episcopus
719 2436 930 2471 Eboracenfis
952 2461 963 2476 ,

254 2500 359 2533 gnum
382 2481 471 2532 quod
494 2486 644 2521 Christus
655 2488 692 2522 fit
704 2497 795 2520 verus
809 2485 977 2527 Duxjusti
991 2484 1068 2520 belli
1083 2509 1090 2518 .

257 2548 335 2574 110.
364 2547 392 2572 1.

205 2586 410 2622 Eucharistia
433 2586 540 2621 Laicis
566 2586 659 2621 domi
683 2583 925 2620 concedebatur
945 2583 1004 2618 sub
1027 2585 1090 2628 spe-

253 2639 305 2672 cie
327 2637 421 2681 panis
441 2636 586 2670 tantum.
613 2640 692 2682 362.
707 2647 738 2672 2.
761 2635 790 2668 S.
801 2634 973 2678 Gorgonia
985 2645 1026 2668 ex
1038 2635 1092 2668 di-

253 2688 460 2730 spensatione
485 2682 600 2720 habuit
612 2686 711 2720 etiam
724 2683 780 2719 sub
793 2685 895 2727 specie
909 2684 998 2717 vini.
1017 2684 1090 2717 ibid.

253 2736 363 2775 Variae
388 2738 526 2771 visiones
551 2737 636 2770 circa
657 2746 729 2770 eam
751 2734 832 2768 dum
852 2734 959 2768 Sancti
982 2734 1090 2768 Patres

252 2787 501 2822 consecrabant.
532 2797 608 2835 375.
626 2797 652 2821 1.
681 2786 786 2829 Lapsa
808 2795 937 2829 gemma
951 2784 984 2818 iu
999 2784 1091 2818 Cali-

252 2850 323 2872 cem
345 2838 394 2871 de'
407 2837 493 2871 coelo
508 2860 516 2868 .
1017 2834 1088 2867 ibid.

205 2887 409 2922 Eucharistia
429 2886 537 2920 avolat
557 2884 683 2920 lumine
703 2884 936 2920 circumcin'sta
952 2909 959 2917 .
974 2895 1052 2932 373.
1070 2897 1088 2921 2

251 2940 395 2972 lterum.
427 2947 502 2984 374.
534 2947 563 2972 1.

251 2989 345 3022 Ante
365 2987 645 3022 consecrationem
669 2995 799 3030 apparet
828 2995 904 3028 puer
924 2994 1001 3018 ante
1025 2983 1090 3018 Ca-

253 3037 349 3070 licem
363 3060 372 3069 .
975 3034 1054 3079 376.
1073 3046 1084 3069 1

204 3084 580 3131 Eucharistiaemagnum
594 3085 703 3119 lumen
719 3085 950 3130 circumfulget
963 3109 970 3116 .
986 3085 1089 3131 3672

204 3135 447 3171 Eucharistiarn
471 3137 554 3170 male
578 3138 742 3170 sumentes
759 3137 884 3169 facinus
907 3144 1088 3179 perpetrant

255 3185 492 3220 crucifixorum
506 3187 647 3220 Domini
671 3210 681 3226 ,
708 3186 739 3219 &
756 3185 858 3228 Judae.
962 3195 1038 3232 372.
1068 3197 1089 3221 2

204 3234 444 3270 Eucharistiam
467 3237 562 3269 multi
573 3237 794 3270 distinxerunt
805 3237 823 3270 a
837 3246 919 3279 pane
931 3247 999 3269 non
1014 3246 1090 3267 con-

255 3287 398 3324 secrato,
424 3296 465 3318 ex
487 3284 707 3320 Charismate.
959 3293 1039 3331 3752
1069 3296 1090 3320 2

205 3335 409 3372 Eucharistia
433 3342 556 3369 mutata
592 3335 626 3368 in
650 3336 791 3379 lapidem
816 3361 824 3368 .
853 3345 927 3383 372.
955 3335 992 3367 ln
1018 3345 1089 3377 pue·

252 3385 358 3421 tulum
384 3409 390 3416 .
424 3395 500 3431 372.
529 3395 558 3420 2.
577 3386 611 3418 er
639 3383 718 3428 seqq.
741 3386 785 3420 Et
809 3386 843 3420 in
868 3385 1057 3429 sanguinem
1082 3409 1088 3416 .

304 3434 495 3477 Christ.Lup1'
506 3438 604 3475 Opera
614 3437 694 3469 Tom.
707 3438 764 3469 XI.

1001 2435 1035 2468 in
1057 2436 1093 2467 si-

1878 136 1970 177 399

1186 207 1260 245 373.
1283 210 1310 234 1.
1332 197 1456 232 Rursus
1476 198 1509 232 in
1522 198 1914 243 carnem&sanguinem.
1933 204 2004 235 ibid.

1186 247 1307 281 lterum
1318 272 1325 279 .
1355 248 1427 280 ibid.
1442 248 1580 283 Tertio.
1608 249 1679 282 ibid.
1694 249 1730 282 In
1745 251 1920 285 infantem.
1934 252 2005 285 ibid.

1187 296 1223 330 In
1235 297 1410 331 carbonem
1423 296 1646 333 flammantem
1657 322 1664 330 .
1685 299 1758 333 ibid.
1772 299 1890 332 Iterum
1902 301 1933 333 in
1947 312 2010 334 car-

1189 357 1284 428 nbedm.
1312 347 1390 381 ibid.
1407 348 1530 382 Denuo
1552 350 1585 383 in
1598 360 1744 383 carnem.
1772 348 1843 382 ibid.
1869 350 2006 384 lterum.

1188 402 1197 427 ι’
1220 402 1228 428 i
1253 422 1259 428 .

1146 444 1383 481 Eucharistiam
1407 445 1654 483 Catholicorum
1665 448 1742 482 dum
1755 448 1937 483 Donatislae
1954 460 2012 484 ca-

1192 494 1286 528 nibus
1304 496 1484 539 objiciunt,
1509 498 1527 531 a
1540 498 1673 532 canibus
1685 499 1881 532 lacerantur.
1906 507 2013 546 3732,

1142 543 1344 579 Eucharistia
1365 546 1398 579 in
1421 548 1539 581 ferrum
1561 557 1702 582 mutatur
1723 548 1756 581 in
1785 548 1953 582 stomacho
1966 548 2013 582 in-

1190 595 1299 639 digni.
1890 607 1964 644 374·
1992 609 2015 634 2

1190 646 1272 678 Item
1293 645 1328 678 in
1340 656 1488 680 carnem.
1886 659 1964 695 374·
1996 659 2015 683 1

1190 695 1271 728 Item
1294 696 1327 728 in
1352 707 1478 729 carnem
1500 697 1533 730 &
1553 695 1760 739 sanguinem.
1887 696 1965 742 376.
1997 707 2014 732 1

1191 744 1355 788 lterumin
1368 746 1580 789 sanguinem.
1608 746 1678 779 ibid.
1707 745 1845 779 lterum.
1874 745 2018 779 ibid.1te-

1191 805 1342 837 rumque.
1370 795 1441 827 ibid.
1469 796 1607 829 Rursus.
1943 794 2015 827 ibid.

1145 842 1344 879 Eucharistia
1367 846 1399 877 in
1422 856 1551 879 carnem
1577 846 1610 879 &
1633 845 1841 891 sanguinem.
1893 844 1968 892 376.
1996 853 2019 877 2

1193 894 1331 928 lterum.
1358 895 1430 927 ibid.
1459 896 1539 929 Haec
1557 896 1671 929 omnia
1693 895 1794 930 ferme
1808 895 1841 928 in
1857 893 2025 928 occidem

1195 955 1227 978 te
1249 956 1262 986 '⁷
1288 944 1363 987 quia
1380 945 1417 977 “in
1444 946 1582 979 Oriente
1604 956 1725 979 errores
1746 946 1829 979 circa
1854 945 2020 979 veritatem

1198 991 1411 1027 Eucharistiae.
1431 1005 1499 1027 non
1528 995 1571 1028 ita
1590 994 1764 1039 viguerunt
1778 1020 1785 1027 .
1894 1004 1971 1041 377.
2001 1001 2017 1026 1

1147 1044 1320 1078 Exorcislae
1338 1044 1421 1077 olim
1443 1044 1476 1077 in
1491 1045 1654 1086 primitiva
1669 1045 1806 1079 Ecclesia
1819 1055 1910 1079 erant
1923 1045 2023 1077 etiarn

1194 1093 1285 1128 Laici
1309 1094 1538 1137 cujuscumque
1564 1094 1787 1128 conditionis.
1893 1101 1976 1129 2102.
2005 1096 2033 1128 1'

1148 1144 1324 1177 Exhibitio
1338 1144 1514 1177 Canonum
1528 1145 1611 1178 circa
1622 1144 1671 1187 jus
1687 1144 1905 1189 Regularium
1917 1142 2026 1187 quoad

1196 1193 1459 1239 praedicationem
1483 1194 1585 1228 Verbi
1612 1194 1696 1229 Dei.
1957 1199 2035 1240 279'

1456 1295 1604 1350 μ Ε

1231 1393 1351 1435 Eoffare
1384 1393 1506 1439 Anglis
1532 1393 1619 1428 idem
1647 1394 1735 1438 quod
1764 1395 1899 1429 feudum
1926 1394 2001 1428 dare
2025 1399 2036 1427 .'

1269 1443 1322 1481 80.
1349 1453 1381 1477 2.
1465 1459 1468 1463 >

1150 1495 1243 1529 Fidei
1266 1494 1422 1528 articulus
1446 1493 1644 1537 pedetentim
1663 1495 1766 1538 potest
1789 1493 2027 1539 degenerarein

1200 1545 1391 1577 sententiam
1427 1544 1629 1585 probabilem
1660 1568 1666 1575 .
1695 1554 1728 1589 3.
1757 1555 1783 1578 1.
1812 1557 1843 1581 2.
1873 1544 2034 1578 Probatur

1148 1614 1150 1619 ι
1200 1591 1356 1636 exemplis
1379 1616 1386 1623 .
1413 1592 1488 1624 ibid-
1511 1592 1543 1623 S.
1570 1591 1778 1633 Cypria-rium
1801 1593 1884 1626 inter
1909 1595 1941 1626 δε
1962 1593 2036 1626 Ste-

1200 1642 1346 1685 phanum
1369 1640 1482 1678 causa,
1503 1640 1531 1681 a
1547 1639 1700 1672 Patri-bus
1714 1640 2035 1674 multisscensebatur

1201 1688 1435 1731 disciplinaris,
1460 1688 1493 1720 δε
1515 1686 1591 1720 ideo
1614 1698 1673 1730 pro
1696 1688 1851 1730 yarietate
1865 1689 2039 1733 Episcopa-

1146 1769 1148 1772 ,
1201 1750 1295 1773 tuum
1321 1736 1409 1772 varie
1432 1736 1666 1780 prasticabilis.
1695 1748 1722 1784 3.
1751 1748 1786 1772 2.
1812 1738 1856 1772 Et
1879 1738 1954 1772 ideo
1971 1740 2036 1782 Cy.

1201 1789 1332 1832 prianus
1357 1798 1425 1821 non
1446 1787 1593 1830 culpavit
1616 1786 1815 1830 Stephanum
1832 1790 1907 1831 quia
1920 1788 2037 1823 Romae

1201 1851 1270 1872 non
1294 1836 1537 1880 rebaptizabat,
1563 1835 1620 1870 sed
1644 1837 1720 1878 quia
1734 1836 1970 1882 rebaptizantes
1982 1840 2040 1873 ali-

1202 1889 1236 1923 bi
1258 1889 1436 1921 minaretur
1459 1885 1677 1930 proscribere.
1962 1889 2038 1922 ibid.

1204 1939 1309 1972 Causa
1328 1938 1371 1970 est
1397 1937 1543 1980 duplex,
1565 1937 1667 1970 nimia
1689 1935 1881 1981 ignorantia
1904 1938 2037 1981 Episco-

1203 2000 1342 2032 porum‚
1370 1987 1404 2021 ὅ(
1427 1987 1532 2021 nimia
1561 1985 1774 2021 subtilizandi
1798 1989 1934 2023 audacia
1961 1989 2042 2023 Do*

1205 2041 1347 2072 storum.
1595 2064 1597 2067 .
1955 2047 1993 2084 43
2016 2051 2040 2075 2

1156 2090 1272 2124 Fidem
1294 2086 1505 2121 Catholicarn
1531 2085 1670 2121 liceatne
1685 2087 1782 2121 armis
1794 2088 1942 2131 plantare
1953 2089 2040 2133 apud

1205 2138 1383 2173 Barbaros?
1412 2147 1465 2184 99.
1500 2148 1527 2172 1.
1555 2137 1749 2171 Ostenditur
1772 2138 1973 2173 idilliciturn
1996 2149 2040 2172 ex

1203 2191 1233 2224 S.
1246 2186 1487 2231 Chrysostomo
1498 2211 1508 2227 ,
1538 2188 1572 2221 &
1585 2186 1796 2222 Tertulliano
1808 2213 1815 2220 .
1844 2188 1915 2222 ibid.
1928 2198 1960 2222 2.
1973 2188 2041 2221 Sci-

1204 2239 1281 2272 licet
1306 2247 1370 2270 tum
1389 2235 1535 2279 suadelas
1561 2245 1631 2270 tum.
1650 2243 1764 2270 ratione
1777 2240 1882 2275 ,Ptum
1902 2236 2041 2284 mansue·

1205 2290 1308 2323 tudine
1330 2287 1479 2321 hominum
1497 2285 1582 2331 salus
1603 2287 1641 2327 est
1662 2287 1865 2318 conciliandas.
1891 2300 1917 2320 ..v
1966 2286 2039 2319 ibid.

1578 2384 1610 2416 G
1650 2359 1653 2363 ,

1253 2484 1340 2519 Alba
1362 2485 1555 2528 expediente
1587 2484 1739 2519 adversus
1755 2482 1941 2520 'Vitellium
1967 2467 2039 2528 qui-

1275 2536 1349 2570 dam
1372 2534 1458 2569 filius
1481 2534 1500 2568 a
1521 2534 1629 2569 Galba
1639 2537 1840 2578 conscriptus
1853 2546 1976 2579 patrem
1992 2538 2040 2571 in-

1172 2607 1174 2610 -
1204 2587 1379 2631 cognitum
1401 2582 1604 2619 eburnam-:-
1626 2594 1781 2627 quem-ut
1795 2588 1933 2628 agnovit
1947 2609 1957 2625 ,
1981 2598 2039 2619 ex-

1203 2636 1357 2670 clamavit
1385 2660 1396 2676 ,
1421 2633 1846 2685 totaque'indecom‘rnota
1869 2636 1954 2669 acies
1974 2635 2040 2669 bel-

1202 2687 1270 2719 lum
1295 2685 1450 2719 detestata
1482 2685 1562 2719 fuit.
1905 2682 1988 2730 ²98.
2018 2696 2036 2721 1

1154 2736 1244 2770 Galli
1264 2735 1422 2769 bellorum
1441 2745 1612 2769 amantes.
1804 2780 1815 2785 Μ
1871 2775 1875 2780 ,
1933 2744 1986 2780 913.
2014 2743 2038 2768 2

1154 2785 1415 2829 Gallo-graeciam
1438 2784 1659 2819 condiderunt
1683 2783 1772 2817 Gaui
1895 2792 1898 2795 ⁴
1960 2784 2035 2816 ibid.

1153 2836 1341 2870 Gentilium
1369 2835 1558 2879 ignorantiae
1576 2834 1659 2867 circa
1682 2833 1733 2875 jus
1758 2842 1879 2867 naturae
1897 2844 1965 2868 non
1983 2845 2037 2879 exj

1203 2886 1316 2920 cusant
1339 2885 1356 2918 a
1375 2882 1519 2920 mortali.
1547 2893 1600 2930 23.
1625 2894 1655 2919 2.
1672 2884 1757 2917 ;V1‘de
1783 2884 1972 2928 ignorantia
1986 2883 2035 2926 jub

1202 2938 1244 2969 ris
1270 2945 1410 2968 naturae.
1693 2929 1696 2932 ⁴
1720 2930 1723 2933 “

1152 2986 1256 3021 Graeci
1289 2984 1401 3019 faciles
1425 2993 1514 3017 erant
1538 2991 1574 3015 ut
1596 2983 1672 3016 suos
1684 2982 1849 3026 Principes
1871 2983 1916 3017 ob
1928 2993 2036 3026 pecca-

1202 3046 1233 3071 ta
1270 3037 1472 3079 deponerent
1500 3033 1534 3066 &
1560 3032 1770 3067 Monastetiis
1809 3033 2033 3068 includerent.

1204 3086 1279 3122 126.
1310 3097 1339 3120 1-

1154 3137 1273 3171 Gratiae
1295 3133 1470 3169 duodecim
1492 3131 1620 3166 articuli
1642 3143 1726 3176 quos
1747 3133 1776 3166 S.
1792 3130 1880 3176 Aug·
1907 3130 2033 3172 censuit

1203 3186 1244 3220 de
1268 3185 1348 3220 fide.
1790 3228 1792 3230 q
1909 3181 1984 3228 183.
2010 3193 2033 3218 2

1155 3237 1302 3271 Gratiam
1327 3232 1526 3280 habitualem
1539 3230 1670 3266 infundi
1691 3228 1831 3275 parvulis
1842 3229 1903 3265 fuit
1916 3227 2032 3274 *Augu-

1159 3300 1162 3302 *
1201 3287 1289 3320 stino
1312 3283 1482 3319 certiffima
1507 3282 1654 3317 Ecclesiae
1667 3281 1833 3315 doctrina.
1860 3280 1942 3313 Haec
1955 3289 2034 3313 tem-

1202 3347 1277 3378 pore
1299 3332 1486 3370 Innocentii
1513 3331 1569 3364 111.
1598 3330 1708 3366 habita
1729 3327 2029 3374 est-ut·‘probabilis;

1203 3386 1368 3430 Tempore
1389 3382 1591 3464 ViennensiIs<
1608 3381 1753 3465 {oncilii
1776 3390 1811 3415 ut
1823 3378 2031 3460 probssilion

1693 3441 1711 3478 3
1948 3439 1987 3461 ss·
