2366 3736
363 103 450 165 DE
486 120 768 173 ANUQJA
804 108 1180 159 Distu-imit
1218 113 1461 165 Cuizls’n
1500 115 1780 161 M1L111AE.

223 208 461 244 cirnampartem
481 200 619 232 cadendo
648 203 708 233 neci
730 197 940 229 tradiderunt.
957 197 1023 226 noc
1045 205 1095 226 au·

224 255 337 285 dientes
350 250 434 292 pofiti
447 255 479 282 in
489 251 673 290 expeditione
686 247 813 289 Bulgari
826 269 837 284 ,
862 255 926 277 cum
950 249 1028 277 omni
1047 243 1114 307 fe-¹

217 302 371 340 stinatione
384 300 545 333 deliberare
557 299 691 341 primum
715 295 753 328 ab
778 294 880 336 infesto
904 293 977 334 hoste
999 306 1097 327 recur-

221 362 292 383 runt
306 375 317 390 ‚
340 357 501 393 concitoque
512 351 587 383 illico
596 347 702 389 praelio
723 345 798 378 viHi
807 344 896 388 sunt.
926 349 1001 380 Item
1020 351 1093 385 pari

222 410 320 434 tenore
331 412 497 442 recuperare
507 405 635 432 nitentes
647 420 659 436 ,
680 393 808 437 secunde
821 405 937 428 caruere
949 394 1088 429 vinaria.

1894 129 1988 166 109

1157 192 1350 236 defensionem
1371 204 1453 228 tuam
1464 219 1474 234 ,
1503 206 1537 228 ac
1544 194 1659 238 sandae
1673 198 1729 230 Dei
1750 195 1886 238 Ecclefiae
1900 224 1911 239 ‚
1928 204 1963 235 Θ·
1981 200 2026 232 ad

1156 243 1346 285 confusionem
1376 249 1682 278 inimicorum-Crucis
1720 246 1830 286 Christi
1853 272 1863 287 ,
1896 262 1930 282 ac
1949 252 2026 292 fidet

1156 293 1352 334 Christianae.
1382 295 1424 327 Et
1439 294 1547 326 vexilli
1563 295 1749 330 benedictio
1760 297 1841 331 dicit
1852 297 1892 331 ad
1905 298 2026 333 Domi-

1157 356 1234 377 num
1251 345 1379 378 Deum:
1406 349 1466 376 Hoc
1477 346 1622 378 vexillum
1634 347 1735 385 coelesti
1747 346 2026 392 benediHionesan-

1155 394 1274 436 urfica,
1298 404 1447 428 utcontra
1469 393 1664 435 adversarias
1691 399 1724 429 (9⁹
1746 398 1866 435 rebelles
1887 406 2026 433 nationes

220 451 355 483 Tandem
380 450 477 495 miseri
492 474 502 489 ,
527 446 608 490 inscii
640 458 732 488 quam
753 444 952 488 consolationis
976 443 1095 486 causam
1149 444 1188 486 fit
1210 445 1364 484 validum,
1385 443 1482 486 fitque
1497 449 1623 475 inimicis
1644 445 1806 486 Christiani
1818 449 1918 490 populi
1940 455 2026 484 terr-2¹-

219 501 255 533 &
274 503 395 533 remedii
408 499 560 542 potuissent
582 502 718 529 invenire
740 517 750 535 5
789 505 910 530 currunt
932 506 1031 527 omnes
1055 494 1099 526 ad

219 549 341 594 vestigia
352 550 568 583 vetuliillorum
587 549 675 589 Regis
690 545 842 581 Michaelis
855 568 868 586 ,-
891 550 941 586 qui
953 556 998 578 eos
1022 550 1093 585 pri-

221 611 299 632 mum
312 603 353 632 ad
362 597 538 637 christiam
552 598 713 639 Religionis
728 602 887 630 veritatem
911 601 1056 629 convertit
1083 620 1093 636 ,

219 655 403 690 inquirentes
416 649 492 690 quid
500 655 540 680 eis
561 650 605 678 ad
625 647 665 679 ab
686 650 850 681 imminenti
869 646 1001 685 periculo
1024 656 1094 678 eva-

216 699 346 739 dendum
381 697 538 741 consuleret
560 721 566 729 .
596 700 662 740 ,Qui
687 695 797 728 indillo
817 696 958 728 triduano
976 696 1094 734 jejimi’o

212 753 421 790 poenitentiam
435 750 470 781 cle
483 748 569 780 illata
582 746 761 785 Christianis
774 747 889 785 injuria
905 756 993 787 agere
1004 769 1014 785 ,
1043 746 1091 780 de-

217 804 253 830 iic
261 799 408 831 auxilium
420 800 439 830 ἃ
452 802 513 831 Deo
525 798 721 840 quaerendum.
727 795 778 837 effe
784 800 964 836 praemonuit
978 812 994 826 .-
1004 792 1105 826 -Gca-›

217 848 304 881 viter
325 848 520 891 improbavit
540 873 551 889 ,
585 845 673 891 quod
697 843 874 880 Christiani
897 843 1093 878 Christianis

218 898 341 932 bellum
362 900 560 933 intulissent.
587 896 697 931 Etiam
709 905 846 939 magnus
859 894 934 935 ille,
964 905 1002 928 ac
1023 893 1095 927 vere

217 947 426 983 Christianus
459 948 669 990 Epirotarum
720 945 868 988 Despota
907 942 1094 978 Alexander

220 1008 399 1040 numquam
410 997 495 1042 apud
517 1007 577 1031 nos
600 996 736 1032 Latinos
758 995 862 1031 voluit
888 994 1013 1029 misceri
1038 1005 1094 1028 no-

170 1057 175 1060 ·
217 1046 414 1088 flrisbellis‚
440 1058 499 1081 nec
525 1048 648 1082 sumere
670 1055 757 1080 arma
785 1045 822 1080 in
853 1044 1058 1082 Christianos
1087 1068 1094 1075 .

218 1094 318 1130 Haud
330 1097 427 1135 dubie
442 1098 485 1131 ita
500 1107 663 1139 acceperat
676 1097 707 1129 in
721 1094 930 1131 catechismo
945 1119 951 1125 .
979 1094 1022 1128 Et
1040 1105 1094 1126 an-

216 1146 311 1189 tiqua
323 1147 546 1181 waldensium
559 1142 780 1181 haereticorum
804 1145 955 1179 discuffio
977 1143 1092 1178 habuit

217 1197 250 1232 &
269 1194 331 1230 hos
348 1197 526 1231 articulos.-
568 1197 659 1236 Potest
681 1196 763 1229 bomo
784 1197 875 1228 occidi
892 1194 951 1236 fine
979 1201 1096 1235 peccato

218 1248 366 1283 mortali?
396 1250 536 1282 Peccatne
551 1250 638 1287 Papa
649 1246 794 1281 mittendo
819 1251 970 1280 exercitus
994 1254 1094 1277 contra

218 1298 394 1330 sarracenos
411 1321 420 1335 ‚
449 1299 481 1334 (9
494 1298 594 1329 dando
607 1301 728 1330 Crucem
748 1303 849 1330 contra
860 1295 981 1329 rebelles
1005 1294 1094 1330 alios?

219 1348 383 1382 Pecs-amne
395 1351 590 1387 Imperatores
612 1348 646 1380 (tt
668 1350 763 1390 Reges
788 1346 941 1379 condendo?
956 1344 1034 1386 leges
1055 1345 1091 1375 de

218 1395 373 1436 occifione?
402 1399 565 1428 Peccantne
573 1397 604 1437 J
606 1397 706 1429 udices
719 1398 873 1438 &jurati
899 1395 1091 1426 condemnan-

218 1447 256 1480 do
268 1450 372 1486 impios
383 1452 471 1479 morte
489 1469 500 1483 ,
526 1447 577 1478 vel
585 1446 806 1478 condemnando
816 1443 960 1483 maleficos
982 1443 1092 1476 morti?

217 1494 348 1538 'Nempe
359 1505 486 1530 errones
498 1493 531 1527 hi
544 1505 619 1527 cum
632 1494 804 1528 Lactantio
816 1517 827 1532 ‚
853 1493 887 1526 <Sc
909 1492 1092 1526 Tertullia-

215 1554 284 1584 no,
310 1545 344 1577 ἀ
364 1544 437 1577 aliis
457 1543 667 1585 quibussdam
694 1543 923 1588 antiquiffimis
960 1542 1090 1576 damna<

215 1592 296 1627 bant
307 1593 455 1636 capitalia
469 1594 588 1636 judicia
600 1595 632 1627 ὃ(
655 1605 758 1632 omne
776 1593 897 1627 bellum
910 1616 920 1632 ,
932 1611 935 1614 >
947 1592 1089 1636 ideoque

214 1642 441 1686 inquirebatur
453 1667 463 1682 ‚
490 1644 544 1678 An
558 1643 641 1676 bella
656 1655 722 1679 non
736 1644 870 1678 licerent
885 1652 1001 1676 contra
1023 1641 1091 1675 infi-

218 1692 308 1729 deles
319 1694 337 1726 ,ἒ
363 1693 464 1740 Qod
479 1693 593 1737 nempe
606 1693 673 1727 haec
689 1694 755 1728 sola
770 1704 850 1728 tunc
861 1691 971 1736 paffim
985 1693 1090 1725 cense-

215 1751 328 1777 rentur
338 1742 497 1776 divinitus
520 1744 686 1787 permissa.
717 1745 758 1776 Et
781 1743 888 1778 rever&
913 1740 1090 1777 Christiani

212 1792 387 1836 Principes
398 1793 587 1837 obligantur
600 1795 668 1828 suas
679 1793 869 1837 quaestiones
882 1791 1064 1836 Episcopali
1074 1817 1084 1831 ,

216 1841 326 1885 Papali
353 1843 518 1886 praesertirn
534 1867 546 1883 ,
580 1843 705 1886 judicio
728 1843 883 1887 subjicere
905 1866 913 1874 .
941 1841 1022 1876 Haec
1045 1842 1088 1876 est

214 1893 348 1936 antiqua
360 1894 483 1929 forma.
512 1894 650 1928 istorum
690 1892 774 1929 bella
810 1894 887 1931 sunt
911 1893 1051 1931 fraterna
1078 1916 1089 1934 ‚

216 1942 357 1985 ideoque
366 1944 525 1987 nequiora
535 1944 687 1980 civilibus
698 1971 706 1978 .

1155 495 1233 532 bile,
1258 504 1348 536 atque
1367 501 1399 526 in
1424 503 1453 526 te
1476 492 1686 533 confidenti'bus
1706 494 1936 537 solidamentum
1955 524 1964 538 ,
1991 502 2027 533 Θ

1155 553 1234 584 certa
1244 545 1353 585 fiducia
1376 543 1529 578 vic‘loriae.
1559 543 1601 575 Et
1625 544 1728 585 ipsum
1754 547 1922 591 porrigens
1946 550 2029 592 Epi-s

1158 596 1272 637 scopus
1286 593 1365 627 dicit
1377 593 1416 626 ad
1436 593 1574 629 militem
1589 606 1600 625 .·
1626 596 1675 628 sit
1686 600 1811 628 inimicis
1822 600 1921 638 populi
1942 599 2031 632 chri.

1149 644 1240 684 stiam
1264 644 1415 678 terribile.
1446 642 1526 688 Qae
1536 643 1648 677 omnia
1669 644 1733 677 alte'
1753 646 1897 680 clamant
1922 650 1988 682 sola
2016 673 2030 690 ,

1157 695 1232 727 licet
1246 695 1492 738 reliquaomnia
1505 693 1610 728 forsan
1637 704 1704 726 non
1726 695 1940 737 damnentur,
1972 709 2030 740 pro

1157 743 1333 778 Catholica
1345 743 1409 777 fide
1430 743 1587 785 assumpta
1601 742 1825 787 bellastprobari
1848 757 1884 779 ac
1901 747 2032 782 benedi.-

1157 794 1215 828 cia
1231 794 1382 830 Romana
1408 793 1572 827 Ecclesia.
1603 793 1782 837 Desumpta
1806 793 1872 828 haec
1896 797 1968 830 sunt
1989 809 2030 832 ex

1157 844 1295 885 antiquo
1319 844 1408 877 istius
1436 842 1582 877 Ecclefiae
1605 842 1755 884 Ordine,
1782 856 1847 888 quo
1868 847 1950 880 olim
1974 850 2030 887 usa,

1157 894 1220 929 fuit
1231 894 1341 928 omnis
1351 895 1450 928 etiam
1465 893 1637 927 Gallicana*
1649 894 1786 928 Ecclesia
1799 920 1806 927 .

1205 943 1324 979 lterum
1338 955 1448 987 repeto
1459 941 1527 976 haec
1539 945 1652 978 omnia
1675 946 1737 979 effe
1757 945 1967 990 intelligenda
1988 946 2030 982 do

1157 994 1244 1028 bello
1269 994 1446 1031 offensivo.
1487 993 1619 1029 Etenim
1658 994 1837 1031 Christiani
1861 997 2031 1032 adversum

1156 1043 1509 1087 quoscumque‘,.-licet
1534 1043 1728 1079 Catholicos
1745 1069 1755 1084 ,
1785 1047 1916 1090 iniquos
1940 1048 2031 1081 inva-

1159 1096 1240 1128 sores
1252 1095 1379 1137 poffunt
1392 1120 1401 1134 ‚
1428 1094 1497 1130 imo
1510 1093 1629 1129 debent
1640 1107 1726 1129 arma
1749 1097 1891 1136 sumere,
1922 1109 1959 1131 ac
1978 1109 2030 1141 pa-

1158 1145 1251 1177 triam
1266 1145 1451 1188 Regionem
1474 1144 1666 1178 defendere.
1694 1146 1757 1185 Ista
1783 1157 1870 1179 mors
1892 1147 1936 1182 est
1958 1159 2029 1182 non

1157 1195 1327 1228 dumtaxat
1340 1193 1501 1238 gloriosa,
1531 1193 1585 1227 sed
1609 1195 1643 1230 &
1666 1195 1717 1238 pia
1733 1222 1740 1233 ,
1771 1197 1945 1241 insigniter
1963 1197 2029 1232 hoc

1158 1245 1190 1277 in
1202 1245 1374 1283 oratione,
1400 1255 1463 1285 qua
1476 1245 1548 1277 suos
1561 1256 1598 1277 ac
1620 1245 1722 1288 Regis
1745 1246 1901 1290 Stephani
1924 1248 2030 1283 subdi-

1156 1304 1207 1327 tos
1227 1293 1266 1327 ad
1279 1294 1435 1337 generose
1447 1303 1559 1326 contra
1572 1294 1736 1328 invasores
1749 1298 1865 1330 Scotos
1877 1299 1909 1330 in
1931 1298 1984 1333 Sta
1992 1311 2028 1331 n-

1156 1341 1288 1376 dardico
1306 1342 1392 1375 bello
1408 1343 1629 1386 ,pugnandum
1653 1344 1715 1376 fuit
1736 1344 1947 1385 exhortum,
1975 1347 2029 1381 de-

1156 1393 1348 1427 monstravit
1373 1391 1583 1427 Venerabilis
1607 1392 1785 1427 Turstinus
1808 1394 1934 1429 Archi·
1955 1396 2029 1439 Epi-

1156 1444 1269 1486 scopus
1283 1442 1512 1479 Eboracenfis.
1542 1442 1727 1477 Audiamus
1747 1456 1815 1478 rem
1837 1446 1853 1478 ὲ
1882 1445 2030 1480 Veneta—⁴

1157 1493 1213 1527 bili
1230 1492 1398 1527 Richardo
1412 1516 1422 1532 ,
1451 1491 1718 1536 Hagustaldenfis
1733 1494 1889 1528 Coenobii
1903 1496 2029 1538 Priore,

1157 1543 1286 1578 inlibro
1304 1543 1343 1576 de
1356 1543 1462 1575 Gestis
1473 1540 1626 1584 Stephani
1644 1542 1747 1588 Regis
1770 1558 1807 1579 ac
1829 1545 1914 1580 bello
1935 1548 2031 1581 Stan-

1138 1592 1305 1627 ¹dardico.
1335 1592 1487 1630 Affirmat
1510 1592 1699 1635 Anglorum
1724 1606 1845 1637 paucos
1868 1597 1961 1631 fuisse
1981 1610 2030 1632 at-

1156 1644 1217 1677 mis
1232 1644 1421 1681 instrustoS,
1450 1642 1553 1685 plures
1566 1643 1606 1676 de
1617 1644 1806 1686 proditione
1830 1646 1989 1689 suspestos
2016 1673 2030 1689 ,

1154 1694 1186 1731 ὅ(
1211 1693 1336 1737 Regem
1365 1692 1443 1726 alibi
1470 1703 1691 1735 occupatum,
1729 1695 1866 1739 ideoque
1892 1708 2028 1733 omnem

1156 1744 1242 1786 spem
1259 1743 1350 1780 fuisse
1362 1744 1395 1776 in
1408 1743 1571 1776 Turstino
1595 1743 1878 1789 Archi-Episcopo
1901 1759 2028 1792 magnas

1156 1793 1326 1835 probitatis
1340 1793 1372 1827 &
1384 1793 1576 1829 constantiae
1589 1794 1661 1828 viro'
1672 1817 1682 1834 ‚
1701 1806 1800 1839 arque
1813 1798 2031 1840 prosequitur:

1154 1842 1305 1882 Turstinus
1322 1867 1331 1883 ‚
1358 1844 1422 1875 ciam
1436 1844 1498 1885 effet
1513 1842 1611 1883 Pastor
1622 1850 1790 1879 animarum
1802 1848 1914 1879 illorum
1926 1873 1936 1889 ,
1965 1861 2023 1882 non

1153 1904 1230 1926 more
1242 1898 1436 1933 mercenarii,
1464 1892 1623 1934 infestante
1633 1896 1700 1936 lupo
1712 1897 1833 1940 defuga
1850 1896 1906 1938 sibi
1923 1898 2023 1940 praefi·

1153 1945 1235 1978 dium
1249 1941 1411 1986 sperabat,
1434 1942 1599 1986 sedpotiiis
1618 1942 1708 1987 super
1728 1952 1827 1990 gregis
1842 1946 1890 1989 sui
1909 1948 2023 1992 disper-

268 1992 417 2025 Eandem
430 1994 622 2027 sententiam
639 1995 765 2028 fortiter
786 1995 896 2029 suadet
916 1995 1050 2039 antiqua
1079 2018 1090 2035 ,
1145 1993 1223 2036 fone
1246 2000 1434 2037 aspernicie,
1460 2002 1548 2037 atque
1566 2001 1681 2037 patriae
1698 1995 1760 2038 suae
1790 1997 1980 2037 .deflruc¹lione
2007 2027 2019 2043 ,

216 2053 441 2087 permagnum
463 2042 571 2086 Belgii
593 2043 785 2079 Chronicon
806 2046 941 2079 addusta
966 2056 1005 2079 ac
1023 2045 1088 2078 lau-

216 2091 313 2132 data,
341 2092 471 2126 creandi
493 2093 608 2127 militis
618 2094 743 2135 forma,
774 2096 807 2127 in
821 2106 883 2138 qua
906 2095 1088 2128 initiandus

216 2141 354 2175 faciebat
381 2141 466 2177 hanc
477 2144 654 2178 solemnem
681 2144 928 2186 professionem:
957 2147 1017 2177 Pro
1035 2147 1104 2186 ΡΗ

215 2192 254 2225 de
269 2191 426 2225 Catholici:
436 2200 541 2233 eorpus
560 2193 701 2226 audacter
712 2201 860 2235 exponere
871 2218 878 2224 .
904 2193 1009 2226 Nulla
1022 2194 1084 2226 alia
1097 2192 1103 2225 Ι

214 2241 380 2275 militandi
403 2242 496 2275 causa
514 2246 711 2285 exponitur.
752 2243 795 2277 Et
818 2242 995 2277 hodiernus
1020 2235 1102 2308 R0-'

214 2301 317 2324 manae
330 2291 477 2324 Ecclefiae
501 2291 707 2327 Pontificalis
728 2292 807 2326 liber
828 2294 1001 2326 militarem
1021 2293 1101 2336 gia--

212 2340 307 2374 dium
333 2340 493 2374 benedicit
515 2342 548 2374 in
563 2341 626 2375 haec
651 2342 765 2377 verba:
794 2344 947 2383 Exaudi,
973 2341 1085 2385 quaesu-

1145 2046 1312 2089 graviffimo
1323 2046 1514 2087 compnfflonis
1529 2047 1649 2078 vulnere
1665 2046 1815 2090 sauciatus
1829 2074 1839 2089 ‚
1866 2056 1945 2083 omni
1952 2050 2019 2090 stu·-

1149 2096 1198 2127 dio
1219 2098 1252 2129 Θ
1263 2105 1369 2129 conatu
1378 2102 1474 2129 tantis
1486 2097 1573 2129 malis
1586 2099 1743 2131 remedium
1762 2099 1933 2141 quaerebat.
1961 2106 2019 2136 Un-

1149 2145 1346 2178 de&divina
1358 2146 1531 2178 aut‘ioritate
1546 2170 1556 2185 ,
1579 2158 1644 2187 quae
1666 2154 1693 2180 ei
1715 2151 1855 2192 commissa
1870 2150 1977 2191 fuerat
2000 2156 2018 2191 ²,

1148 2195 1182 2227 o
1201 2206 1239 2227 ex
1253 2198 1346 2238 Regia
1354 2195 1518 2237 potestate,
1544 2207 1610 2236 quae
1633 2197 1676 2229 illi
1687 2206 1756 2230 tunc
1777 2204 1808 2230 in
1832 2199 1882 2231 boc
1904 2207 2019 2243 negotio

1148 2245 1266 2277 tradita
1276 2255 1343 2277 erat
1356 2269 1367 2285 ‚
1394 2247 1428 2278 Θ
1439 2247 1474 2277 dc
1485 2246 1599 2277 illorum
1605 2246 1755 2288 fidelitate
1766 2260 1800 2280 ac
1818 2249 1969 2289 probitate
1982 2252 2018 2283 ii·-

1146 2295 1184 2325 los
1209 2293 1338 2335 fideliter
1360 2297 1536 2335 admonuit,
1563 2307 1600 2329 ne
1619 2298 1639 2327 ἃ
1662 2299 1777 2337 pefflma
1796 2293 1932 2333 barbarIe
1956 2310 2015 2341 per·

1146 2349 1302 2385 ignaviam
1321 2343 1354 2386 se
1365 2357 1464 2378 omnes
1478 2356 1539 2377 una
1560 2347 1608 2378 die
1626 2347 1769 2387 prosterni
1785 2348 1913 2389 finerent
1927 2374 1936 2389 ‚
1959 2349 2018 2392 sed

214 2401 278 2424 mus
299 2394 423 2424 Domine
436 2416 446 2432 ,
468 2400 567 2433 preces
581 2392 690 2432 nostras
702 2418 712 2433 ‚
740 2395 774 2426 Θ
795 2392 872 2426 bunc
892 2390 1008 2434 ensem,
1028 2404 1084 2435 quo
1141 2394 1241 2434 potius
1259 2394 1478 2437 cunaeipmeer
1486 2394 1795 2438 cumsuisperveram
1804 2404 2013 2439 poenitentiam

210 2439 260 2475 bic
268 2439 405 2481 famulus
427 2450 496 2473 tuus
517 2447 703 2486 circumcingi
721 2442 888 2484 desiderat,
916 2441 1082 2483 Majestatis

213 2499 275 2522 tuae
288 2492 415 2523 dextera
435 2493 566 2533 digneris
579 2493 744 2526 benedicere
758 2517 768 2532 ‚
796 2494 941 2535 quatenus
960 2494 1011 2536 effe
1021 2491 1083 2535 pos-

209 2536 246 2578 fit
267 2538 399 2580 defensor
424 2539 635 2581 Ecclefiarum,
664 2544 848 2583 viduarum,
873 2542 1082 2585 orphanorum,

208 2594 398 2630 ,omniumque
414 2592 474 2621 Deo
486 2587 679 2631 servientium
694 2615 704 2631 ,
730 2602 831 2624 contra
850 2592 1006 2635 saevttiam
1026 2602 1081 2635 pa·

211 2650 355 2680 ganorum
365 2649 454 2680 atque
477 2639 698 2679 haereticorum,
723 2640 846 2684 aliisque
865 2641 921 2683 fibi
941 2642 1080 2683 insidian-

212 2688 339 2729 tibusfit
351 2699 443 2721 terror
456 2689 627 2730 &formido
640 2716 647 2722 .
676 2691 719 2725 Et
739 2692 802 2724 ulia
823 2691 943 2726 ibidem
964 2693 1079 2726 Oratio

207 2735 327 2770 habet:
356 2742 480 2771 Domine
493 2743 572 2772 Deus
586 2764 597 2780 ,
619 2746 670 2782 qui
681 2742 725 2773 ad
735 2743 918 2775 coercendam
930 2743 1080 2774 malitiam

209 2788 399 2829 reproborum
411 2813 421 2829 ‚
446 2790 479 2820 (θ’
496 2791 638 2822 tuendam
646 2791 796 2831 justitiam
811 2816 819 2831 ‚
847 2791 929 2834 usum
936 2793 1034 2835 gladii
1047 2797 1078 2824 ln

211 2844 300 2870 terris
312 2837 475 2871 hominibus
483 2839 634 2880 permifilli
644 2866 653 2880 ‚
680 2844 713 2873 (9⁶
724 2843 884 2874 militarem
897 2845 1028 2875 ordinem
1038 2844 1080 2874 ad

206 2888 309 2928 populi
316 2888 523 2930 protellionem
536 2889 646 2928 institui
658 2891 770 2930 voluisti
779 2916 790 2931 ‚
819 2891 885 2924 buie
889 2891 1008 2932 famulo
1015 2900 1073 2931 tuo,

210 2943 263 2978 qui
275 2943 390 2971 noviter
395 2941 468 2982 jugo
478 2941 593 2972 militiae
607 2940 678 2973 colla
696 2940 855 2983 supponit,
880 2947 996 2983 pietate
1021 2953 1074 2975 coe·

210 2986 270 3023 ielis
290 2994 368 3020 vires
382 2990 582 3022 &audaciam
595 2993 639 3022 ad
657 2991 731 3031 fidei
745 2993 778 3024 (ς
794 2991 922 3033 justitiae
941 2991 1077 3033 defenfio-

211 3046 278 3069 mm
300 3038 413 3070 tribuas
437 3063 445 3073 ,
473 3039 583 3083 Rogat
610 3050 733 3074 novum
757 3041 895 3076 militem
918 3043 1073 3084 impartiri

211 3084 330 3121 virtute
351 3087 487 3122 Davidis
508 3100 624 3126 contra
646 3090 807 3131 Goliam,
843 3093 874 3125 ὅ(
897 3093 985 3135 Judae
1004 3091 1073 3125 Ma-

213 3132 452 3171 cbabaeicontra
490 3140 648 3174 feritatem
687 3141 861 3176 Gentium.
894 3142 1002 3177 Etiam
1026 3143 1074 3175 so-

213 3184 497 3222 lemnisarmmum
522 3189 705 3224 benedidiio
727 3190 846 3225 habet:
874 3193 1003 3225 Concede
1019 3191 1071 3232 sa-

213 3234 290 3267 mulo
300 3242 348 3267 tuo
363 3261 371 3272 ‚
396 3237 455 3270 baec
467 3252 552 3273 arma
561 3240 671 3284 gestare
684 3247 834 3283 cupienti,
861 3252 893 3274 ut
918 3243 963 3274 ad
980 3248 1072 3274 mum'-

212 3295 279 3319 men
292 3296 324 3316 ac
337 3283 643 3332 dffenfionemfiinllae
665 3295 777 3324 Matris
800 3290 949 3332 Ecclefiae,
975 3293 1070 3333 pupil-

212 3333 321 3374 lorum,
352 3345 384 3366 ac
403 3338 559 3371 viduarum
570 3364 581 3379 ,
608 3340 675 3382 ipfis
695 3342 786 3375 libere
797 3353 830 3374 ac
840 3342 994 3375 victoriose
1005 3353 1072 3375 uta-

211 3391 279 3418 tur.
309 3383 351 3416 Et
363 3385 441 3419 dum
455 3384 657 3424 benedictum
673 3393 780 3426 ensem
794 3393 891 3425 militi
912 3392 1048 3436 porrigit
1062 3417 1070 3431 ‚

202 3431 506 3476 'Episcopusfatuu
537 3441 635 3480 Accipe
656 3440 774 3483 ensem,
802 3444 836 3476 ei·
859 3448 957 3481 utaris
980 3453 1010 3479 eo
1029 3443 1073 3480 ad

289 3484 399 3525 Christ.
411 3489 488 3530 Lupi
506 3492 605 3530 Opera
621 3492 700 3526 Tom.
714 3492 770 3525 ΧΙ.
981 3491 992 3494 ”

1145 2445 1204 2476 Deo
1215 2446 1411 2485 reconciliati,
1438 2447 1472 2478 (ἃ
1488 2447 1532 2477 ad
1540 2457 1605 2478 eum
1625 2455 1685 2479 toto
1698 2449 1781 2480 corde
1791 2447 1924 2489 conversi
1930 2472 1943 2486 ,
1966 2460 2014 2482 cu-

1136 2494 1190 2533 jus
1213 2499 1291 2527 iram
1300 2493 1333 2536 se
1342 2496 1525 2537 promeruiffe
1536 2505 1579 2527 tot
1600 2508 1634 2528 ac
1654 2505 1743 2529 tanta
1765 2500 1845 2530 mala
1863 2498 2011 2536 'testaban-

1143 2554 1191 2576 tur
1204 2568 1215 2585 ,
1237 2544 1416 2587 fiducialiter
1428 2558 1463 2577 ac
1475 2546 1604 2579 viriliter
1613 2553 1668 2585 pro
1678 2555 1767 2579 tanta
1779 2549 1935 2586 neceffitate
1946 2560 2012 2592 age-v

1141 2603 1210 2626 rent
1220 2618 1227 2626 .
1258 2596 1351 2637 ,Quod
1353 2594 1383 2636 fi
1391 2596 1495 2626 devote
1499 2594 1636 2635 facerent
1645 2620 1654 2635 ,
1687 2598 1724 2629 de
1736 2596 2009 2638 misericordiaDet

1137 2642 1324 2686 praesumens
1337 2668 1347 2682 ,
1359 2655 1404 2676 eos
1417 2644 1542 2676 viuum
1548 2644 1618 2685 fore
1635 2647 1879 2685 praenuntiabat.
1909 2653 2010 2681 Nam-

1141 2705 1195 2734 que
1217 2695 1269 2726 illa
1277 2695 1395 2735 peffima
1401 2705 1477 2737 gens
1494 2695 1594 2735 potitis
1613 2698 1671 2728 Deo
1682 2698 1716 2730 o·
1723 2695 1838 2739 sandlae
1853 2698 1984 2739 Ecclefiae
1994 2724 2006 2739 ,

1141 2745 1233 2784 quam
1256 2742 1324 2784 ipfis
1338 2767 1348 2783 ,
1375 2751 1521 2785 quantum
1534 2753 1656 2786 poterat
1670 2770 1679 2784 ‚
1704 2746 1946 2790 adversabatur:
1973 2750 2015 2788 β’,

1139 2794 1202 2824 ideo
1213 2792 1350 2833 injustam
1366 2817 1376 2833 ‚
1401 2796 1458 2826 imo
1466 2791 1642 2835 sceleratam
1650 2799 1811 2838 pugnandi
1821 2796 1941 2839 causam
1951 2797 2007 2831 ba-

1139 2843 1238 2874 bebat.
1267 2841 1396 2884 Ipsorum
1410 2848 1482 2877 verti
1502 2843 1591 2886 causa
1611 2854 1678 2878 erat
1697 2846 1778 2886 justa
1794 2859 1828 2880 ac
1844 2849 1970 2888 piffma
1994 2873 2004 2881 .

1139 2894 1259 2934 ,Quippe
1278 2901 1334 2933 pro
1340 2892 1456 2935 sancJae
1470 2894 1604 2934 Ecclefiae
1617 2894 1719 2936 &suae
1735 2902 1847 2936 patrlae
1872 2897 2006 2939 defenfio·

1139 2941 1213 2984 nese
1231 2944 1361 2984 periculo
1384 2944 1582 2983 abjiciebant.
1611 2948 1655 2976 Et
1674 2944 1698 2982 fi
1708 2945 1788 2986 farte
1813 2951 1872 2980 Deo
1889 2949 2004 2989 placuit

1130 2990 1190 3033 fine
1212 2994 1376 3035 aliquorum
1395 2995 1512 3026 illorum
1524 2992 1620 3035 occasu
1642 2994 1692 3027 hoc
1703 2994 1856 3037 discrimen
1872 3008 1929 3030 non
1936 2997 2005 3041 pos-

1132 3040 1164 3083 se
1181 3049 1289 3086 peragi
1310 3069 1320 3086 ,
1358 3045 1414 3076 tali
1433 3049 1590 3076 intentione
1608 3046 1810 3087 pugnantibus
1833 3059 1890 3080 non
1923 3059 2003 3081 mors·

1130 3089 1346 3134 formidanda,
1370 3092 1427 3135 sed
1460 3093 1560 3134 potius
1595 3097 1726 3135 optanda
1748 3106 1831 3128 erat.
1870 3098 2003 3139 Promisit·

1134 3148 1222 3174 etlam
1233 3149 1274 3175 eis
1290 3168 1300 3184 ,
1327 3145 1409 3184 quod
1433 3141 1495 3184 suae
1517 3144 1647 3185 Dioecefis
1673 3146 1854 3185 presbyteros
1875 3147 2001 3190 singulos

1134 3202 1197 3224 cum
1209 3194 1350 3226 Crucibus
1367 3196 1399 3226 (v
1414 3192 1606 3225 Parocbianis
1615 3193 1640 3236 s
1635 3201 1678 3226 uis
1687 3204 1808 3237 pariter
1819 3209 1884 3230 cum
1895 3199 1955 3229 illis
1967 3204 2000 3229 tn

1134 3241 1240 3275 bollum
1251 3243 1407 3285 procedere
1412 3243 1529 3282 faciet,
1555 3245 1588 3276 (π
1611 3246 1688 3285 quod
1700 3245 1759 3288 ipsi-
1770 3258 1832 3279 cum
1841 3246 1905 3290 suls
1928 3246 2001 3279 bello

1133 3293 1261 3335 intereffe
1288 3296 1347 3325 Deo
1372 3290 1543 3334 disponente
1565 3296 1730 3336 cogitabat.
1767 3296 1809 3330 Et
1830 3298 1897 3339 post
1918 3306 1999 3338 quae-

1133 3342 1209 3376 dam
1232 3342 1414 3376 Richardus
1434 3344 1657 3385 prosequitur:
1687 3345 1751 3384 Post
1762 3343 2002 3386 modicumunus-

1132 3391 1251 3434 qmsque
1274 3404 1338 3426 cum
1345 3390 1405 3434 suis
1425 3398 1548 3424 munitis
1561 3395 1595 3426 (tt
1616 3395 1727 3428 bellicis
1748 3401 1839 3428 armis
1866 3393 1998 3434 instruffl

1129 3444 1236 3492 iterum
1247 3442 1411 3479 Eboracum
1425 3448 1602 3480 conveniunt
1616 3469 1624 3477 .
1650 3447 1756 3489 ltaque
1775 3443 1837 3487 poll
1847 3453 1998 3485 acceptam

1640 3493 1670 3529 K
1864 3499 1968 3538 priva—
