2366 3736
668 173 764 205 ,ιη
791 153 1185 204 Panionium
1219 155 1530 202 HAEREsnvi.

259 290 568 334 ,Λα-[ιο
617 258 965 343 quiuTA.

255 391 334 427 Post
354 391 422 429 haec
442 392 606 436 objectum
622 388 668 423 est
681 411 693 429 ,
704 413 707 419 «
717 391 807 434 quod
820 388 972 434 Pelagius
985 389 1021 422 in
1031 399 1083 431 eo-

201 441 280 478 dem
290 442 459 483 Librosuo
471 442 558 487 polle
567 438 738 479 hominem
749 459 760 481 ,
777 441 808 473 ⁴si
822 440 898 474 velit
910 463 921 479 ,
943 440 1007 473 'effe
1017 439 1084 473 fine

205 503 341 537 peccato
366 493 521 537 posuerit.
546 489 591 523 Et
616 490 706 533 qnod
727 488 917 529 scribensad
939 488 1083 524 Viduam

205 543 388 581 adulatorie
407 541 540 579 dixerit:
571 543 716 575 Inveniat
727 542 956 583 apudtepieras
978 564 988 580 ‚
1014 551 1084 582 quae

207 592 354 636 nusquam
372 588 490 626 moenie
509 611 520 628 ‚
545 589 636 626 locum
657 602 672 632 ,·
698 594 855 632 imam,
882 590 988 632 ubique
1004 598 1084 632 pere-

202 649 349 686 grlnam3
377 651 407 674 re
413 639 514 684 ¹(idem
517 642 550 690 J
552 637 672 682 ustit123
700 644 845 688 Veritas,
865 651 956 682 quam
958 641 1029 681 jam
1038 651 1084 673 ne·

203 704 252 732 mo
270 688 429 736 cognpftjt,
454 689 607 729 domestica
627 690 687 728 tibiz
702 692 738 730 θ
756 695 854 725 awa
869 690 946 733 fiat3
963 692 1008 723 4Θ·
1019 693 1084 722 Lex

206 745 265 775 Del
277 739 380 784 ,quae
405 740 445 774 ab
466 740 603 779 omnibus
618 742 715 787 prope*
735 739 907 778 bominibus
926 739 1081 774 contemni-

206 802 275 831 tur,
302 794 324 824 ἃ
346 789 444 833 tesbla
469 791 624 823 honoretur
648 814 655 822 .
682 790 726 825 Et
747 791 864 825 iterum
886 790 927 824 ad
952 791 1080 832 ipsam:

203 846 232 875 0
255 851 284 874 re
298 841 420 883 felicem
442 843 476 877 (9
496 839 613 879 beatam
632 856 646 882 -,
665 838 860 883 fiJfflhh,
885 847 951 886 qaae
973 845 1006 871 in
1016 840 1085 875 caelo

205 893 325 925 tantum
347 893 398 935 effe
419 892 568 929 credenda
591 889 649 930 est,
675 891 761 931 apud
779 900 808 923 te
814 889 911 933 solam
931 894 1085 922 invenitur

205 946 241 974 m
260 947 368 977 urm
379 942 438 976 Et
458 941 498 975 in
520 939 589 974 'alio
607 938 647 973 ad
669 940 769 988 ipsam
782 938 908 980 Libro,
934 938 1033 985 post
1018 950 1084 973 ora·

205 992 338 1031 tionem
358 991 501 1031 Domini
533 989 566 1022 &
591 984 768 1026 salvatoris
790 990 891 1024 nostri
913 1015 924 1031 ,
961 989 1085 1024 docens

204 1040 485 1086 quemadmodum
506 1038 646 1077 debeant
665 1039 774 1080 Sanffi
795 1052 918 1082 orare,
945 1040 1008 1075 ait:
1033 1040 1086 1078 Ille

204 1092 251 1126 ad
263 1092 360 1130 Dium
374 1091 471 1134 'digne
490 1089 592 1129 elevat
612 1101 719 1123 manus
730 1113 743 1130 ,
768 1092 817 1124 ille
834 1097 995 1130 orationem
1006 1090 1084 1122 debs-

204 1150 242 1179 tae
259 1138 433 1184 conscientia
454 1139 602 1181 efficndit,
627 1145 678 1183 qui
694 1141 790 1182 potest
803 1142 917 1182 dicere;
944 1144 988 1174 Tu
1001 1140 1085 1180 nosti,

207 1193 298 1233 qucim
312 1189 431 1233 sanc‘lae
446 1191 480 1224 er
490 1196 660 1229 innocentes
671 1214 682 1230 ‚
710 1193 744 1229 (5
755 1193 875 1229 mundae
882 1191 944 1234 fint
957 1191 997 1223 ab
1008 1194 1086 1223 omn'i

206 1242 348 1280 malma,
373 1241 572 1283 &iniquitate
583 1264 595 1279 ,
621 1241 655 1273 Θ·
667 1250 760 1283 raptu
771 1265 782 1281 ,
803 1253 878 1283 quas
890 1243 935 1274 ad
947 1250 976 1274 te
986 1250 1087 1274 exten·

208 1292 247 1328 do
265 1302 396 1332 manur,
416 1291 663 1334 quemadmodum
668 1291 753 1330 justa
762 1293 917 1325 &munda
927 1291 1031 1331 labia,
1053 1292 1087 1323 ὁ·

208 1341 250 1374 ab
271 1346 351 1376 omni
373 1340 522 1374 mendacio
532 1339 648 1379 libera,
673 1342 785 1385 quibus
805 1340 891 1390 offero
912 1343 970 1374 nbi
987 1343 1086 1382 depre-

207 1397 372 1431 cationem,
398 1399 432 1427 ut
446 1389 523 1424 mih}
540 1388 723 1434 mfferearlsz.
755 1392 811 1425 Aa
828 1392 900 1426 hoc
903 1402 1015 1425 autem
1028 1390 1086 1423 Pe·
1106 1407 1109 1426 ;

206 1440 317 1485 lagius
331 1439 529 1485 respondens
548 1440 736 1472 ait.1>offe
754 1441 905 1482 quidem
915 1440 1086 1478 hominem
1106 1448 1108 1454 ·

209 1491 276 1529 srne
296 1500 430 1533 peccato
451 1489 514 1523 effe
531 1511 542 1533 ,
567 1488 601 1520 ὅ(
625 1489 689 1522 Dei
713 1489 865 1527 mandata
886 1489 1048 1523 custodire
1064 1490 1086 1522 fi

207 1541 310 1584 velit,
335 1538 496 1578 diximus.
525 1537 624 1570 Hanc
636 1540 725 1572 enim
739 1539 983 1581 poffibilitatem
997 1541 1087 1573 Deus

207 1589 258 1624 illi
277 1589 387 1624 dedit
414 1588 494 1621 Non
519 1593 629 1621 autern
650 1582 818 1634 diximus,
843 1589 1087 1634 quodinvenia-

209 1650 264 1674 tur
282 1640 401 1683 aliquis
421 1637 462 1676 ab
482 1637 621 1693 infantia
638 1639 739 1681 usque
759 1640 799 1673 ad
824 1640 1015 1680 senectam,
1031 1640 1087 1682 qui

209 1700 391 1733 numquam
415 1686 625 1731 peccaverit,
653 1688 705 1722 sed
726 1689 883 1731 quoniam
913 1690 931 1724 ὲ
953 1691 1088 1733 peccatis

209 1740 402 1780 conversus,
429 1738 562 1782 proprio
584 1737 737 1772 labore&
751 1740 815 1773 Dei
828 1750 931 1784 gratia
941 1741 1035 1786 poffit
1046 1742 1087 1774 es-

207 1792 244 1825 se
260 1789 325 1822 fine
347 1781 501 1832 peccato,
527 1798 587 1820 nec
613 1799 667 1830 per
679 1785 744 1822 hoc
755 1798 863 1824 tamen
877 1792 909 1823 in
923 1789 1085 1833 posterum

209 1837 487 1874 inconversibilis.
515 1836 655 1879 Reliqua
680 1839 780 1880 vero,
804 1850 872 1884 quae
886 1839 1089 1882 subjecerunt

209 1900 318 1934 neque
341 1890 376 1922 in
398 1886 485 1920 libris
506 1887 623 1920 nostris
647 1889 722 1922 sunt
754 1913 765 1930 ‚
793 1900 899 1933 neque
931 1890 1009 1924 talia
1031 1901 1089 1922 un-

210 1936 310 1983 quam
327 1939 470 1978 diximus
491 1962 498 1968 .
525 1937 590 1974 His
613 1937 734 1973 auditis
755 1964 767 1979 ‚
793 1940 948 1983 Synodus
968 1938 1053 1972 dixit
1081 1952 1088 1971 :

211 1988 384 2035 Qoniam
405 1997 504 2035 negas
528 1995 562 2019 te
581 1987 658 2019 talia
682 1987 851 2029 scripfifse,
879 1986 1090 2022 anathemati·

207 2050 249 2074 >za
262 2038 336 2071 illos
347 2037 403 2079 qui
415 2036 455 2069 fic
466 2044 600 2072 tenent.
627 2034 972 2081 Pelagiusrespondit:
1002 2039 1091 2071 Ana-

211 2088 392 2121 thematizo
413 2085 499 2128 quafi
524 2084 661 2124 stultos,
688 2096 756 2119 non
780 2088 865 2130 quali
889 2087 1089 2128 haereticos,

212 2138 369 2181 siquidem
390 2147 458 2169 non
486 2134 531 2168 est
552 2133 689 2178 dogma.
712 2136 843 2170 Deinde
863 2137 1090 2179 judicaverunt

211 2187 367 2231 Episcopi
389 2185 556 2222 dicentem,-
582 2184 685 2217 Nunc
706 2187 863 2227 quoniam
877 2186 1091 2221 anathemati-

211 2238 298 2271 zavit
310 2235 460 2279 Pelagius
477 2234 632 2266 insertum
653 2233 893 2278 stultiloquium
917 2261 927 2276 ,
954 2235 1037 2270 recte
1047 2246 1091 2269 re-

209 2285 373 2330 spondens
396 2283 566 2317 hominem
586 2293 659 2316 cum
686 2282 851 2325 adjutorio
863 2286 928 2319 Dei
941 2287 974 2320 &
987 2285 1090 2329 gratia

208 2337 297 2385 poss'e
317 2335 380 2369 effe
399 2334 466 2368 sme
479 2343 613 2378 peccato
625 2357 636 2373 ,
663 2334 856 2380 respondeat
867 2336 901 2371 &
913 2336 954 2371 ad
968 2337 1032 2371 alia
1043 2348 1092 2371 ca-¹

210 2387 313 2430 pirula
330 2410 336 2417 .

357 2483 612 2524 ACTIO
662 2484 941 2523 SEXTA.

261 2583 330 2617 Hic
341 2584 516 2627 sequuntur
526 2582 647 2625 objecta
661 2583 798 2628 Pelagio
809 2608 821 2628 ,
845 2595 916 2628 quae
928 2583 961 2618 in
974 2585 1087 2620 destri-

212 2646 254 2669 na
284 2633 419 2668 Celestii
444 2633 595 2675 discipuli
630 2633 697 2675 ejus
718 2635 898 2670 referuntur
920 2634 1055 2670 inventa
1080 2656 1089 2669 .

212 2683 321 2720 Adam
334 2684 505 2718 mortalem
523 2683 663 2722 factum,
689 2682 746 2728 qui
757 2684 819 2718 five
829 2695 973 2728 peccaret
985 2709 996 2725 ‚
1021 2686 1085 2719 sive

211 2745 281 2768 non
304 2741 471 2776 peccaret,
499 2732 674 2767 moriturus
686 2735 785 2775 effer,
812 2736 970 2778 quoniam
980 2745 1086 2778 pecca·

211 2794 282 2821 tum
306 2783 387 2817 Adae
407 2783 510 2826 ipsum
536 2783 639 2816 solum
662 2783 774 2817 laeserit
797 2807 807 2822 ‚
831 2783 864 2817 &
888 2797 957 2822 non
982 2796 1085 2829 genus

210 2833 393 2870 humanum
406 2858 413 2866 .
441 2833 612 2880 Qoniam
625 2833 695 2866 Lex
708 2834 748 2867 sic
760 2835 861 2868 mittit
875 2836 914 2869 ad
927 2847 1061 2879 regnum
1073 2861 1083 2876 ‚

209 2883 486 2926 quemadmodum
514 2882 731 2928 Evangelium
757 2908 765 2916 .
800 2884 892 2920 Ante
907 2886 1082 2919 adventum

211 2934 334 2967 Christi
356 2934 486 2968 fuerunt
500 2932 650 2968 homines
664 2934 727 2967 fine
739 2945 872 2977 peccato
888 2960 893 2966 .
913 2935 1082 2981 Qoniam

211 2983 352 3020 infantes
371 2995 473 3027 nuper
494 2985 559 3016 nati
584 2985 616 3016 in
642 2983 700 3017 illo
722 2984 806 3018 statu
826 2986 899 3019 sunt
921 3010 931 3025 ‚
960 2988 992 3018 in
1016 2997 1083 3029 quo

212 3032 319 3067 Adam
331 3035 394 3070 fuit
405 3044 483 3069 ante
502 3033 798 3077 praevaricationem
809 3060 817 3071 ,
846 3035 1017 3085 Quoniam
1030 3047 1081 3069 ne-

212 3094 275 3126 que
293 3091 345 3125 per
363 3090 502 3117 mortem
515 3086 563 3116 vel
578 3086 872 3126 praevaricationem
894 3086 973 3119 Adae
985 3097 1083 3118 omne

212 3143 315 3176 genus
336 3132 506 3169 hominum
529 3135 709 3174 moriatur,
735 3146 842 3178 neque
860 3146 917 3179 per·
937 3135 1086 3169 Resurre-

211 3182 353 3216 ctionem
374 3182 497 3217 Christi
515 3194 613 3218 omne
625 3196 735 3241 genus·
740 3183 913 3220 hominum
927 3187 1080 3230 resurgat.

210 3232 291 3265 Haec
313 3232 359 3266 it'a
378 3232 499 3275 obieeta
523 3236 616 3273 sunt,
643 3244 677 3269 ut
693 3234 806 3268 etiam
816 3235 899 3277 apud
912 3235 1081 3280 Carthagi·

210 3293 288 3317 nem
309 3281 350 3315 ab
372 3281 509 3318 Aurelio
528 3284 644 3320 &aliis
655 3285 825 3331 Episcopis
837 3286 1084 3321 dicerenturau·

208 3332 277 3366 dita
298 3342 394 3374 atque
416 3330 583 3366 damnata.

255 3381 390 3418 Deinde
411 3380 534 3424 obieeta
545 3384 617 3417 sunt
627 3383 660 3418 ὅ(
673 3386 735 3419 alia
748 3384 892 3430 quaedam
906 3411 916 3426 ,
943 3397 1082 3420 comme·

211 3432 396 3468 moratione
417 3431 503 3466 beari
518 3431 691 3477 Augustini
716 3436 899 3479 interpofita
910 3461 919 3476 ,
949 3448 1019 3478 quae
1033 3437 1081 3470 illi

212 3482 253 3517 de
269 3480 379 3519 Sicilia
391 3481 484 3519 inilia
504 3483 652 3524 fuerant,
679 3484 754 3519 curn
766 3484 810 3519 ibi
823 3486 948 3521 Fratres
959 3486 1082 3522 Catho-

1124 722 1126 724 μ
1144 692 1228 724 &um
1251 690 1296 723 est
1318 689 1458 732 superius
1472 714 1479 721 .

1896 168 1989 216 167

1144 239 1198 274 lici
1222 237 1406 283 hujusmodi
1429 239 1657 280 quaestionibus
1677 239 1880 276 turbarentur
1903 263 1910 270 .
1950 237 2013 270 Ista.

1144 292 1351 324 suntantem.
1379 289 1473 322 Poffe
1485 288 1652 325 hominem
1674 291 1741 328 fine
1753 299 1907 335 peccam,
1933 287 2016 320 five-

1145 341 1207 379 lit,
1234 341 1313 374 effe.
1341 339 1517 378 Infantes,
1538 341 1592 373 etfi
1619 352 1686 375 non
1711 341 1936 384 baptizentur,
1962 335 2019 370 ha-

1145 391 1217 424 bere
1235 391 1334 424 vitam
1356 399 1507 425 aeternam
1530 414 1536 420 .
1567 390 1695 425 Divites
1717 391 1928 434 baptizatos,
1955 385 2018 419 nist

1144 440 1297 475 omnibus
1319 440 1572 476 abrenuntient,
1597 440 1616 472 fi
1639 441 1718 483 quid
1740 440 1887 474 boninifi
1898 437 2020 475 fuerint

1145 491 1269 531 facere,
1295 500 1362 523 non
1387 489 1526 537 reputati
1549 488 1640 533 illis,
1668 501 1771 534 neque
1794 498 1930 539 regnum
1953 486 2020 524 Dei

1146 541 1232 584 posse
1251 539 1327 573 illos
1343 538 1480 576 habere

1196 589 1250 623 Ad
1271 588 1338 622 haec
1364 588 1420 623 sibi
1439 587 1566 631 objeiia
1589 588 1741 633 Pelagius
1763 590 1807 628 ita
1831 588 2023 630 respondit:

1145 638 1239 674 Posse
1260 640 1393 683 quidem
1415 637 1586 672 hominem
1607 639 1672 673 fine
1695 650 1829 681 peccato
1851 640 1913 671 effe
1934 663 1946 677 ,
1971 639 2017 672 di-

1509 690 1561 722 De
1584 700 1625 722 eo
1650 699 1757 722 autern
1777 689 1865 732 quod
1886 688 2019 722 fuerunt

1146 749 1221 778 ame
1245 740 1424 774 adventum
1449 739 1590 772 Domini
1615 737 1766 773 homines
1778 739 1841 771 fine
1854 748 1989 781 peccato
2010 762 2024 778 ,

1146 790 1285 828 dicimus
1306 790 1339 822 ὅ(
1354 795 1438 829 nos,
1461 788 1617 831 quoniam
1641 800 1717 822 ante
1737 789 1913 822 adventum
1927 786 2022 822 Chri-

1146 841 1186 872 sti
1210 840 1360 873 vixerunt
1379 838 1511 881 quidam
1535 838 1639 873 fauste
1661 840 1695 873 δι
1717 837 1815 881 juste,
1844 837 2024 872 secundum

1147 890 1381 937 Scripturarum
1394 889 1580 926 sanstarum
1584 888 1811 923 traditionem
1826 887 1964 932 Reliqua
1978 899 2026 921 ve-

1147 940 1183 972 τὸ
1195 939 1213 972 ὲ
1224 937 1368 973 medista
1381 948 1448 971 non
1465 939 1561 979 sunt,
1574 951 1631 982 pro
1643 938 1760 984 quibus
1772 948 1839 983 ego
1846 935 2026 972 satisfacere

1147 1000 1215 1022 non
1237 988 1365 1030 debeo,
1393 988 1444 1022 sed
1470 999 1579 1022 tamen
1590 989 1629 1023 ad
1643 989 1892 1023 satisfactionem
1915 988 2027 1021 sanstae

1146 1039 1293 1082 Synodi,
1318 1037 1670 1081 anathematipoillos,
1697 1038 1805 1084 quisic
1816 1047 1947 1078 tenent,
1971 1044 2028 1070 aut

1147 1088 1328 1133 aliquando
1351 1099 1548 1128 tenuerunt.
1575 1088 1652 1123 Post
1674 1088 1759 1124 hanc
1770 1089 1839 1132 ejus
1853 1088 2029 1132 responsio·

1149 1146 1223 1173 nem
1250 1138 1403 1182 synodus
1415 1139 1523 1173 dixit:
1550 1138 1603 1172 Ad
1616 1139 1682 1174 haec
1695 1139 1933 1182 distacapitula
1946 1137 2032 1171 suffi-

1147 1191 1270 1223 cienter
1287 1191 1319 1224 ἀ
1339 1186 1422 1223 redi&
1443 1189 1596 1224 satisfecit
1608 1189 1928 1234 ptaesensPelagius,
1954 1198 2033 1228 ana-

1148 1238 1364 1279 thematizans
1386 1250 1442 1278 ea,
1469 1250 1540 1283 quae
1559 1250 1627 1273 non
1638 1250 1729 1275 erant
1740 1239 1828 1283 ejus.

1222 1339 1303 1374 Allia
1323 1337 1386 1372 baec
1409 1345 1496 1371 extat
1508 1343 1626 1381 integra
1644 1345 1677 1372 in
1691 1339 1784 1373 Libro
1793 1340 1959 1381 depeccato

1509 1390 1649 1439 oraglnall
1660 1413 1667 1421 .

1198 1488 1353 1531 Synodus
1373 1489 1460 1529 dixit
1484 1501 1496 1521 .-
1523 1488 1625 1522 Nunc
1642 1487 1799 1531 quoniam
1825 1487 2039 1528 anathemati-

1148 1539 1231 1572 zavit
1246 1538 1398 1584 Pelagius
1426 1539 1580 1572 infertum
1593 1538 1848 1582 stultiloquium,
1877 1538 1959 1573 reste
1976 1538 2038 1571 res-

1149 1589 1298 1632 pondens
1317 1589 1487 1627 hominem
1507 1600 1582 1625 cum
1604 1588 1767 1629 adjutorio
1790 1588 1856 1623 Dei
1877 1590 1910 1623 &
1931 1590 2037 1632 gratia

1151 1640 1237 1681 posse
1259 1641 1322 1673 effe
1331 1647 1559 1677 anamarteton,
1588 1638 1696 1679 idest,
1719 1639 1785 1672 sine
1797 1650 1931 1682 peccato
1946 1664 1956 1679 ,
1979 1638 2041 1672 res-v

1150 1689 1290 1732 pondeat
1301 1690 1333 1723 ὃ(
1345 1690 1383 1722 ad
1398 1690 1459 1722 alia
1472 1688 1644 1730 Capitula.
1674 1687 1775 1722 Aliud
1799 1689 1989 1732 Capitulum
2003 1687 2040 1722 in

1150 1739 1294 1771 dostrina
1317 1739 1475 1778 celestii,
1502 1738 1649 1780 discipuli
1663 1738 1810 1781 Pelagii,
1837 1751 1877 1772 ex
1898 1739 1944 1771 eis
1968 1749 2039 1778 qua:

1151 1787 1354 1832 Carthagine
1370 1788 1387 1820 a
1410 1787 1675 1821 sansto‘Aurelio
1699 1785 1946 1831 Carthaginensi
1961 1788 2040 1830 Epi-

1152 1839 1250 1880 scopo
1274 1849 1348 1871 cum
1373 1836 1442 1871 aliis
1468 1836 1635 1880 Episcopis
1659 1837 1768 1870 audita
1783 1837 1880 1878 sunt,
1907 1839 2042 1871 &com-

1152 1897 1327 1922 memorata
1353 1899 1360 1919 :
1391 1887 1499 1926 Adam
1526 1882 1698 1926 mortalem
1721 1888 1841 1920 factum
1859 1912 1870 1927 ,
1898 1888 1953 1930 qui
1975 1886 2042 1921 five

1153 1949 1318 1982 peccaret,
1344 1936 1409 1975 sive
1421 1948 1487 1970 non
1502 1946 1668 1979 peccaret,
1696 1937 1874 1970 moriturus
1887 1939 1965 1971 effet
1978 1961 1987 1970 .

1200 1988 1369 2032 Qoniam
1393 1997 1559 2029 peccatum
1574 1987 1656 2021 Adae
1676 1986 1783 2030 ipsum
1797 1987 1906 2021 solum
1915 1987 2039 2031 laeserit,

1151 2037 1184 2071 &
1207 2048 1273 2070 non
1286 2047 1388 2080 genus
1407 2034 1603 2069 humanum.

1200 2088 1372 2134 Qoniam
1385 2087 1457 2120 Lex
1467 2085 1508 2119 fic
1524 2086 1634 2121 mittat
1645 2086 1685 2121 ad
1689 2097 1839 2133 regnum
1851 2112 1862 2129 ‚
1890 2087 2041 2129 quemad-

1151 2137 1289 2176 modum
1303 2138 1336 2169 &
1357 2136 1590 2180 Evangelium.
1700 2146 1702 2151 ’

1201 2185 1373 2232 Qoniatn
1394 2195 1471 2220 ante
1491 2186 1668 2220 adventum
1681 2184 1806 2225 Christi
1828 2187 1959 2221 fuerunt
1982 2185 2042 2221 ho·

1153 2235 1260 2269 mines
1278 2233 1344 2267 fine
1367 2244 1517 2277 peccato.

1206 2284 1309 2332 Qod
1340 2284 1480 2318 infantes
1500 2295 1602 2328 nuper
1625 2287 1693 2318 nati
1707 2285 1739 2317 in
1752 2296 1794 2319 eo
1804 2285 1887 2320 statu
1899 2287 1979 2325 sint,
2005 2286 2041 2321 in

1153 2346 1221 2379 quo
1232 2335 1341 2369 Adam
1354 2334 1415 2368 fuit
1427 2345 1503 2368 ante
1516 2334 1813 2379 praevaricationem
1826 2362 1834 2370 .

1201 2385 1373 2431 Qoniam
1395 2396 1501 2429 neque
1522 2396 1579 2431 per
1590 2395 1728 2419 mortem
1743 2386 1791 2423 vel
1807 2386 2040 2428 praevaricatio·

1154 2446 1227 2470 nem
1254 2434 1337 2468 Adae
1358 2446 1458 2468 omne
1470 2447 1573 2479 genus
1585 2434 1765 2469 humanum
1778 2436 1955 2475 moriatur,
1986 2442 2041 2469 ne'-

1152 2496 1214 2530 que
1234 2496 1288 2528 per
1308 2486 1566 2521 resurrectionem
1589 2484 1710 2518 Christi
1733 2494 1833 2518 omne
1854 2496 1959 2529 genus
1980 2484 2039 2520 hu-

1152 2547 1286 2570 manum
1308 2536 1467 2578 resurget.

1200 2586 1370 2635 Qioniam
1384 2585 1507 2617 sanstus
1522 2583 1695 2626 Episcopus
1707 2581 1916 2628 Augustinus
1927 2585 2037 2620 adver-

1148 2635 1219 2670 sum
1241 2634 1418 2677 discipulos
1438 2633 1504 2675 ejus
1527 2632 1560 2665 in
1573 2633 1682 2666 Sicilia
1710 2633 1876 2677 respondit
1901 2636 2037 2670 Hilario

1146 2686 1185 2719 ad
1207 2684 1342 2726 subjecta
1356 2683 1496 2725 capitula
1508 2683 1650 2716 scribens
1661 2682 1799 2717 Librum
1813 2710 1823 2724 ,
1850 2685 1884 2718 in
1898 2696 1964 2728 quo
1977 2686 2037 2720 ista

1146 2735 1374 2770 continentur:
1403 2733 1498 2770 Posse
1520 2732 1693 2771 hominem
1715 2733 1782 2768 fine
1792 2744 1925 2777 peccato
1936 2738 1998 2769 elie
2022 2759 2034 2776 ,

1147 2787 1166 2818 fi
1193 2784 1269 2818 velit
1281 2809 1288 2816 .

1195 2836 1358 2875 Infantes,
1384 2833 1440 2869 etsi
1454 2844 1521 2867 non
1537 2833 1762 2882 baptizentur,
1787 2831 1903 2869 habere
1930 2835 2033 2872 vitam

1144 2897 1306 2920 aeternam.

1192 2935 1320 2969 Divites
1331 2933 1508 2978 baptizatos
1522 2958 1531 2974 ‚
1551 2935 1606 2967 nili
1618 2934 1774 2968 omnibus
1783 2934 2028 2976 abrenuntient,

1143 2985 1164 3018 fi
1187 2986 1265 3029 quid
1290 2985 1368 3020 boni
1384 2985 1438 3018 nisi
1463 2985 1579 3018 fuerint
1590 2985 1717 3023 facere,
1747 2997 1814 3019 non
1826 2986 1965 3029 reputari
1989 2986 2028 3021 il·

1143 3036 1202 3076 lis,
1232 3047 1335 3079 neque
1356 3046 1492 3079 regnum
1507 3033 1571 3067 Dei
1587 3035 1674 3076 posse
1687 3034 1762 3069 illos
1775 3035 1912 3070 habete.

1193 3084 1346 3130 Pelagius
1363 3086 1467 3118 dixit:
1497 3083 1554 3117 De‘
1568 3085 1654 3126 posse
1665 3084 1797 3128 quidem
1811 3083 1980 3119 hominem
1992 3086 2024 3120 li-

1145 3147 1185 3169 ne
1205 3146 1338 3179 peccato
1360 3137 1442 3175 effe,
1468 3134 1588 3169 dicium
1599 3134 1642 3167 est
1655 3135 1817 3177 superius.
1847 3137 1898 3170 De
1918 3147 1958 3169 eo
1970 3147 2023 3170 au-

1143 3197 1218 3226 tem,
1235 3185 1323 3230 quod
1334 3186 1454 3220 fuerint
1467 3183 1620 3217 homines
1630 3195 1705 3218 ante
1718 3186 1893 3221 adventum
1907 3186 2026 3220 Domi-

1144 3237 1177 3269 ni
1199 3236 1265 3270 fine
1286 3247 1439 3278 peccato,
1466 3232 1603 3267 dicimus
1628 3236 1756 3276 &nos,
1784 3237 1957 3281 Quoniam
1969 3246 2023 3268 an-

1144 3297 1174 3319 te
1206 3286 1382 3320 adventum
1420 3282 1541 3317 Christi
1573 3285 1723 3319 vixerunt
1757 3287 1888 3328 quidam
1920 3283 2024 3318 sanste

1142 3337 1174 3370 &
1192 3335 1291 3378 juste,
1318 3334 1492 3369 secundnm
1517 3334 1751 3378 scripturarum
1775 3337 1950 3369 sanctarum
1965 3344 2023 3368 tra-

1142 3386 1322 3421 ditionem.
1353 3384 1492 3428 Reliqua
1517 3384 1592 3418 vero
1609 3386 1642 3418 ὅ(
1661 3385 1988 3427 secundumipsorum
2012 3407 2024 3424 ,

1143 3442 1257 3474 Hetotis
1286 3436 1583 3478 utique&Laezart',
1607 3435 1852 3473 testimonium,
1878 3434 2026 3477 quiaista

1143 3496 1209 3521 non
1233 3487 1307 3521 sunt
1318 3496 1375 3530 pro
1388 3483 1506 3528 quibus
1517 3496 1581 3530 ego
1594 3485 1774 3522 satisfacere
1784 3482 1941 3525 debeam,
1971 3483 2027 3518 sed

1865 3544 1975 3568 tamen
