2366 3736
452 113 546 161 356

388 191 505 229 pietate
529 186 563 219 ὠ·
589 185 735 228 Religione
758 182 891 225 instituta
917 182 955 223 est
983 207 994 223 ,
1019 186 1120 219 eadem
1145 192 1271 221 retinea-

391 244 442 269 tur
455 238 489 270 (⁹⁶
507 243 705 278 propagetur,
734 235 916 266 decernimus
943 243 977 266 ut
1003 237 1225 270 sacramentum
1236 244 1267 270 in

392 287 648 319 Altar1.decenter
669 293 770 315 ornato
781 284 949 325 collocetur,
979 285 1030 317 vel
1031 283 1061 326 fi
1066 293 1205 328 temporis
1218 285 1285 337 ναι-ἱ

387 343 431 369 m
446 341 602 378 patiatur,
631 333 715 374 Missa
736 334 914 367 celebretur.
943 335 974 369 S.
999 335 1139 370 Carolus
1160 339 1263 370 sanxit

382 397 425 420 ex
454 383 576 418 vetusta
588 383 826 418 consuetudine
841 384 962 425 totius,
991 387 1090 420 etiarn
1106 387 1262 421 Romanae

381 433 548 471 Ecclesiae,
574 432 713 475 quatiam
729 433 851 476 pridem
864 435 944 470 solet
966 435 999 468 in
1020 435 1109 479 ipso,
1124 437 1172 475 ⁴in
1193 448 1259 480 quo

377 482 559 527 expolitum
581 482 625 515 est
637 482 894 525 Sanctiffimum,
923 484 1028 519 Altari
1052 487 1166 521 Missas
1177 489 1257 521 cele·

375 534 482 567 brare.
503 534 546 567 Et
559 531 740 576 privatas&
756 533 915 577 publicas.
945 535 1037 569 Hinc
1049 537 1083 570 in
1096 538 1197 580 prima
1208 538 1252 571 sui

373 583 534 617 Thesauri
565 591 654 626 parte
685 583 944 619 Barthoiomaeus
966 587 1134 620 Gavanrus
1157 586 1251 621 docet

366 634 465 668 etiam
480 633 545 667 illis
557 632 725 668 Altaribus
735 659 745 675 ,
766 645 835 677 quae
844 634 968 668 habent
980 635 1171 670 Sanstiffimi
1183 637 1249 670 Ta-

368 684 577 718 bernaculum
590 708 600 724 ‚
626 682 742 719 debere
754 686 859 718 adesse
879 685 910 718 S.
923 686 1040 719 Crucis
1052 686 1192 730 effigiem
1215 688 1248 722 ὅ(

366 734 519 778 adjungit
532 735 691 768 cauffam:
720 737 881 776 Sacerdos,
908 735 1095 769 Solemnem
1110 737 1243 771 Missam

360 785 525 819 celebrans
536 808 547 824 ‚
573 793 683 817 remota
695 788 787 816 Cruce
798 808 809 823 ‚
835 787 911 827 quid
923 785 1070 827 inceffabit
1081 792 1113 818 in
1125 789 1220 820 medio
1232 789 1243 821 ?

358 838 432 868 Non
444 840 586 874 Crucem,
614 846 682 877 quae
695 844 753 865 non
762 835 826 877 esset
839 847 878 869 ex
898 834 1104 878 suppofitione.
1136 840 1242 880 Neque

356 887 578 919 sacramentum
586 909 597 924 ‚
612 886 695 926 quod
701 885 778 916 latet
788 909 795 916 .
810 888 867 917 Cui
879 887 996 926 quidem
1001 886 1238 929 genuflet‘lzmus,

353 944 389 968 ut
404 937 484 969 illud
491 937 669 974 adoremus,
691 933 751 975 sed
758 936 836 967 illud
844 933 1017 977 incensare,
1045 947 1123 969 more
1132 941 1232 970 Roma

349 996 386 1017 no
400 1010 411 1026 ,
438 999 495 1020 non
516 985 644 1028 solemus
656 1007 666 1023 ‚
693 984 751 1025 m'fi
770 993 871 1026 aperte
888 993 1015 1026 pateat.
1043 987 1134 1034 Qid
1154 1000 1234 1031 opus

1035 102 1669 150 Drsseurarto

1333 184 1504 221 lummodo
1523 184 1570 219 ait
1591 197 1660 220 non
1682 186 1745 220 effe
1766 187 2002 235 incongruum,
2028 189 2081 226 sed
2103 190 2208 226 maxi-

1331 235 1382 268 me
1401 236 1518 270 decens
1530 258 1542 275 ,
1569 244 1606 269 ut
1618 237 1854 271 Sandiffirnum
1876 252 2000 284 propter
2016 243 2113 275 talem
2126 233 2206 275 Mis-

1327 279 1396 319 sam
1418 283 1607 320 extrahatur
1623 297 1664 320 ex
1677 287 1735 321 suo
1746 287 1980 324 Tabernaeulo
1992 316 2003 332 ,
2027 293 2060 326 &
2074 293 2203 325 transse-

1326 343 1411 370 ratur
1433 336 1467 370 in
1488 334 1576 369 aliud
1602 333 1735 372 Altate.
1764 338 1807 372 Et
1830 339 1933 373 credit
1958 340 2132 386 antiquitus
2159 341 2202 374 fic

1325 385 1416 419 fuisse
1425 386 1546 420 fastum
1560 409 1567 416 .
1595 385 1639 421 Et
1648 386 1798 432 adjungit
1811 389 1970 424 rationes.-
2000 390 2201 434 ,Quodfisan-

1321 434 1465 475 lltffimum
1487 442 1518 468 in
1538 436 1637 468 altari
1656 439 1765 478 major}
1778 462 1790 479 ,
1815 441 1868 473 vel
1889 441 1969 480 alto,
1988 446 2030 473 ‘m
2048 436 2106 484 'quo
2129 443 2198 476 cele.

1320 485 1471 519 brundam
1492 491 1548 518 erit
1564 510 1574 525 ,
1602 487 1766 519 collocatum
1789 494 1957 530 reperiatur
1970 514 1980 530 ,
2004 489 2043 522 ab
2062 501 2093 524 eo
2115 493 2197 524 Alta·

1316 541 1343 567 rl
1369 541 1402 567 in
1427 537 1514 569 allud
1533 539 1651 569 omnino
1674 536 1918 577 transferendum
1937 540 1994 581 est,
2020 550 2057 573 ne
2073 547 2196 581 propte-

1314 587 1367 617 reei
1386 591 1464 617 ritus
1492 587 1526 619 <9¹
1546 588 1616 619 ordo
1639 590 1901 630 ceremoniarum,
1927 596 1979 633 qut
2000 595 2032 621 in
2053 588 2195 632 Iaujusmtr⁴

1312 635 1346 665 di
1366 635 1454 674 Mtffls
1479 634 1652 677 servandus
1681 637 1720 676 est
1740 661 1752 676 ,
1780 637 1913 672 turbetur
1934 665 1943 673 .
1981 642 2074 683 ,Quod
2092 645 2193 682 utique

1310 683 1423 726 absque
1447 685 1533 718 dubio
1552 691 1688 720 eveniret
1703 710 1714 726 ‚
1737 686 1766 725 fi
1778 688 1855 721 illud
1873 689 1916 722 ibt
1936 698 2102 724 remaneret
2121 715 2128 722 .
2145 692 2191 723 51-

1308 736 1427 775 quidem
1449 745 1497 767 nec
1525 736 1640 769 Altarts
1670 735 1865 778 Thurificatio
1884 763 1894 779 ‚
1932 751 1981 772 nec
2001 739 2188 774 celebrantis

1304 784 1400 824 aelio,
1427 795 1478 818 nec
1504 786 1703 827 ministrorum
1731 796 1860 828 operatio
1882 790 1960 824 reae*
1976 789 2045 831 fieri
2066 799 2119 822 aut
2123 788 2185 832 ser-

1276 852 1279 855 ·
1297 840 1374 867 -vari
1387 836 1519 878 poffent:
1550 840 1626 869 Cum
1653 836 1768 879 necesse
1788 837 1828 877 fit
1849 862 1860 877 ,
1886 845 1996 880 quoties
2014 847 2085 882 ante
2105 841 2184 872 illud

1300 883 1455 925 tranfimus
1476 909 1487 925 ,
1509 896 1607 929 genua
1629 888 1675 918 ad
1690 895 1807 920 terram
1823 888 1941 928 fleblere
1964 914 1977 930 ‚
2003 900 2054 922 nec
2076 889 2181 922 debeat

1298 935 1490 969 celebrantem
1512 943 1583 969 ante
1603 938 1680 969 illud
1697 936 1780 977 stare
1801 940 1854 971 vel
1862 937 1965 981 s'edere
1979 950 2043 972 cum
2061 942 2179 973 Mitra-

1300 984 1341 1017 Et
1366 985 1470 1019 infra:
1498 985 1664 1029 Episcopus
1678 999 1831 1030 nunquam
1836 988 1942 1031 sedere
1954 1014 1963 1029 ,
1987 988 2179 1032 sedsemper

345 1036 545 1070 authoritate
558 1036 907 1070 Commentariorum?
934 1035 1232 1072 RomaniMiffalis
1287 1031 1367 1070 stare
1387 1032 1480 1068 debet
1494 1034 1558 1074 fine
1580 1039 1692 1070 Mitra.
1721 1038 1849 1082 Nempe
1874 1039 1906 1073 in
1933 1040 2038 1074 Miffis
2059 1063 2070 1079 ,
2097 1049 2177 1083 quas

344 1085 496 1121 Rubricae
518 1086 623 1130 palam
643 1096 680 1118 ac
692 1084 806 1118 diserte
817 1086 997 1119 admittunt
1011 1087 1119 1120 offerri
1130 1088 1229 1122 Sacri-

342 1136 453 1170 ficium
479 1138 569 1180 super
589 1135 723 1177 Altam,
751 1136 786 1169 in
809 1146 876 1179 quo
890 1137 934 1170 est
957 1134 1225 1173 Tabernaculum

339 1186 532 1219 Sanstiffimi
544 1210 551 1218 .

387 1235 491 1270 Porro
503 1236 592 1270 istius
607 1236 778 1280 Scriptoris
801 1238 925 1280 primus
937 1247 1025 1271 error
1035 1237 1080 1271 est
1093 1259 1102 1276 ,
1129 1239 1220 1282 quod

335 1286 495 1329 superiora
518 1286 627 1321 saecula
653 1288 686 1320 in
710 1298 750 1321 eo
773 1286 903 1327 Altari,
930 1284 963 1320 in
978 1298 1044 1331 quo
1057 1288 1220 1324 Fidelium

333 1337 536 1371 venerationi
547 1347 615 1371 erat
628 1338 809 1380 expofitum
825 1336 1020 1372 Venerabile
1033 1362 1043 1377 ,
1068 1350 1138 1373 non
1154 1348 1218 1382 per-

330 1387 475 1421 miserint
506 1387 660 1421 celebrari
686 1387 931 1422 sacrosanctum
958 1388 1062 1422 Miffae
1086 1390 1215 1424 Sacrifi-

326 1437 432 1470 cium.
449 1437 540 1471 Errat
553 1438 585 1471 in
600 1438 766 1480 suppofito
779 1461 786 1469 .
802 1437 936 1472 Etenim
949 1439 1111 1481 superiora
1122 1438 1213 1474 Chri-

324 1487 439 1520 stianae'
454 1486 645 1532 Religionis
652 1489 766 1523 saecula
779 1487 1019 1523 Sacrosanstum
1032 1488 1214 1523 Sacramen-

323 1546 394 1571 tum
406 1538 583 1581 numquam
598 1537 807 1579 exponebant
823 1538 961 1581 publicae
975 1539 1188 1574 Venerationi
1202 1564 1212 1580 ‚

322 1586 381 1619 nifi
406 1585 552 1621 Paschali
577 1590 671 1621 nocte
692 1589 724 1620 in
752 1589 892 1631 gratiam
922 1586 1176 1630 Neophytorum
1202 1615 1208 1622 .

1119 1639 1206 1673 Neo-

319 1684 413 1727 phyti
438 1686 547 1719 statim
570 1686 588 1718 a
601 1684 768 1727 Baptismo
784 1686 986 1719 ducebantur
997 1688 1037 1721 ad
1054 1688 1169 1722 Altare
1197 1713 1206 1728 ,

317 1735 486 1777 adspeeturi
508 1733 769 1767 sublimiffimum
789 1744 827 1766 ac
853 1734 1092 1768 secretiffimum
1106 1737 1203 1771 Chri-

316 1785 425 1818 stianae
438 1784 628 1828 Religionis
641 1783 840 1826 Mysten-ium
854 1807 865 1823 ,
894 1782 935 1818 ad
948 1784 1039 1827 quod
1053 1784 1106 1827 pia
1121 1787 1202 1828 ipso-

315 1830 386 1868 rum
408 1835 573 1868 curiositas
597 1831 721 1867 dudum
732 1830 955 1868 anhelaverat.
986 1834 1089 1868 Tunc
1102 1835 1203 1878 igitur

1014 1884 1126 1932 Qare
1148 1896 1202 1918 aut

312 1935 441 1977 expleta
465 1934 521 1968 ista
542 1935 726 1969 curiositate
752 1933 979 1974 auferebatur,
1008 1945 1063 1968 aut
1084 1935 1117 1968 in
1140 1936 1201 1969 isto

312 1985 382 2027 ipso
397 1985 503 2019 Altari
525 1984 721 2019 offerebatur
732 1983 934 2019 Sacrificium
948 2008 956 2016 .
986 1983 1118 2019 Etenim
1131 1996 1198 2020 om·

312 2045 370 2069 nes
383 2045 463 2069 tunc
477 2035 623 2069 Ecclefiae
633 2046 701 2069 non
715 2033 899 2076 habebant,
924 2033 982 2068 nisi
994 2034 1130 2069 unicum
1143 2035 1200 2069 Al-

312 2096 396 2118 tare.
428 2086 538 2133 Qem
551 2085 648 2119 bonis
659 2083 810 2119 anchoris
822 2086 939 2119 nixum
957 2095 1081 2119 morem
1094 2084 1197 2120 Graeci

312 2136 497 2170 etiamnum
521 2136 622 2170 hodie
643 2135 1028 2170 constanterobservant.
1060 2135 1196 2180 Etapud

320 1636 423 1683 Qod
443 1638 548 1680 ipsum
570 1636 668 1670 fiebat
688 1636 722 1669 in
746 1636 839 1670 nocte
849 1636 1058 1671 pentecostes
1081 1664 1088 1671 .

313 1885 536 1927 exponebatur
555 1884 752 1927 Mysterium
776 1885 811 1917 in
840 1883 949 1918 Altari
980 1908 987 1915 .

314 2196 372 2218 nos
386 2186 523 2220 Latinos
535 2197 609 2220 ante
625 2185 743 2230 Vigilii
759 2185 935 2219 Pontificis
958 2196 1103 2228 tempora
1125 2197 1193 2221 non

312 2235 446 2276 reperies
467 2235 556 2278 plura
581 2236 706 2270 Altaria
730 2236 813 2269 intra
836 2236 973 2270 eandem
987 2235 1157 2269 Bafilicam
1188 2261 1194 2268 .

312 2287 362 2319 At
384 2285 461 2318 vero
482 2285 569 2329 quod
591 2285 725 2328 antiqua
736 2286 906 2328 disciplina
921 2285 1155 2319 Eucharistiam
1183 2310 1194 2327 ,

311 2335 367 2367 ubi
391 2333 408 2366 ὲ
421 2333 611 2378 Neophytis
626 2336 726 2368 fuerat
741 2335 804 2368 visa
818 2335 850 2368 ὅτ.
866 2335 998 2369 adorata
1013 2359 1023 2375 ,
1049 2347 1127 2369 mox
1142 2336 1190 2370 ab·

310 2385 434 2417 stulerit
448 2396 489 2418 ex
502 2383 608 2418 Altari
620 2407 631 2422 ,
657 2396 725 2427 quo
737 2383 885 2427 probabis
899 2384 1114 2417 testimonio?
1136 2386 1190 2418 Pe·

311 2435 403 2469 nitus
415 2435 506 2468 nullo
517 2460 524 2467 .
542 2433 686 2468 Proinde
698 2433 827 2477 penitus
836 2444 991 2477 apparens
1003 2434 1047 2466 est
1065 2433 1189 2467 Eucha-

309 2485 431 2518 ristiam
446 2483 597 2518 sacrificii
611 2494 754 2527 tempore
768 2481 862 2517 isthic
875 2483 1088 2526 permansisse.

360 2534 526 2569 Secundus
536 2546 623 2568 error
636 2534 681 2568 est
693 2534 816 2567 finister
828 2533 1009 2573 intelleetus
1034 2532 1183 2567 Ceremo-

311 2584 405 2619 nialis
428 2586 681 2628 Episcoporum.
712 2584 845 2618 Etenim
863 2584 896 2618 δε
922 2583 1016 2617 verba
1037 2584 1183 2617 mutilan-

309 2645 362 2669 tur
375 2660 384 2675 ‚
410 2635 443 2668 &
455 2635 561 2668 sensus
572 2635 779 2677 detorquetur
789 2658 796 2665 .
823 2633 904 2667 Haec
916 2635 988 2668 sunt
1005 2634 1098 2667 verba
1110 2633 1185 2667 inte·

309 2697 383 2729 gra.
411 2688 456 2716 Et
481 2685 547 2717 ideo
568 2695 624 2717 non
643 2689 829 2728 incongruum
842 2708 852 2724 ,
892 2685 931 2717 ed
937 2685 1068 2724 maxime
1081 2685 1184 2717 decens

308 2736 347 2769 ef}
359 2761 368 2775 ,
396 2744 429 2767 ut
445 2741 478 2766 in
495 2736 592 2767 altari
602 2758 612 2774 ,
624 2734 674 2767 ubi
686 2734 895 2774 sandlrffimum
906 2736 1125 2767 Sacramentum
1137 2734 1183 2774 est,

308 2786 402 2827 Missae
417 2796 473 2817 non
485 2784 665 2818 celebrentur
673 2807 680 2815 .
712 2786 804 2826 ,Quod
813 2791 982 2826 antiquItus
993 2782 1183 2826 observatum

307 2838 357 2877 effe
379 2836 533 2869 videmus.
561 2834 627 2868 Pro
650 2833 814 2867 intelle-stu
835 2834 978 2868 notanda
990 2835 1063 2868 sunt
1075 2834 1183 2877 plura.

306 2886 421 2920 Primo
433 2911 442 2926 ‚
471 2884 560 2928 quod
571 2884 803 2919 Ceremoniale
816 2883 877 2916 isto
892 2884 965 2918 loco
978 2896 1046 2918 non
1060 2895 1133 2928 agat
1144 2884 1184 2918 de

305 2935 435 2979 publice
456 2936 496 2969 ad
508 2934 736 2968 adorationem
747 2934 913 2976 exposito,
936 2933 987 2967 sed
1008 2934 1049 2968 de
1068 2934 1184 2977 quovis

306 2987 408 3019 modo
431 2987 522 3029 super
535 2985 651 3020 Altare
659 2983 811 3018 existenti
827 2984 1034 3021 Sacramento
1046 3007 1056 3022 ,
1080 2986 1180 3018 etiam

305 3036 347 3070 ele
369 3036 479 3070 clauso
502 3036 585 3068 intra
609 3035 724 3069 turrim
745 3043 801 3067 aut
814 3032 1079 3068 Taberuaculum
1094 3060 1101 3068 .
1131 3035 1181 3067 Se-

305 3085 440 3125 cundo,
468 3085 555 3126 quod
579 3095 654 3129 agat
682 3095 750 3118 non
762 3082 801 3116 de
814 3083 960 3126 qualibet
972 3083 1069 3117 Missa
1092 3107 1102 3123 ‚
1130 3084 1181 3118 sed

304 3136 347 3171 de
371 3136 436 3168 sola
461 3135 617 3172 solemni,
645 3133 838 3168 celebranda
858 3145 910 3176 per
934 3133 1035 3176 ipsum
1050 3134 1179 3176 Episco-

304 3196 383 3230 pum
398 3209 408 3225 ‚
434 3194 491 3218 aut
511 3184 622 3217 saltem
644 3196 752 3218 coram
766 3185 834 3226 ipso
847 3184 1088 3218 pontificaliter
1109 3195 1180 3226 prae-

304 3238 396 3271 sente
417 3235 450 3269 &
470 3234 630 3268 affistente
650 3259 657 3266 .
685 3233 824 3274 Tertio,
852 3235 941 3277 quod
962 3234 1060 3268 etiam
1083 3234 1178 3267 talem

306 3285 439 3319 Missam
464 3296 532 3318 non
556 3283 726 3328 prohibeat
739 3283 849 3317 fieriin
863 3284 991 3324 Alrari,
1019 3283 1074 3317 ubi
1104 3285 1182 3318 San-

303 3336 475 3369 &iffimum
497 3334 544 3378 est
555 3332 683 3377 publice
693 3335 872 3376 expositum
885 3360 892 3367 .
923 3334 1056 3368 Etenim
1068 3332 1100 3366 id
1112 3345 1176 3377 per·

301 3386 405 3419 mittit
427 3386 461 3418 in
484 3383 580 3418 Festo
602 3384 775 3417 Dominici
800 3384 957 3427 Corporis
980 3409 987 3416 .
1014 3384 1144 3432 Qarto
1170 3408 1180 3423 ‚

300 3434 391 3482 quod
407 3433 480 3470 aliIs
501 3434 601 3470 etiam
621 3433 734 3470 diebus
753 3433 813 3469 ista
826 3445 894 3469 non
906 3432 1096 3480 prohibeat.
1123 3434 1182 3480 803

1292 1093 1401 1119 cantat
1433 1095 1543 1119 coram
1570 1088 1715 1130 expofito
1749 1087 1938 1123 Venerabili
1963 1115 1970 1122 .
2005 1089 2175 1137 roirca

1293 1134 1522 1169 Ceremoniale
1540 1134 1599 1170 ista
1611 1137 1724 1171 omnia
1738 1138 1871 1180 suadet,
1898 1149 1965 1172 non
1987 1143 2064 1182 quia
2085 1138 2172 1174 inter

1288 1185 1469 1226 expositum
1491 1184 1735 1222 Sacramentum
1756 1187 2032 1223 &celebrandum
2045 1189 2173 1223 Sacrifi-

1286 1235 1375 1268 cium
1410 1235 1446 1268 fit
1478 1234 1603 1279 aliquid
1631 1236 2038 1284 incompatibilitaltisaeeut
2053 1238 2171 1272 incon-

1284 1285 1458 1328 gruentiae,
1487 1284 1541 1319 sed
1563 1285 1640 1328 quia
1661 1288 1730 1321 tale
1745 1286 1869 1331 aliquid
1881 1288 1925 1321 est
1939 1289 2024 1321 inter
2035 1287 2168 1331 publice

1282 1345 1335 1367 aut
1359 1333 1490 1370 occulte
1512 1336 1646 1378 praesens
1668 1337 1923 1380 Sacramentum·
1948 1338 1980 1372 &
2004 1332 2186 1372 solemnes‘

1282 1385 1402 1420 laudati
1422 1384 1576 1420 Sacrificii
1594 1387 1814 1422 ceremonias.
1844 1387 1938 1423 Hinc
1949 1387 2166 1422 ceremoniale

1278 1436 1470 1470 sanetiffimi
1494 1435 1741 1472 translationem
1756 1439 1863 1474 suadet
1885 1438 1984 1472 etiam
1997 1437 2030 1471 in
2047 1438 2159 1472 solem·

1279 1485 1372 1519 nibus
1394 1486 1632 1529 Episcoporum
1646 1486 1815 1532 Vesperis‘.
1845 1488 1988 1523 Proinde
2011 1486 2079 1522 haec
2089 1498 2162 1532 omq

1278 1538 1328 1569 nia
1343 1534 1427 1569 nihil
1442 1536 1570 1579 penitus
1584 1537 1709 1571 faciunt
1721 1540 1760 1573 ad
1781 1538 1984 1583 Propositum
1998 1563 2005 1570 .

1323 1587 1404 1620 Haec
1424 1586 1538 1620 omnia
1560 1587 1729 1621 manifeste
1749 1589 1968 1624 lucentetiam
1982 1600 2022 1623 ex
2037 1587 2159 1623 Rubri-

1271 1637 1317 1669 cis
1347 1636 1493 1670 Romani
1506 1637 1666 1678 Missam,
1693 1638 1778 1672 circa
1793 1639 1917 1672 Altaris
1938 1639 1956 1672 a
1968 1638 2156 1674 celebrante

1272 1685 1465 1727 Presbytero
1487 1686 1671 1720 faciendam
1697 1688 1959 1723 incensationem
1985 1688 2156 1722 statuentis

1271 1736 1353 1768 inter
1365 1746 1477 1771 caetera
1493 1748 1501 1766 ·.
1525 1737 1558 1766 51·
1568 1741 1600 1767 ln
1616 1737 1713 1767 Altari
1723 1737 1825 1777 suern
1836 1740 2073 1773 Tabernaculum
2099 1739 2151 1772 55.

1267 1787 1474 1824 sacramenti;
1504 1792 1618 1825 accepto
1642 1785 1823 1825 Thurlbulo,
1849 1796 2011 1829 antequam
2023 1792 2150 1828 incipiat

1267 1830 1493 1874 incensationem
1516 1855 1528 1871 ,
1550 1833 1720 1874 genufleffle
1745 1858 1755 1874 ,
1781 1836 1863 1876 quod
1886 1839 1964 1868 idem
1982 1837 2063 1876 facit
2082 1847 2151 1878 quo·

1266 1881 1440 1925 tufi-umque
1451 1880 1555 1923 transit
1565 1892 1635 1914 ante
1648 1884 1775 1916 medium
1789 1885 1902 1917 Altaris
1915 1909 1922 1917 .
1938 1883 2082 1918 Rubrica
2095 1895 2150 1928 pa-

1266 1934 1329 1966 lam
1352 1932 1496 1966 admittit
1509 1943 1546 1965 ac
1557 1931 1670 1974 probat
1686 1933 1864 1968 solemnem
1889 1935 1991 1968 etiam
2012 1933 2146 1969 Miffam

1262 1981 1413 2017 celebrari
1422 1983 1455 2016 in
1467 1981 1576 2016 Altari
1588 2005 1600 2022 ‚
1614 1982 1648 2014 in
1661 1994 1727 2026 quo
1739 1985 1783 2018 est
1795 1984 2031 2020 sanfflffimum
2044 2009 2052 2017 .
2070 1984 2146 2019 Nec

1261 2033 1476 2067 contrariatur
1486 2031 1696 2066 ceremoniali
1709 2058 1717 2066 .
1747 2033 1857 2069 Abfit.
1887 2036 2022 2070 Etenim
2035 2034 2146 2069 Mirra-

1261 2083 1290 2117 le
1306 2083 1346 2117 de
1358 2082 1573 2126 presbyterali
1585 2105 1595 2120 ‚
1608 2084 1825 2118 ceremoniale
1842 2085 1945 2120 sancit
1958 2084 1998 2119 de
2013 2082 2147 2128 Episco-

1260 2133 1323 2176 pali
1343 2133 1509 2167 Sacrificio
1523 2158 1535 2174 ‚
1560 2132 1652 2175 cujus
1663 2132 1810 2168 Ritualia
1830 2145 2031 2180 ornamenta?
2047 2145 2144 2168 com-

1260 2182 1357 2217 mode
1379 2183 1413 2217 &
1437 2182 1531 2226 plene
1550 2183 1710 2217 excerceri
1724 2195 1790 2218 non
1806 2184 1969 2226 posfintin
1981 2184 2143 2219 Sanctiffi-

1259 2234 1305 2267 mi
1327 2234 1524 2268 Sacramenti
1549 2233 1736 2276 praesentia.
1765 2234 1859 2268 Hinc
1881 2235 1957 2270 licet
1971 2245 2038 2268 non
2052 2245 2143 2269 man-

1256 2283 1311 2318 det
1324 2294 1450 2324 ,tamen
1471 2281 1580 2317 suadet
1592 2282 1674 2316 istud
1692 2294 1758 2317 non
1774 2285 1878 2319 adesse
1891 2286 1946 2318 tali
1960 2283 2140 2320 Sacrificio.

1308 2334 1349 2367 Et
1371 2333 1520 2377 adjungit
1547 2346 1554 2366 :
1581 2334 1675 2377 ‚Quod
1692 2339 1861 2376 antiquitus
1880 2333 2067 2378 observatum
2089 2334 2140 2378 effe

1256 2385 1412 2416 videmus.
1442 2383 1593 2417 Affirmat
1616 2383 1701 2417 duo.
1725 2383 1862 2423 Primo,
1890 2383 1977 2427 quod
2005 2384 2137 2426 Episco-

1255 2434 1325 2473 pale
1337 2433 1538 2466 Sacrificium
1551 2432 1632 2467 olim
1653 2443 1718 2465 non
1732 2432 1821 2466 fieret
1833 2433 1866 2466 in
1880 2434 2043 2476 praesentia
2057 2434 2136 2466 San-

1253 2483 1394 2516 cummi.
1422 2482 1552 2525 Nempe
1575 2481 1691 2515 mediis
1710 2480 1903 2515 Christianae
1925 2482 2019 2516 Fidei
2043 2483 2137 2516 saecu-

1251 2531 1289 2564 lis
1301 2557 1308 2564 .
1322 2531 1455 2566 Etenim
1468 2530 1683 2575 superioribus
1695 2531 1813 2565 saeculis
1824 2542 1937 2564 omnes
1961 2531 2059 2566 etiarn
2074 2531 2136 2568 La·

1251 2582 1324 2615 tinae
1343 2581 1492 2615 Ecclefiae
1506 2592 1572 2614 non
1586 2580 1748 2614 habebant
1761 2581 1814 2614 nili
1829 2581 1964 2616 unicum
1987 2579 2102 2616 Altare
2127 2593 2136 2614 ε

1253 2633 1291 2664 Et
1317 2631 1350 2664 in
1373 2631 1438 2666 isto
1461 2630 1644 2665 servabatur
1664 2632 1866 2665 Sacrosaneta
1892 2630 2093 2666 Eucharistia
2121 2656 2134 2674 ,

1249 2681 1387 2725 ideoque
1404 2692 1464 2715 nec
1487 2681 1666 2724 Episcopus
1694 2705 1706 2721 ,
1734 2692 1795 2715 nec
1818 2680 1997 2724 Presbyteri
2019 2682 2133 2718 offerre

1249 2741 1396 2775 poterant
1408 2756 1419 2772 ,
1447 2730 1505 2766 nisi
1518 2731 1551 2764 in
1568 2730 1657 2765 istius
1668 2731 1846 2773 praesentia.
1875 2731 2126 2767 Memoratuma

1246 2781 1613 2820 ceremonialimorem‚
1638 2780 1770 2824 ejusque
1792 2781 1954 2825 originem
1971 2782 2131 2826 disquire-

1246 2843 1277 2866 re
1292 2856 1302 2872 ,
1330 2845 1398 2866 non
1412 2833 1526 2875 spectat
1538 2830 1578 2865 ad
1592 2829 1736 2865 nostrum
1749 2832 1961 2874 propositum.
1977 2832 2019 2865 Et
2033 2831 2128 2866 Cerei

1246 2883 1388 2916 moniale
1411 2892 1534 2915 morem
1557 2881 1653 2914 istum
1676 2893 1743 2914 non
1757 2881 1944 2916 constanter
1962 2882 2099 2915 affirmat
2118 2906 2127 2914 .

1247 2934 1376 2966 Etenim
1397 2933 1486 2975 prior
1505 2931 1573 2975 ejus
1593 2929 1650 2964 sub
1663 2931 1836 2965 Clemente
1848 2932 1939 2974 V111p.
1961 2931 2126 2970 Pontifice

1242 2983 1346 3017 editio
1366 2981 1503 3020 habebat
1528 2995 1537 3014 :
1564 2982 1658 3024 ,Quod
1679 2986 1847 3024 antiquitus
1869 2980 2054 3026 observatum
2073 2982 2124 3023 effe

1242 3034 1379 3066 videmus
1398 3057 1403 3064 .
1434 3031 1626 3065 Hodiernus
1640 3040 1745 3065 textus
1757 3030 1873 3065 habet:
1895 3032 1987 3074 ,Quod
1997 3036 2126 3073 antiqui·-

1241 3085 1290 3116 tax
1302 3081 1488 3126 observatum
1497 3083 1548 3124 effe
1557 3083 1721 3115 credimus.
1739 3081 1911 3128 Qidquid
1925 3081 1960 3113 fit
1974 3081 2124 3115 Ceremo·
2154 3095 2163 3109 ε

1242 3133 1327 3166 niale
1348 3133 1486 3166 affirmat
1508 3131 1604 3165 istum
1632 3141 1754 3165 morem
1768 3132 1831 3173 jam
1842 3128 1950 3172 abjiffe
1964 3129 1996 3162 in
2010 3131 2124 3164 dissue-

1240 3183 1386 3217 tudinem
1403 3207 1410 3214 .
1438 3180 1540 3216 Addit
1555 3193 1681 3222 tamen,
1698 3191 1764 3215 non
1777 3179 1838 3213 effe
1852 3181 2065 3220 vetitum,aut
2077 3181 2123 3214 in·

1239 3244 1423 3277 congruum
1436 3256 1447 3272 ,
1464 3233 1485 3265 fi
1499 3232 1671 3266 resumatur
1684 3243 1721 3264 ac
1734 3232 1887 3263 servetur.
1916 3231 1957 3263 Er
1977 3230 2019 3269 ita
2034 3231 2121 3264 lucet

1241 3283 1322 3316 nihil
1343 3282 1549 3317 fundamenti
1570 3281 1648 3314 hinc
1659 3279 1890 3313 subministrari
1904 3281 2096 3314 Adversario
2113 3303 2121 3312 .

1288 3333 1422 3366 Tertius
1434 3332 1501 3374 ejus
1510 3343 1596 3364 error
1607 3330 1651 3364 est
1666 3355 1676 3369 ,
1701 3330 1780 3370 quod
1800 3330 1878 3362 allus
1881 3328 1920 3370 fit
1932 3329 2039 3370 Christi
2059 3334 2118 3363 Do-

1238 3388 1313 3416 mini
1331 3382 1426 3423 status
1446 3387 1478 3413 in
1501 3381 1592 3424 Miffae
1604 3379 1773 3421 Sacrificio,
1801 3380 1876 3412 alius
1897 3382 1969 3413 vero
1990 3380 2062 3412 dum
2081 3384 2122 3411 m>

1239 3435 1335 3469 Altam·
1353 3444 1417 3469 cum
1434 3429 1621 3475 solemnitate
1631 3430 1749 3473 publice
1761 3434 1916 3474 exponitur
1924 3429 2094 3464 adorandas
2105 3447 2121 3461 ,v

2020 3477 2073 3518 Iste
