2366 3736
2 3162 4 3164 ·
63 3144 188 3179 donum
214 3167 221 3174 .

600 167 666 197 De
701 147 1127 198 comunione
1163 162 1226 192 ετ
1261 148 1674 191 Arrntrtoue.

1901 162 1998 208 237

208 238 291 279 facit
311 239 422 272 malum
433 261 444 279 ,
469 237 505 278 est
517 242 548 271 in
561 247 591 272 te
600 239 675 281 fides
686 261 696 276 ‚
724 244 796 279 quta
807 239 894 270 te'mes
900 236 1039 277 ficturum
1049 235 1089 278 es·
1150 247 1210 279 qua
1231 240 1299 278 quis
1318 240 1458 277 recogitat
1477 247 1570 268 annos
1578 233 1645 277 suos
1655 239 1690 268 in
1701 233 1900 266 amaritudine
1909 241 2017 268 animae

66 286 130 320 Ser.
160 295 192 332 4.
207 287 240 330 se
263 292 318 322 Dei
335 290 503 330 judicium.
531 290 653 322 Gaudeo
671 286 743 328 fidet
765 297 825 319 tuae
839 311 850 326 ,
871 285 929 329 sed
944 285 1044 323 adbuc
1054 293 1089 318 ti-

47 347 114 379 cap·
131 348 159 372 ι.
212 349 271 370 meo
295 341 423 374 malitt'ae
434 363 444 379 ‚
472 341 525 373 seu
546 336 711 372 servilitati
723 345 784 369 tuae
795 362 802 370 .
833 337 875 369 Et
887 339 919 369 in
933 337 1091 370 sermoni·-

213 387 272 423 bus
284 387 323 422 de
338 389 441 424 verbis
456 388 593 425 Domini
609 399 616 418 :
630 389 835 429 ,Evangelium
844 398 889 420 eos
896 385 973 429 solos
981 395 1091 427 terret,

44 462 152 497 Trast·
161 472 192 507 9,
212 443 263 479 qui
274 440 366 481 fidem
378 438 488 472 babent
500 462 511 478 ‚
523 448 567 470 eos
577 444 674 468 autem
689 448 745 468 non
757 446 858 475 terret,
872 436 923 478 qui
930 436 1021 478 fidem
1034 448 1092 472 non

211 486 336 524 habent.
367 489 408 522 Et
421 490 453 521 in
466 485 648 521 tractatibus
660 487 750 529 super
764 487 859 525 saneti
873 486 1007 529 Joannis
1023 487 1093 531 Epi-

213 537 442 581 stolam.Caep1t
452 538 562 580 aliquis
573 537 690 574 credere
700 538 778 570 diem
782 538 920 578 judiciis
921 542 932 568 ι·
941 542 1027 578 caepit
1037 547 1094 569 cre-

214 588 294 628 dere,
305 597 392 630 caeptt
405 590 555 625 &simet-e.
572 588 614 620 Et
628 590 660 619 in
672 587 756 623 libro
767 597 879 621 contra
892 585 1093 620 Collatorem

215 639 339 672 sanstus
359 637 491 679 Prosper
515 638 620 679 lapsos
647 637 680 670 in
705 637 858 671 paradiso
870 636 1094 679 protoplastos

214 688 294 721 dicit
304 686 398 720 fuiffe
412 687 569 729 spoliatos
583 699 649 720 non
662 686 731 722 sola
743 687 828 730 fide,
854 687 910 729 spe
924 711 934 726 ‚
948 688 981 720 &
993 684 1094 720 chari-

215 747 281 771 tate
290 761 301 776 ‚
329 734 379 769 sed
404 748 463 770 nec
476 737 699 781 gehennarum
714 737 779 771 illis
792 737 939 774 mansisse
949 746 1073 770 metum
1085 760 1095 775 ‚

43 790 127 836 Cap,
148 799 202 837 19.
216 790 254 825 Ut
265 786 304 818 ab
314 786 486 819 interdic‘lis
499 788 552 823 vel
562 796 639 820 metu
649 794 790 820 caverent
799 795 898 832 poenae
912 809 922 825 ,
948 792 999 827 qui
1012 785 1093 823 obsti<

217 836 327 869 nebant
337 848 436 870 amore
440 836 567 877 justitiae
579 862 586 868 .
614 837 716 883 Qiod
730 847 847 878 nempe
862 835 1047 880 fineraliqna
1061 836 1095 868 'fi-

217 886 258 919 de
273 887 374 920 timor
386 886 444 919 iste
456 899 523 920 non
538 885 716 929 poffiteffe.
735 887 776 918 Et
789 885 868 918 hinc
884 886 924 919 de
937 883 1096 920 Catechu-

219 937 323 969 menis
334 937 414 970 dicit
424 937 621 974 sacrosancta
633 934 833 971 Tridentina
847 936 1016 977 Synodus:
1034 933 1097 974 Dis-

215 994 366 1028 ponuntur
385 987 430 1017 ad
448 983 545 1026 ipsam
558 983 706 1024 justitiam
721 1008 731 1023 ,
758 986 830 1017 dum
842 991 967 1018 excitati·
980 989 1097 1018 Divina

214 1031 320 1079 gratia
331 1035 364 1067 (5
373 1036 494 1075 adjuti,
517 1033 609 1075 fidem
620 1046 657 1066 ex
671 1035 776 1066 auditu
787 1041 978 1076 concipientes
992 1061 1002 1075 ‚
1028 1035 1096 1068 llbe-

219 1086 253 1118 re*
274 1094 428 1117 moventur
450 1089 484 1123 in
505 1087 602 1122 Deum
612 1108 622 1123 ‚
651 1087 685 1118 (ν
696 1085 766 1116 dum
775 1094 943 1126 peccatores
954 1085 986 1127 se
998 1086 1046 1127 effe
1057 1092 1099 1117 tn-

221 1135 386 1178 telligentes
398 1158 409 1174 ,
421 1133 689 1179 DivinaeJustitiae
704 1142 804 1169 timore
815 1137 924 1168 utiliter
939 1142 1101 1168 concutiun-

220 1193 269 1216 tur
282 1209 289 1215 .
315 1183 427 1219 Palam
441 1183 522 1222 dicit
537 1184 676 1222 infusam
691 1183 789 1223 fidem
803 1186 821 1220 a
842 1186 961 1220 timore
973 1187 1098 1229 praesup-

223 1244 302 1277 poni
315 1257 323 1266 .

64 1288 148 1324 Non
159 1290 206 1323 ςε-
274 1283 364 1317 Dico
384 1283 536 1319 timorem
558 1282 649 1317 hunc
674 1296 741 1318 non
757 1286 843 1328 poffe
857 1287 918 1320 effe
931 1285 991 1327 sine
1001 1285 1103 1326 aliqua

47 1350 104 1384 1³⁶¹
135 1340 206 1382 sup.
220 1333 282 1375 fide
294 1357 304 1373 ,
331 1334 364 1367 &
375 1334 475 1367 fidem
487 1334 626 1367 infusam
641 1333 681 1367 ab
694 1334 763 1377 ipso
770 1334 948 1378 frequenter
955 1334 1102 1378 supponi.

49 1388 146 1433 Ponit
174 1390 208 1421 fi.
226 1383 305 1416 Haec
324 1385 415 1416 enim
433 1395 499 1417 non
515 1385 636 1426 semper
649 1385 837 1426 supponitur
849 1409 856 1416 .
886 1386 1018 1418 Etenim
1034 1384 1101 1416 Hae·

52 1437 132 1472 dem
160 1438 209 1471 in·
226 1432 317 1466 retici
338 1434 439 1467 etiam
456 1456 467 1472 ,
491 1435 571 1475 quin
594 1434 771 1475 &quidam
785 1433 929 1477 Pagani,
957 1433 1105 1476 aquibus

51 1489 156 1522 fusam
168 1508 177 1519 .
226 1483 433 1516 remotissima
444 1482 488 1515 est
503 1483 608 1515 infusa
620 1481 700 1514 fides
717 1505 728 1520 ,
753 1483 938 1526 gehennam
964 1483 1106 1517 omnino

225 1533 343 1565 timent
353 1532 385 1564 δε
399 1534 593 1565 timuerunt.
622 1532 747 1565 Sufficit
760 1543 839 1577 ergo
851 1534 1003 1567 animalis
1015 1533 1104 1571 fides,

227 1581 262 1615 ὅ(
281 1582 401 1622 quaevis
413 1580 556 1613 humana
568 1581 743 1614 credulitas
757 1594 812 1615 aut
824 1584 982 1625 persuasio
995 1607 1005 1622 ,
1032 1593 1105 1623 qua·

229 1631 292 1669 lem
315 1630 499 1663 carnalibus
522 1630 635 1674 Judaeis
655 1631 783 1664 infuisse
795 1632 902 1665 scribit
921 1633 954 1665 in
971 1632 1055 1665 libro
1069 1631 1109 1664 de

229 1681 388 1723 spiritu&
409 1680 501 1714 litera
515 1682 638 1713 sanstus
657 1680 878 1724 Augustinus.
897 1682 995 1716 Addo
1009 1682 1108 1715 etiam

228 1729 324 1763 illum
339 1754 349 1770 ,
375 1731 431 1773 qui
444 1729 542 1763 fidem
556 1730 694 1764 infusam
709 1732 943 1774 praesupponit,
967 1743 1034 1765 non
1047 1733 1110 1764 esse

232 1780 374 1812 infusum
386 1790 441 1813 aut
455 1780 727 1822 supernaturalem
740 1805 747 1811 .
776 1781 878 1827 Qod
890 1784 979 1814 enim
991 1792 1058 1814 non
1072 1791 1111 1812 ex

232 1829 361 1872 speciali
380 1831 444 1862 Dei
470 1840 521 1871 per
538 1828 827 1870 stium-Christum
850 1831 958 1868 dono,
991 1831 1043 1863 sed
1070 1840 1110 1862 ex

210 1910 219 1923 ‚
234 1878 365 1921 proprio
389 1879 436 1915 sui
449 1889 559 1912 amore
573 1902 582 1917 ,
610 1878 758 1921 adeoque
771 1891 812 1912 ex
827 1891 907 1921 puro
921 1880 1020 1913 libero
1035 1878 1111 1912 arbi-

203 1955 214 1962 .
232 1929 296 1962 trio
320 1930 486 1967 nascatur,
512 1927 558 1960 est
582 1928 673 1971 supra
696 1929 859 1962 ostensum
874 1941 913 1962 ex
925 1930 1033 1962 sancto
1047 1930 1113 1962 Au-

55 1985 130 2020 ffim
161 1987 215 2018 jn..
232 1978 381 2021 gustino.
412 1978 455 2011 Et
476 1987 522 2010 res
543 1977 608 2018 ipsa
635 1979 773 2011 clamat.
803 1977 891 2011 Nam
905 1979 1060 2020 quiaeque
1074 1978 1114 2011 de

177 2059 184 2067 ,
232 2023 414 2070 infligenda
438 2027 577 2069 peccatis
602 2028 664 2060 suis
690 2038 742 2068 per
763 2027 883 2069 justum
898 2030 931 2062 &
952 2028 1116 2071 optimum

232 2078 343 2111 Deum
362 2074 513 2120 gehenna
525 2101 535 2116 ‚
563 2087 600 2109 ac
618 2076 659 2110 de
676 2076 858 2121 infligendo
880 2089 935 2121 per
946 2078 1116 2112 hominem

234 2126 363 2171 Regem
375 2126 507 2169 capitali
530 2127 689 2170 supplicio
703 2138 769 2159 non
782 2127 909 2161 dubitat
920 2154 929 2167 ,
943 2139 1116 2170 utrumque

232 2176 356 2209 malum
380 2187 446 2209 non
472 2176 575 2218 potest
601 2188 666 2209 non
690 2176 853 2219 aequaliter
865 2201 875 2216 ,
904 2178 1007 2210 immo
1031 2176 1116 2210 istud

233 2225 334 2270 longe
346 2226 452 2271 magis
463 2227 574 2268 fugere
588 2226 621 2259 ὅς
636 2224 783 2259 horrere.
803 2225 895 2259 Licet
911 2226 1007 2268 porro
1019 2227 1118 2259 timor

233 2275 291 2308 ille
311 2285 380 2307 non
406 2274 444 2309 fit
467 2275 614 2312 infusus,
639 2274 682 2307 est
709 2286 817 2308 tamen
841 2277 858 2309 a
880 2277 954 2310 Deo
975 2276 1118 2310 incuffus

234 2325 323 2357 astus
335 2348 346 2364 ,
373 2334 509 2366 quarum
524 2324 726 2358 Divinarum
737 2326 961 2360 causalitatum
974 2326 1117 2360 differen-

234 2374 315 2408 tiam
329 2385 492 2416 exponere
505 2385 572 2407 non
585 2374 701 2416 spectat
714 2374 753 2408 ad
769 2375 979 2419 quaestionem
993 2377 1118 2419 praesen-

236 2433 323 2458 tem.
349 2423 516 2457 Gehennae
538 2434 683 2463 metum,
713 2424 759 2458 uti
784 2426 970 2460 sanctum&
984 2427 1049 2459 Dei
1062 2427 1117 2460 do-

236 2484 318 2506 num
332 2497 341 2512 ,
369 2472 490 2506 laudari
520 2473 609 2507 vario
633 2474 727 2507 sancti
740 2475 918 2518 Augustini
932 2477 966 2510 &
977 2476 1116 2510 aliorum

237 2522 370 2555 Parrum
395 2523 586 2555 testimonio
610 2526 687 2555 novi
711 2548 719 2554 .
758 2524 885 2566 Nempe
907 2538 974 2559 non
1007 2526 1117 2559 omnis

239 2571 332 2605 istius
355 2572 431 2605 mali
450 2582 553 2604 metus
575 2571 619 2604 est
638 2573 923 2616 servilis·,'al¹quis
947 2577 1045 2610 etiam
1068 2589 1116 2609 ca-

237 2621 307 2655 'ssus
327 2623 370 2654 est
388 2646 397 2660 ,
425 2621 528 2664 qualis
547 2621 609 2654 fuit
632 2621 665 2654 in
682 2622 812 2656 Adamo
825 2635 901 2656 ante
915 2626 1057 2666 lapsum,
1083 2626 1116 2659 ὃς

237 2672 273 2705 in
296 2671 408 2704 multis
431 2671 537 2713 postea
550 2672 692 2711 Sanstis,
720 2671 909 2707 timentibus
922 2675 1019 2714 illud,
1047 2687 1113 2709 non

237 2722 314 2764 quia
338 2721 409 2763 ipsis
431 2721 547 2754 durum
563 2721 598 2754 fit
609 2746 619 2761 ,
648 2721 698 2755 sed
712 2723 786 2764 quia
797 2723 1024 2759 intellectualis
1034 2735 1116 2759 crea·

239 2782 314 2813 turae
325 2772 343 2804 ὲ
357 2771 492 2804 naturali
502 2771 570 2813 ejus
581 2771 645 2804 fine
658 2772 890 2814 separativum.

90 2845 142 2881 Co
170 2844 208 2878 tr.
288 2819 451 2854 Adversus
473 2822 607 2854 alterum
622 2822 758 2855 Martini
773 2823 907 2857 Lutheri
920 2836 1058 2858 errorem
1071 2826 1101 2858 sa

0 2890 1 2910 i
82 2896 90 2904 .
148 2856 167 2878 n
199 2857 222 2918 ξ’
238 2872 399 2907 crosansta
422 2871 620 2905 Tridentina
631 2872 786 2914 Synodus
809 2875 910 2907 emisit
922 2875 984 2908 hoc
997 2875 1109 2908 Decre-

30 2935 34 2941 ·
66 2905 199 2979 net-eg}
241 2933 328 2956 tum:
359 2923 446 2954 Illam
458 2925 671 2954 contritionem
684 2922 888 2963 imperfec‘lam
900 2948 909 2963 ‚
936 2937 1002 2967 quae
1023 2930 1111 2957 Attri-

64 2956 103 2989 pe
242 2976 280 3004 tio
302 2972 412 3004 dicitur
425 2995 435 3011 ‚
461 2977 598 3013 quoniam
611 2973 707 3004 velex
720 2976 919 3014 turpitudinis
927 2981 1040 3016 peccati
1050 2985 1112 3007 con-

63 3006 133 3029 oon
177 2995 219 3027 est
349 3027 353 3031 ⁴

67 3045 200 3087 peccatsi
217 3069 222 3075 .
238 3018 426 3060 fide'mwne’
452 3022 505 3054 vel
524 3034 562 3054 ex
580 3021 722 3065 gehennae
744 3024 941 3064 &poenarum
951 3036 1030 3058 metu
1041 3036 1101 3057 com

66 3093 121 3128 Est
157 3093 221 3127 Dei
243 3077 368 3102 munirer
378 3071 536 3112 concipitur
550 3096 559 3110 ‚
579 3071 609 3113 st
617 3073 800 3105 voluntatem
808 3077 950 3114 peccandi
964 3077 1114 3113 excludat,

241 3131 306 3152 cum
312 3118 365 3161 spe
376 3127 472 3153 vem'ae
484 3146 494 3161 ,
521 3123 652 3155 declarat
676 3124 870 3158 sacrosansta
884 3125 1035 3167 Synodus
1058 3136 1113 3158 non

67 3192 132 3226 sess
237 3168 329 3211 solum
341 3182 395 3201 non
404 3169 502 3210 facere
514 3171 656 3204 hominem
668 3171 843 3214 hypocritam
861 3177 894 3208 (τ
907 3182 1003 3219 magis
1015 3184 1112 3217 pecca—

68 3217 137 3286 αρ’
162 3205 185 3289 ἐ
213 3217 220 3224 ’
241 3229 332 3253 torem
343 3243 353 3259 ,
380 3221 578 3254 verumetiam
591 3224 646 3254 Dei
657 3224 764 3255 donum
775 3227 843 3266 esse,
860 3226 893 3257 (Ὗ
904 3227 1034 3267 Spiritus
1043 3224 1112 3268 san-

76 915 150 951 sets.
167 915 201 953 6.-

46 965 126 1011 Cap.
141 965 175 1002 6.

53 1612 135 1656 Cap.
152 1623 208 1661 32„

238 3320 358 3352 tantum
382 3326 524 3351 moventis
538 3344 548 3358 ,
575 3333 630 3362 quo
657 3326 809 3356 Poenitens
826 3327 949 3365 adjutus
960 3325 1016 3367 fibi
1028 3334 1113 3358 viam

239 3371 282 3402 ad
295 3368 445 3410 justitiam
460 3377 573 3409 parat.
602 3372 642 3405 Et
667 3372 756 3405 hunc
768 3374 939 3408 Canonem
954 3389 964 3408 .·
992 3378 1022 3408 Ii
1048 3382 1111 3416 quis

240 3421 354 3453 dixerit
363 3431 430 3451 eam
441 3423 651 3453 Contrttionem
673 3446 684 3462 ,
705 3435 773 3463 quae
780 3432 907 3465 paratur
914 3435 969 3466 per
980 3425 1110 3469 dis'cuffia

67 3366 144 3413 Cap.
161 3379 196 3415 ς.

1146 285 1229 330 suae,
1243 286 1439 330 ponderando
1456 293 1643 325 peccatorum
1659 282 1778 326 suorum
1797 285 1982 327 gravitatem
2010 308 2020 323 ,

1152 337 1392 373 multitudinem,
1407 333 1581 374 faeditatem
1592 359 1601 373 ,
1615 335 1784 373 armffionem
1798 342 1918 366 aeternae
1930 334 2023 366 beati·

1151 387 1267 419 tudinis
1281 409 1300 425 ,s
1319 387 1352 418 (9·
1363 392 1482 417 aeternae
1494 385 1693 419 damnationis
1705 382 1850 425 incursum
1863 408 1871 422 ,
1883 394 1948 415 cum
1958 392 2024 424 pro-

1149 435 1237 478 posito
1257 436 1383 471 melioris
1407 440 1504 472 vttae,
1530 445 1585 464 non
1606 435 1656 474 effe
1679 444 1781 465 verum
1793 445 1825 465 ac
1837 435 1937 466 utilem
1948 433 2021 467 dolo·

1151 497 1233 526 rem,
1260 496 1310 517 nec
1329 492 1506 524 praeparare
1527 485 1571 514 ad
1585 492 1737 524 gratiam,
1760 481 1922 524 sedfacere
1934 482 2025 515 homi·

1154 547 1221 569 nem
1234 534 1408 575 hypocritam
1420 536 1452 566 <5
1474 544 1567 575 magis
1583 540 1760 571 peccatorem
1770 545 1782 573 ;
1810 534 1926 565 demum
1943 534 2025 565 illum

1152 586 1203 629 effe
1215 585 1342 617 dolorem
1351 583 1482 619 coaequm
1496 608 1505 622 ,
1516 579 1550 616 δ’
1560 592 1616 613 non
1632 581 1754 613 liberum
1764 593 1797 613 ac
1809 582 2024 614 voluntarium:

1156 634 1320 668 anathema
1348 633 1386 675 sit
1410 659 1417 665 .
1445 632 1630 676 Distinguit
1656 630 1819 672 duplicem
1839 632 2027 672 poenitentis

1155 686 1256 719 animi
1277 695 1435 717 motum:v
1451 680 1620 716 'Gehennae
1642 692 1680 713 ac
1701 681 1835 713 aliarum
1861 692 2029 722 poenarum

1156 736 1299 769 servilem
1313 758 1323 773 ‚
1348 745 1389 766 ex
1411 731 1673 776 ,quoimperfesta
1692 728 1929 763 Poenitentium
1943 731 2033 763 Con-

1155 784 1246 819 tritio
1261 785 1479 821 communiter
1491 782 1675 825 concipitur
1688 805 1697 820 ‚
1711 790 1833 813 metum
1848 804 1857 818 ,
1869 781 1899 812 ἀ
1911 790 1950 812 ex
1963 780 2031 822 ipso

1157 845 1348 876 conce-ptam
1371 835 1606 866 Attritionem:
1637 831 1735 865 Hanc
1761 830 1876 863 definit
1889 831 1955 862 esse
1968 841 2049 863 mo·-

1158 896 1226 918 tum
1241 907 1251 923 ,
1279 896 1346 917 non
1369 883 1537 916 dumtaxat
1559 882 1672 916 utilem
1694 904 1704 919 ,
1731 880 1782 913 sed
1804 879 1837 911 &
1866 879 1939 912 licet
1967 889 2035 912 non

1159 935 1333 977 perfectam
1343 958 1353 973 ‚
1380 942 1488 965 tamen
1500 944 1606 966 veram
1622 930 1868 964 Contritionem
1882 952 1892 968 ,
1903 929 2037 972 Spiritus

1159 985 1256 1018 sandi
1278 982 1404 1018 donum
1429 995 1466 1016 ac
1490 983 1663 1025 impulsum
1681 1004 1691 1019 ,
1717 982 1825 1016 actum
1851 991 1916 1012 non
1939 979 2039 1011 incus-

1161 1035 1249 1072 sum,
1277 1034 1329 1067 sed
1339 1034 1504 1074 infusum,
1531 1030 1741 1077 impetrandae
1766 1041 1973 1072 peccatorum
1995 1040 2041 1062 re-

1161 1086 1302 1118 miffioni
1329 1085 1592 1126 praeparationem
1617 1092 1691 1115 curn
1707 1080 1917 1113 Sacramento
1932 1088 2041 1122 aptam

1161 1136 1192 1169 δε
1204 1132 1345 1168 omnino
1358 1133 1569 1167 sufficientem
1583 1158 1590 1164 .
1621 1132 1702 1179 Qae
1724 1131 1834 1164 omnia
1847 1129 1926 1163 caece
1938 1142 1974 1163 ac
1985 1129 2042 1161 im-

1163 1186 1214 1228 pie
1228 1182 1389 1218 Lutherus
1404 1184 1628 1226 impugnarat.
1658 1180 1824 1214 Laudatos
1837 1181 1919 1213 inter
1932 1189 2042 1213 motus

1162 1236 1208 1273 est
1231 1235 1352 1279 grande
1376 1233 1546 1269 discrimen
1559 1257 1570 1275 ,
1596 1231 1704 1265 statim
1716 1228 1946 1273 exponendum
1959 1253 1966 1261 .

1324 1333 1355 1366 C
1406 1333 1437 1365 A
1490 1333 1515 1366 P
1568 1331 1607 1364 U
1658 1330 1696 1362 T
1772 1330 1806 1363 X
1818 1330 1850 1362 V
1863 1330 1886 1362 1.

1193 1381 1376 1427 ‚Quaestiones
1388 1383 1498 1425 aliquot
1510 1387 1586 1414 circa
1594 1378 1734 1422 servilem
1741 1378 1887 1422 gehenna»
1897 1387 2004 1411 metum
2012 1404 2019 1411 .

1262 1434 1390 1468 Uaestio
1404 1433 1503 1475 prima
1515 1432 1558 1465 est
1575 1454 1585 1469 ,
1606 1430 1661 1462 An
1675 1430 1869 1462 sacrosanda
1879 1428 2049 1462 Tridenti·
2088 1442 2222 1479 Gehen,

1169 1435 1258 1531 Q
1289 1495 1328 1516 na
1339 1483 1490 1525 synodus
1508 1478 1588 1514 reste
1607 1479 1717 1518 dicat,
1744 1478 1832 1520 quod
1855 1480 1976 1512 servilis
1997 1489 2049 1522 ge·
2066 1506 2113 1528 ηπ
2160 1506 2225 1527 me,

1170 1533 1350 1568 hennarum
1376 1543 1481 1565 metus
1496 1542 1564 1564 non
1580 1527 1788 1562 solummodo
1800 1540 1967 1570 peccatum
1983 1540 2049 1562 non
2066 1556 2118 1578 tus
2154 1556 2225 1578 non

1169 1585 1204 1616 [it
1216 1607 1226 1622 ,
1254 1582 1308 1615 sed
1329 1593 1389 1615 nec
1408 1581 1579 1615 hominem
1592 1579 1689 1612 faciat
1703 1579 1806 1622 magis
1824 1580 2051 1620 peccatorem?
2068 1594 2145 1629 facit
2158 1606 2225 1627 ma,

1170 1632 1366 1675 Respondeo
1378 1629 1599 1666 adfirmative.
1629 1629 1762 1662 Etenim
1779 1628 1923 1670 loquitur
1934 1640 2009 1662 cum
2023 1628 2051 1661 S.
2068 1646 2119 1690 gis
2155 1656 2226 1687 pec,

1174 1682 1360 1726 Augustino
1387 1683 1420 1715 in
1448 1678 1650 1715 sermonibus
1677 1678 1718 1711 de
1746 1677 1850 1712 verbis
1879 1679 2030 1720 Apostoli
2045 1692 2055 1711 .·
2070 1705 2225 1728 catorem.

1171 1733 1247 1765 Cum
1267 1734 1330 1764 ideo
1350 1733 1468 1764 adulter
1482 1741 1539 1762 non
1548 1729 1599 1771 effe
1610 1733 1730 1769 coeperis
1748 1751 1758 1766 ,
1785 1734 1856 1769 quta
1869 1735 1955 1760 times
1969 1730 2054 1760 arde·
2072 1746 2135 1778 Ser·
2176 1742 2227 1780 18.

1172 1793 1203 1815 re
1215 1789 1247 1813 tn
1259 1788 1324 1824 igne
1333 1780 1512 1823 sempiterno
1526 1803 1536 1818 ,
1564 1779 1686 1811 necdum
1711 1778 1881 1813 laudandus
1894 1789 1925 1810 es
1948 1802 1955 1809 .
1983 1782 2055 1810 Non
2071 1806 2140 1838 cap,
2166 1805 2197 1841 7·

1172 1832 1288 1872 quidem
1307 1838 1351 1863 ita
1372 1831 1513 1863 dolendus
1535 1823 1573 1861 ut'
1587 1838 1679 1860 antea
1693 1850 1702 1865 ‚
1726 1825 1784 1868 sed
1808 1835 1913 1860 tamen
1924 1830 2056 1861 nondum

1172 1881 1360 1915 laudandus.
1387 1882 1498 1926 Qare
1521 1890 1587 1912 non
1608 1878 1651 1911 ita
1675 1888 1710 1910 ut
1736 1886 1831 1910 antea
1858 1877 2020 1911 dolendus
2039 1879 2056 1914 ἓ

1176 1931 1273 1966 Certe
1285 1942 1351 1964 non
1365 1931 1427 1963 alia
1438 1930 1478 1963 de
1489 1929 1583 1963 causa
1598 1951 1608 1967 ,
1637 1928 1693 1960 nisi
1705 1928 1780 1969 quia
1794 1928 1902 1961 minor
1915 1939 1948 1961 es
1960 1929 2057 1970 quam
2075 1921 2153 1964 CaP·
2166 1918 2223 1957 26.

1176 1990 1269 2014 antea
1286 1991 1448 2023 peccator.
1467 1980 1508 2012 Et
1525 1980 1558 2011 in
1575 1977 1658 2010 libro
1671 1977 1711 2010 de
1725 1977 1879 2019 patientia
1891 1978 1976 2011 idem
1992 1979 2064 2012 Au-

1176 2030 1323 2075 gustinus
1335 2030 1460 2064 scribit:
1489 2031 1520 2061 st
1534 2034 1599 2071 quis
1611 2038 1667 2060 non
1679 2026 1791 2060 habens
1802 2026 1982 2061 charitatem
1991 2051 2001 2067 ‚
2026 2034 2059 2060 tn

1177 2081 1274 2122 aliquo
1282 2078 1442 2122 schismate
1451 2077 1621 2117 constitutus
1635 2102 1644 2115 ,
1673 2088 1709 2110 ne
1722 2076 1871 2115 Christum
1889 2087 1972 2121 neget
1983 2103 1992 2117 ,
2001 2086 2060 2120 pa-

1177 2135 1252 2162 titur
1265 2130 1588 2162 tribulationertimore
1595 2126 1795 2170 gehennarum
1807 2128 1840 2160 (9⁶
1851 2133 1929 2170 ignit
1940 2134 2061 2167 aeterni,

1179 2181 1257 2212 nullo
1267 2181 1349 2211 modo
1362 2179 1416 2218 1sta
1426 2180 1576 2219 culpanda
1587 2177 1624 2215 est
1637 2200 1646 2215 ,
1674 2179 1762 2210 immo
1777 2179 1847 2209 vero
1860 2178 1892 2209 Co·
1913 2176 1975 2210 haec
1995 2178 2062 2210 lau·

1179 2229 1286 2261 danda
1294 2233 1447 2270 patientia
1460 2252 1466 2259 .
1495 2231 1568 2259 Non
1594 2227 1673 2259 em'm
1687 2227 1780 2258 dicere
1790 2232 1954 2268 poterimus
1967 2249 1977 2265 ,
2001 2238 2059 2260 me-

1177 2279 1236 2311 lius
1258 2283 1282 2311 ei
1302 2278 1404 2321 fuiffet
1416 2302 1426 2317 ,
1455 2286 1488 2309 ut
1503 2275 1649 2314 christum
1664 2277 1797 2318 negando
1812 2275 1889 2309 nibil
1900 2288 1997 2309 eorum
2005 2285 2063 2318 pa·

1179 2338 1289 2361 teretur
1299 2353 1309 2368 ‚
1337 2340 1404 2370 quae
1412 2328 1510 2370 paffus
1523 2326 1561 2365 est
1572 2326 1734 2366 confitendo
1748 2351 1757 2365 ,
1770 2323 1794 2367 s
1789 2327 1829 2358 ed
1835 2326 2061 2368 existimandum

1172 2377 1296 2420 fortasse
1319 2384 1347 2410 et
1367 2378 1547 2411 tolerabilius
1565 2375 1709 2416 futurum
1722 2377 1871 2415 judicium
1893 2399 1902 2414 ‚
1929 2387 2019 2417 quam
2035 2374 2065 2416 fi

1179 2428 1327 2469 christum
1342 2428 1476 2471 negando
1487 2426 1589 2458 cunc‘la
1601 2427 1655 2458 illa
1664 2432 1778 2457 vitaret
1791 2436 1800 2465 ;
1825 2434 1857 2456 ut
1871 2425 1945 2456 illud
1957 2449 1966 2464 ‚
1982 2427 2063 2466 quod

1178 2484 1222 2510 ait
1256 2476 1398 2518 Apostolus
1430 2501 1440 2515 ,
1478 2476 1515 2508 Sl
1545 2474 1838 2508 TRADIDERO
1866 2474 2060 2509 CORPUS

1179 2528 1334 2562 MEUM
1357 2527 1439 2559 [TA
1465 2524 1542 2558 UT
1563 2524 1792 2561 ARDEAM‚
1818 2524 2059 2558 CHARlTA-

1178 2578 1285 2610 TEM
1309 2574 1493 2610 AUTEM
1519 2573 1623 2608 NON
1649 2574 1857 2621 HAQEAM
1880 2598 1890 2615 ‚
1919 2575 2060 2609 NIHIL

1178 2627 1288 2661 MIHI
1309 2623 1550 2662 PRODEST‚
1577 2622 1656 2656 nibil
1670 2624 1801 2665 prodeffe
1824 2625 2005 2667 intelligatur
2018 2628 2061 2658 ad

1162 2664 1165 2694 ³
1177 2688 1299 2720 regnum
1311 2678 1444 2709 coelorum
1456 2673 1648 2706 obtinendum
1662 2696 1672 2711 ,
1698 2684 1754 2705 non
1763 2675 1806 2705 ad
1816 2680 1939 2706 extremi
1942 2677 2057 2714 judicit

1162 2723 1163 2726 Ἰ
1176 2726 1354 2761 tolerabilius
1364 2723 1538 2768 supplicium
1546 2723 1729 2765 subeundum
1744 2748 1750 2755 .
1770 2724 1858 2769 Qlia
1873 2734 1987 2766 nempe
2000 2726 2057 2759 iste

1176 2775 1400 2821 gehennarum
1420 2776 1518 2807 timor
1540 2773 1617 2806 facit
1631 2775 1739 2806 minus
1753 2782 1953 2815 peccatorem
1965 2797 1972 2805 .
2001 2775 2056 2808 Li-

1176 2826 1226 2860 cet
1251 2837 1319 2860 non
1344 2826 1495 2863 interna,
1521 2835 1655 2858 externa
1678 2834 1786 2856 tamen
1812 2834 1938 2863 peccata
1952 2824 2056 2865 vitat,

1175 2887 1272 2920 atque
1296 2877 1340 2910 ita
1364 2874 1504 2909 mediam
1530 2874 1657 2907 Divinae
1679 2873 1760 2916 legis
1792 2884 1911 2914 partem
1924 2875 2052 2915 explet:

1175 2926 1277 2973 Qod
1295 2926 1367 2970 quis
1393 2936 1458 2958 non
1473 2924 1559 2957 videt
1581 2924 1646 2956 esse
1661 2933 1828 2964 peccatum
1843 2923 1949 2957 minus
1961 2924 2055 2966 plena

1177 2977 1454 3020 praevaricatione?

1223 3025 1347 3060 Verum
1367 3026 1399 3058 in
1425 3026 1478 3057 sua
1500 3022 1647 3056 adversus
1671 3021 1791 3056 Leonis
1812 3022 1855 3055 X.
1880 3021 2053 3059 pontificis
2083 3023 2221 3059 Lutheri

1177 3077 1303 3110 Bullam
1336 3074 1488 3118 apologia
1517 3071 1680 3104 Martinus
1705 3071 1867 3105 Lutherus
1902 3073 2015 3116 objicit
2043 3090 2052 3108 :
2068 3077 2214 3119 argume-

1176 3126 1352 3168 Apostolus
1382 3125 1462 3157 dicit
1488 3123 1591 3165 legem
1603 3122 1697 3154 fuisse
1708 3123 1808 3165 gratia
1823 3125 2051 3166 praevaricatio·
2068 3135 2138 3158 tum
2164 3125 2225 3158 sol-

1177 3177 1225 3210 nis
1245 3176 1398 3220 positam,
1427 3174 1460 3207 &
1484 3182 1518 3204 ut
1543 3170 1905 3214 abundaretdeliRum3
1932 3174 2051 3208 atvero
2069 3175 2168 3209 vitur.

1176 3237 1229 3270 per
1241 3227 1344 3271 legem
1358 3224 1442 3257 idem
1459 3221 1638 3264 Apostolus
1659 3221 1815 3266 intelligit
1829 3224 2001 3265 palmarem
2014 3236 2051 3257 ac

239 3269 279 3302 θ’
302 3267 455 3311 impulsum
470 3294 480 3308 2
507 3283 563 3303 mn
576 3272 671 3304 adhuc
685 3274 1016 3315 quideminhabitantis
1029 3298 1039 3313 ,
1061 3274 1116 3317 sed
1176 3276 1240 3310 fere
1251 3278 1382 3310 unicum
1397 3273 1475 3316 legis
1486 3272 1632 3305 effectum
1645 3297 1654 3311 ‚
1683 3272 1722 3307 ab
1746 3274 1809 3315 ipsa
1823 3273 1984 3306 incussum
1999 3284 2052 3317 ge·

1177 3325 1290 3360 hennae
1303 3338 1338 3359 ac
1353 3324 1487 3357 aliarum
1504 3333 1672 3364 poenarum
1688 3333 1832 3364 metum3
1862 3332 1940 3365 ergo
1953 3324 2051 3357 etiam

1178 3375 1229 3411 hic
1251 3377 1290 3410 ad
1314 3374 1423 3408 delicti
1448 3370 1682 3405 abundantiam
1696 3372 1790 3405 nobis
1805 3373 1981 3411 incutitur,
2008 3373 2053 3406 fa-

1175 3427 1281 3469 citque
1306 3436 1365 3458 nos
1390 3422 1493 3466 magis
1507 3431 1702 3464 peccatores.
1732 3421 1925 3462 Respondeo
1940 3422 2050 3457 falsam

237 3480 326 3510 vem>
351 3469 540 3505 collectionem
560 3494 570 3511 ι
596 3472 630 3505 (θ’
651 3469 873 3512 detestationem
891 3481 1076 3516 peecatorum
1101 3500 1112 3517 ,
1174 3478 1240 3512 esse
1260 3477 1438 3510 minorem.
1466 3471 1599 3507 Etenim
1627 3472 1680 3506 lex
1701 3471 1782 3506 duos
1793 3470 1891 3506 habet
1904 3472 2059 3515 palmares

1937 3522 2008 3556 effe-
