2366 3736
62 376 146 413 Can.
158 379 211 414 60.

666 58 1067 106 Stant

227 141 430 183 praecipiendo
454 131 637 186 mandamus
650 165 660 180 ,
680 149 714 175 ut
727 140 763 177 de
777 148 881 177 caetero
896 140 971 175 talia
990 151 1048 173 non
1058 149 1102 176 at-

227 198 348 223 tentent
360 215 371 230 ‚
392 200 444 224 aut
464 196 496 223 in
516 195 652 233 proximo
671 191 858 226 Provinciali
877 189 1006 225 Concilio
1013 190 1104 232 fidem

231 239 328 273 Nobis
339 239 463 284 faciant
479 243 726 284 privilegiorum,
745 241 852 282 quibus
863 240 920 282 fibi
930 241 1023 275 talem
1036 246 1104 274 vin·

229 294 331 327 dicant
340 291 532 333 potestatem.
558 291 667 325 Etiam
677 289 767 333 supra
779 290 926 326 laudatus
948 290 1104 327 Innocen-

228 343 269 377 tii
292 340 347 375 111.
364 342 396 375 in
410 338 614 376 Lateranenst
626 339 765 381 synodo
777 341 897 375 Canon
910 339 1022 375 eadem
1045 340 1103 379 ista

230 392 395 427 interdicit
412 389 596 427 Abbatibus
608 412 617 428 ‚
639 389 843 424 &subnectit
855 404 865 424 .·
889 386 1034 432 Praesemi
1050 392 1105 424 De·

229 450 302 477 creto
321 442 447 483 firmiter
466 439 676 482 probibemus,
697 450 733 473 ne
754 446 824 483 quir
845 440 994 474 abbatum
1005 442 1049 472 ad
1060 449 1102 472 ta-

228 495 273 527 lta
291 491 323 535 se
341 490 509 535 praesumat
527 490 707 530 extendere,
733 490 880 533 nififhrte
901 489 1055 533 quisquam
1066 501 1105 522 eo-

229 554 296 577 rum
317 541 440 584 special}
468 540 629 579 conceffione
652 540 701 572 vel
720 542 781 573 alia
803 541 939 584 legitima
957 539 1044 583 causa
1057 537 1106 583 su-

225 603 284 636 per
305 589 471 633 hujusmodi
494 591 596 624 valeat
616 588 651 633 se
671 595 766 624 tueri.
797 590 850 624 Ad
873 590 1106 625 duodecimum

229 642 353 675 Christi
378 641 517 675 Domini
542 640 690 673 saeculum
714 640 772 674 ista
790 639 957 674 Abbaturn
979 640 1106 683 privile-

227 694 282 736 gia
305 702 471 734 coeperunt
491 690 708 723 invalescere:
735 690 879 723 Romani
906 690 1108 727 Pontifices,

228 740 342 785 utpOte
359 751 474 774 omnes
497 741 562 775 fere
583 741 735 782 assumpti
758 751 798 774 ex
825 741 854 774 S.
868 740 1033 774 Benedisti
1047 741 1107 775 Or-

226 792 329 830 dine,
358 792 490 824 fuerunt
516 790 550 824 in
574 789 740 822 Abbatum
762 788 921 823 honorem
943 788 1088 823 liberales
1102 813 1109 820 .

228 843 321 876 Hinc
354 840 487 884 quidam
509 838 655 874 Abbates
678 840 873 873 censuerunt
897 839 955 872 ista.
985 839 1109 881 privile-

227 893 283 936 gia
307 891 374 925 esse
395 891 458 933 jam
470 890 527 924 fibi
550 899 730 923 commune
740 888 809 931 jus,
830 890 863 922 &
885 889 1039 931 deinceps
1051 889 1106 922 fin.

227 941 332 987 gulari
347 941 476 974 indultu
489 951 558 973 non
580 939 646 972 esse
668 948 764 982 opus.
797 938 943 973 Cunctos
965 937 1109 974 Abbates
1164 969 1166 971 .

227 992 422 1026 censuerunt
436 991 502 1023 esse
517 987 658 1022 Abbates
669 1013 677 1020 .
700 988 743 1022 Et
754 987 805 1021 isti
820 988 996 1023 Attentato
1015 988 1108 1032 primi

226 1040 402 1075 obviarunt
414 1037 607 1075 cardinales
621 1036 785 1073 Paschalis
799 1038 839 1072 11.
866 1039 912 1072 At
925 1039 1028 1081 ipsum
1041 1049 1107 1073 non

227 1090 462 1125 extinxerunt.
490 1088 583 1122 Hinc
597 1098 679 1130 opus
688 1088 751 1122 fuit
765 1089 856 1123 novis
869 1089 1030 1129 Decretis,
1041 1100 1106 1122 non

228 1141 400 1175 dumtaxat
424 1140 443 1174 a
464 1137 931 1182 ProvinciaIiSalisburgenfi,
953 1150 1008 1172 aut
1022 1139 1110 1173 Dioe-

228 1191 342 1225 cesana
363 1188 542 1223 Viennensi
558 1212 569 1228 ,
594 1188 648 1222 sed
671 1188 770 1222 etiam
792 1189 809 1222 ὲ
834 1188 1045 1223 patriarchali
1069 1189 1110 1221 se-

227 1239 470 1274 cundiCalixti
486 1262 497 1278 ,
519 1238 666 1271 acetia'm
689 1239 730 1273 ab
749 1240 950 1273 oecumenica
973 1238 1110 1281 Synodo

231 1289 420 1325 Innocentii
435 1288 490 1322 111.
506 1287 649 1321 Proinde
661 1288 812 1322 Calixtus
826 1300 892 1322 non
906 1289 1110 1332 quibuscum-

230 1352 295 1384 que
309 1339 493 1374 Abbatibus
506 1337 675 1372 interdixit
689 1338 807 1372 Missas
820 1339 963 1382 publicas
976 1363 987 1378 ‚
997 1338 1049 1371 sed
1063 1337 1109 1371 so-

230 1391 271 1424 lis
284 1391 371 1429 illis,
392 1390 448 1433 qui
462 1400 529 1422 non
545 1385 702 1422 haberent
726 1389 922 1433 singularem
946 1388 1110 1432 privilegi-

229 1452 287 1474 um
300 1463 307 1471 .
336 1439 554 1481 privilegiatis
567 1463 577 1478 ,
600 1437 657 1471 nisi
671 1438 896 1473 circumdusto
918 1437 1113 1483 privilegio,

232 1502 302 1526 nou
328 1490 436 1534 'potuit
457 1488 667 1522 interdicere.

466 1586 744 1623 CAPUT
803 1587 874 1622 XI.

233 1695 397 1735 Anquuum
438 1686 751 1725 Hiero-Monacborum
776 1687 809 1719 In
832 1686 1028 1726 praedicando
1060 1687 1113 1728 ‚ius

378 1736 530 1780 stabilimr
555 1738 625 1771 alus
651 1736 749 1770 adhuc
774 1735 966 1778 testimonin-

324 1838 471 1874 Xcedere
491 1821 595 1873 nolim
608 1834 796 1870 testimonia
809 1834 992 1868 Gallicana:
1004 1834 1114 1869 Eccle-

339 1891 404 1922 siae.
432 1887 511 1923 Haec
524 1888 608 1921 circa
621 1886 748 1927 septimi
762 1884 866 1918 saeculi
889 1885 1035 1919 medium
1059 1885 1114 1918 sta-

232 1942 298 1975 tuit
319 1938 532 1982 Synodaliter
552 1936 636 1980 apud
650 1935 913 1979 Bonogelensem
936 1935 1115 1969 Meldenfis

138 2000 144 2008 ·
183 2001 190 2010 ·
234 1990 305 2035 agri
328 1989 461 2023 villam·
487 1993 526 2021 Ut
548 1993 629 2020 intra
651 1987 738 2026 Septa
759 1983 925 2026 Monasterii
943 1996 999 2018 non
1020 1985 1118 2026 bapti·

232 2051 340 2080 zetur,
362 2050 412 2072 nec
434 2040 520 2082 Missa
540 2035 745 2077 defunc‘lorum
760 2033 954 2078 saecularium
973 2035 1115 2068 celebren-

234 2100 285 2124 tur
307 2115 318 2131 ,
341 2101 391 2122 nec
416 2088 606 2132 saeculari'um
626 2095 745 2127 corpora
780 2085 891 2118 ibidem
916 2083 1115 2127 fipellantur.

237 2138 377 2182 Forsitan
395 2139 533 2181 permiffu
559 2135 707 2178 Pontificis
722 2160 729 2168 .
756 2134 888 2168 Textus
909 2134 955 2168 est
968 2136 1117 2169 mutilus.

232 2190 403 2224 Existimo
414 2187 630 2233 supplendum
644 2199 651 2219 :
678 2183 748 2225 Nili
758 2183 888 2225 forsitan
898 2186 1032 2228 permissu
1041 2188 1113 2218 Pon·

230 2240 324 2282 'tificis
346 2264 355 2272 .
385 2238 530 2273 Proinde
552 2235 754 2270 Monasseria
774 2235 868 2267 antea
887 2234 1027 2278 agebant
1055 2234 1114 2268 ista

235 2291 295 2324 suo
317 2288 477 2322 arbitrio.
507 2288 551 2321 Et
561 2285 714 2329 Synodus
729 2296 794 2317 non
808 2284 936 2324 abolet,
962 2284 1013 2318 sed
1026 2295 1114 2319 man-

235 2339 292 2373 dat
313 2339 466 2382 deinceps
479 2348 546 2372 non
568 2336 642 2380 agi,
668 2335 725 2370 nisi
745 2334 786 2368 de
804 2335 961 2369 consensu
986 2335 1112 2378 Episco-

235 2400 352 2434 porum
364 2411 371 2420 .
398 2389 448 2423 Et‘
464 2387 545 2422 reste
565 2385 752 2420 mandavit.

286 2439 341 2471 Ad
366 2448 492 2471 nonum
514 2437 661 2470 fieculum
684 2435 797 2469 statuit
820 2435 855 2468 in
892 2436 950 2469 suo
972 2435 1112 2477 Capitu-

237 2489 295 2522 lari
321 2489 350 2521 S.
374 2484 620 2528 Theodulphus
652 2483 832 2528 Episcopus
857 2484 1112 2519 Aurelianensis:

237 2541 388 2572 sancitum
410 2545 443 2569 ut
466 2535 573 2578 Missae,
594 2546 662 2577 quae
680 2542 734 2575 per
751 2536 815 2567 dies
830 2537 994 2566 Dominicos
1007 2558 1017 2574 ‚
1028 2543 1113 2575 pecu-

237 2590 327 2623 liares
351 2589 370 2619 ᾶ
392 2584 599 2620 sacerdotibus
617 2584 711 2626 fiunt,
736 2594 771 2616 ne
782 2590 828 2616 lta
851 2589 883 2615 in
892 2583 1010 2624 publico
1020 2585 1110 2625 fiant,

236 2648 271 2671 ut
288 2639 414 2679 populus
436 2647 488 2668 eas
509 2621 617 2667 audire
638 2642 750 2675 queat,
773 2635 1002 2674 &proptereaa
1016 2634 1112 2675 publi-

238 2694 282 2722 cis
305 2687 459 2730 Miffarum
484 2687 661 2722 solemniis,
677 2694 743 2723 quae
766 2682 838 2715 bora
858 2688 951 2716 tertia
965 2686 1112 2717 Canonice

236 2737 331 2780 fiunt,
346 2736 379 2780 se
406 2734 597 2776 abstrahant.
630 2736 702 2765 Non
719 2733 865 2774 peffimum
887 2726 971 2775 usum
990 2735 1113 2774 quidam

236 2794 272 2821 in
295 2787 345 2820 hoc
367 2785 478 2820 habent
486 2809 502 2825 ,
523 2784 640 2826 quando
659 2789 692 2815 in
712 2782 816 2815 diebus
839 2786 1003 2817 Dominicis
1025 2782 1113 2824 ,fiee

239 2842 274 2870 in
294 2838 364 2870 alus
380 2834 561 2880 solemnibus
583 2832 687 2866 diebus
709 2833 831 2874 Miffas,
852 2834 920 2866 licet
933 2841 990 2873 pro
1009 2832 1113 2874 defun·

240 2887 296 2920 “its
309 2911 319 2926 ‚
333 2884 397 2927 five
418 2888 497 2919 alias
521 2882 735 2928 quascumque,
756 2894 816 2924 qua
829 2882 1112 2925 familialitercisa-

241 2936 405 2971 cerdatibus
423 2935 523 2980 fiunt,
548 2934 650 2967 audire
660 2931 814 2975 respiciunt
827 2957 837 2973 ‚
863 2934 897 2966 (9·
917 2935 1043 2974 aprima
1054 2945 1113 2964 ma-

240 2999 278 3020 ne
295 2995 352 3029 per
377 2994 471 3020 totum
494 2986 573 3018 diem
594 2982 785 3017 ebrietatibus
799 3006 809 3022 ,
827 2982 1113 3025 commessationibus,

240 3045 332 3077 atque
355 3037 540 3077 vaniloquiIs
559 3034 657 3076 potius
677 3056 688 3071 ‚
721 3045 812 3075 quam
836 3036 897 3065 Deo
920 3031 1111 3075 deserviunt.

242 3089 406 3127 Propterea?
426 3085 645 3126 providendum
666 3082 702 3122 est
722 3092 756 3115 ut
787 3092 885 3115 omnes
907 3084 952 3114 ad
966 3082 1115 3124 publicam

241 3135 380 3168 sanilam
406 3139 530 3168 Matrem
543 3133 714 3174 Ecclesiam,
735 3143 770 3165 ac
792 3131 944 3175 Miffarum
962 3132 1115 3176 solemm'a,

240 3187 275 3218 (5
295 3186 540 3227 praedlcationem
568 3186 701 3217 audituri
730 3187 911 3216 conveniant
936 3204 944 3215 .
966 3184 1063 3216 Simul
1080 3184 1113 3216 (Ὗ

240 3235 293 3268 hoc
309 3234 453 3274 statutum
472 3233 532 3274 est,
552 3242 585 3267 ut
607 3238 640 3267 in
660 3238 801 3274 civitate,
823 3236 856 3265 in
875 3243 936 3274 qua
948 3232 1113 3276 Episcopus

233 3285 407 3323 ⁴constitutus
429 3285 467 3323 est
482 3308 491 3323 ‚
513 3295 609 3316 omnes
632 3284 838 3322 Presbyteri&
856 3285 977 3324 populi,
999 3292 1065 3316 tam
1077 3290 1112 3316 ci·

240 3341 352 3368 vitatis
365 3359 375 3374 ,
401 3346 491 3376 quam
503 3331 730 3375 &subur-bani,
751 3332 883 3373 revestiti
902 3339 934 3365 in
950 3331 1016 3375 ipsa
1029 3332 1114 3375 Missa

238 3383 330 3429 usque
349 3386 394 3418 ad
411 3382 640 3418 beneditionem
663 3381 807 3427 Episcopi
826 3385 860 3418 6·
872 3386 1114 3419 communionem

1234 75 1252 109 1
1321 76 1348 106 Τ
1416 75 1470 109 A.
1904 83 1993 128 321

1166 143 1275 179 devota
1294 151 1392 178 mente
1408 142 1489 184 stare
1506 143 1660 186 debeam,
1683 145 1718 179 (9·
1734 145 1829 188 postea
1841 146 1870 188 fi
1856 153 2036 192 ivoluerinr,

1165 205 1231 231 cum
1251 194 1375 231 licentia
1391 196 1437 226 ad
1447 191 1519 237 suos
1538 197 1664 241 titulos,
1685 196 1890 232 Benedic‘lione
1908 201 1940 232 (θ’
1953 205 2040 233 Com-

1166 249 1302 278 munione
1321 251 1480 286 percepta,
1498 254 1710 283 revertamur.
1727 249 1773 279 Et
1792 245 1841 279 hoc
1856 246 2038 291 summopere

1166 295 1331 329 cavendum
1341 293 1379 332 est
1397 295 1625 336 Sacerdotibus,
1645 305 1680 328 ut
1687 304 1741 337 per
1764 301 1920 337 oratoria,
1946 309 2039 340 neque

1164 352 1219 389 per
1225 342 1397 386 suburbana
1411 345 1587 384 Monasteria
1600 370 1610 385 ‚
1631 348 1681 379 vel
1691 345 1832 388 Ecclesias
1840 345 2042 390 suburbanas,

1169 392 1271 436 Missas
1294 404 1501 436 nequaquam,
1528 393 1584 439 nist
1600 404 1665 427 tam
1688 398 1771 429 caute
1797 398 1867 431 ant?
1881 395 2042 439 secundam

1169 443 1292 483 boram,
1310 441 1482 487 foribusque
1502 442 1664 486 reseratis,
1686 446 1831 481 celebrare
1837 446 2040 490 praesumaent,

1169 504 1202 527 ut
1218 493 1345 535 populus
1371 495 1390 525 ἃ
1402 493 1529 533 publicis
1548 491 1808 536 sblemnitatibus,
1826 498 1882 529 tali
1903 496 2041 538 occast‘ono

1169 551 1304 584 accepta,
1318 544 1339 574 ἃ
1362 541 1448 584 Missa
1462 541 1556 584 fiveei
1571 546 1783 584 praedicatione
1799 545 1974 589 Episcopise
1986 552 2041 579 mi-

1171 593 1248 627 nime
1265 591 1440 634 subtrahere
1459 593 1561 634 ρο]
1527 602 1539 623 t
1581 588 1638 635 sed
1651 605 1768 635 omwnes
1787 605 1850 628 tam
1872 598 2042 631 sacerdotes

1165 642 1354 686 suburbani,
1376 654 1465 685 quam
1476 654 1508 674 m
1521 642 1597 675 Urbe
1607 643 1771 684 constituti,
1795 647 1829 680 Θ
1835 648 1961 689 populus
1974 657 2041 680 cun·

1170 693 1232 725 c‘lus
1255 695 1315 725 ιιηιὶ
1339 704 1403 725 cum
1426 693 1486 724 illis
1510 694 1553 724 ad
1574 693 1724 733 publicam
1748 695 1897 736 Mffarum
1920 696 2043 729 celebra·

1171 750 1278 776 tionem
1295 749 1472 776 conveniant
1488 766 1497 780 ‚
1522 743 1555 775 (5·
1575 743 1649 775 nulli
1673 752 1761 776 extra
1779 746 1924 784 parvulos
1947 746 1980 779 (9⁴
1999 751 2044 779 in-

1169 793 1292 838 firmos,
1314 794 1378 825 licet
1399 793 1514 834 Missam
1535 794 1672 824 auditam
1695 792 1846 834 habeant,
1871 803 1933 826 tam
1956 800 1988 827 in
1998 800 2045 827 ci·-

1172 842 1321 876 vitatibus
1343 866 1355 882 ,
1387 844 1478 884 quam
1495 843 1528 875 ὁ·
1546 847 1579 875 in
1601 842 1754 875 Parochiis
1787 845 1871 876 edere
1892 845 1926 877 Θ·
1948 844 2044 880 bibere

1171 890 1359 938 praesumam
1378 901 1447 924 ante
1466 891 1614 933 publicum
1631 892 1786 934 perablum
1807 894 1947 936 officium.

1224 941 1332 976 Prima
1354 940 1394 975 de
1416 939 1623 981 parochiali,
1645 942 1786 977 secunda
1808 942 1957 983 Canonis
1977 953 2046 987 pars

1174 992 1242 1035 agit
1263 991 1305 1026 de
1327 990 1510 1034 Episcopali
1529 991 1705 1027 Concione
1726 993 1760 1028 &
1782 992 1901 1027 Missa.
1922 994 1965 1026 Et
1988 994 2050 1036 pri·

1175 1052 1226 1076 ma
1253 1052 1322 1085 pars
1343 1041 1419 1076 solis
1440 1041 1693 1081 Sacerdotibus,
1716 1042 1829 1086 utique
1846 1051 1901 1078 aut
1923 1044 2050 1078 Orato-

1175 1092 1295 1125 riorum
1309 1116 1319 1131 ,
1333 1102 1388 1125 aut
1412 1091 1550 1134 ipsarum
1568 1092 1668 1126 etiam
1681 1091 1925 1130 Parochialium
1939 1093 2052 1128 Eccle-

1175 1141 1505 1176 fiarumTitularibus
1517 1165 1528 1181 ,
1541 1152 1609 1177 non
1620 1153 1729 1177 autem
1740 1141 1949 1182 Monasteriis
1961 1153 2053 1177 man-

1175 1193 1251 1232 dat,
1271 1200 1307 1225 ut
1324 1202 1399 1225 ante
1423 1189 1537 1225 horam
1557 1191 1685 1226 tertiam
1705 1192 1809 1227 nullas
1831 1202 1887 1227 aut
1922 1202 1980 1236 pro
1998 1191 2052 1226 de·

1176 1243 1315 1283 funstis,
1336 1250 1392 1276 aut
1413 1241 1542 1279 alia—ex
1560 1243 1655 1276 causa
1671 1243 1846 1285 peculiares
1869 1242 1986 1281 Missas
2005 1242 2054 1276 di-

1176 1302 1251 1325 cant
1276 1292 1310 1324 in
1333 1290 1483 1335 publico:
1508 1302 1541 1325 at
1559 1290 1636 1325 vero
1647 1291 1786 1330 secunda
1810 1303 1879 1335 pars
1901 1293 1932 1325 se
1942 1301 2056 1326 exten·

1177 1342 1225 1374 dit
1247 1352 1314 1374 non
1334 1340 1504 1374 dumtaxat
1527 1339 1568 1375 ad
1589 1341 1768 1377 suburbana
1787 1341 1941 1381 Oratoria
1964 1364 1975 1380 ,
1996 1351 2055 1374 aut

1178 1391 1372 1424 suburbanas
1396 1390 1554 1425 Ecclefias
1574 1414 1586 1431 ,
1608 1390 1663 1425 sed
1684 1390 1784 1425 etiam
1809 1388 1851 1429 ad
1873 1389 2057 1425 suburbana

1179 1440 1398 1475 monasteria.
1426 1440 1567 1476 Mandat
1578 1450 1614 1474 ut
1633 1441 1666 1475 δε
1688 1441 1755 1483 ipsa
1768 1451 1844 1476 ante
1865 1437 1979 1474 horam
1997 1452 2058 1475 ter·

1178 1492 1256 1525 tiam
1284 1491 1412 1525 nonnisi
1433 1491 1546 1524 clausis
1564 1491 1668 1532 januis
1690 1491 1803 1524 dicant
1824 1489 1981 1531 Missam,
2006 1499 2058 1523 at-

1178 1551 1242 1583 que
1265 1539 1310 1573 ita
1335 1538 1475 1582 populus
1500 1539 1542 1572 ab
1560 1539 1714 1582 Episcopi
1732 1539 1899 1574 Sacrificio
1920 1541 1953 1573 &
1977 1539 2059 1574 Ver-

1180 1590 1224 1624 bo
1246 1600 1316 1623 non
1336 1586 1551 1624 distrahatur.
1579 1588 1746 1621 Permittit
1770 1587 1971 1626 Monasteria
1983 1601 2062 1622 con-

1180 1649 1304 1672 currere
1326 1649 1402 1672 cum
1423 1636 1671 1673 parochialibus
1693 1637 1914 1681 presbyteris,
1934 1638 1968 1672 δε
1991 1639 2062 1672 vult

1183 1689 1259 1722 solis
1293 1688 1461 1731 Episcopis
1489 1685 1622 1720 cedere.
1656 1686 1729 1723 Nec
1752 1687 1897 1720 mireris:
1924 1687 2062 1726 Etenim

1182 1735 1427 1779 Theodulphus
1437 1747 1479 1768 ex
1499 1736 1709 1769 Floriacensis
1721 1735 1877 1770 Coenobii
1887 1735 2061 1772 Monacho

1181 1789 1224 1820 est
1249 1787 1349 1820 fastus
1371 1785 1568 1829 Episcopus,
1591 1785 1625 1818 &
1648 1785 1711 1819 fuit
1733 1785 1844 1819 unuse
1862 1786 2063 1831 Moguntini

1182 1836 1334 1871 Concilii
1356 1834 1535 1876 Patribus,
1552 1835 1608 1879 qui
1627 1845 1682 1870 aut
1708 1835 1742 1870 in
1754 1833 1938 1870 Parochiali
1950 1837 2062 1871 Eccle-

1181 1887 1220 1920 sla
1237 1912 1246 1927 ‚
1269 1895 1324 1920 aut
1348 1885 1381 1918 in
1405 1885 1613 1919 Monasteriis
1633 1885 1794 1928 jusserunt
1817 1885 2006 1921 catechizari
2026 1888 2060 1925 &

1186 1935 1372 1980 praedicari.
1401 1935 1475 1970 Nec
1494 1935 1587 1970 istius
1603 1934 1729 1977 Synodi
1753 1936 1895 1978 sancita,
1918 1947 1977 1971 nec
1988 1948 2062 1980 pro-

1185 1988 1245 2030 prii
1267 1985 1463 2020 Monastetii
1493 1985 1562 2028 jura
1594 1984 1839 2030 Theodulphus
1862 1988 1970 2029 potuit
2002 1995 2061 2023 aut

1185 2037 1290 2071 voluit
1313 2036 1454 2070 violare.
1481 2036 1525 2069 Et
1545 2034 1626 2069 hinc
1657 2034 1747 2070 vides
1776 2034 1939 2069 Bonifacii
1963 2036 2057 2073 Vm.

1184 2088 1382 2126 Decretum,
1400 2097 1469 2130 qno
1480 2086 1604 2119 Fratres
1616 2085 1846 2120 Mendicantes
1865 2086 2057 2122 sanxitcum

1185 2134 1430 2171 parochialibus
1455 2135 1659 2179 Presbyteris
1683 2137 1774 2179 posse
1797 2147 2008 2176 concurrere,
2026 2138 2060 2173 δε

1183 2187 1242 2220 soli
1268 2186 1483 2220 concionanti
1510 2185 1672 2229 Episcopo
1693 2185 1808 2220 debere
1831 2186 1941 2220 cedere
1962 2210 1972 2225 ,
1996 2187 2060 2220 niti

1182 2235 1324 2279 antiquis
1343 2237 1378 2270 ὅς
1398 2236 1499 2269 firmis
1519 2234 1670 2270 anchoris
1693 2259 1700 2267 .
1729 2235 1839 2269 Etiam
1863 2236 2060 2280 Episcopum

1180 2285 1333 2330 germane
1354 2287 1422 2330 egit
1441 2284 1704 2328 Theodulphus.
1734 2285 1867 2319 Etenim
1885 2297 2000 2319 omnes
2011 2287 2060 2320 su-

1180 2348 1217 2370 os
1236 2335 1383 2370 subditos
1407 2334 1536 2369 strenue
1554 2333 1703 2368 hortatus
1724 2336 1767 2368 est
1793 2334 1832 2368 ad
1855 2336 2059 2377 frequentan-

1179 2386 1254 2420 dam
1277 2384 1492 2419 Parochiam.
1524 2385 1620 2418 Etex
1640 2383 1795 2417 similibus
1806 2383 1940 2418 Patrum
1953 2395 2057 2420 exem-

1181 2436 1242 2480 plis
1264 2433 1361 2468 Trid.
1382 2434 1538 2476 Synodus
1561 2432 1663 2466 hausit
1685 2434 1775 2467 suum
1799 2432 1975 2468 Decretum
1991 2458 1999 2466 .

1230 2484 1381 2527 Antiquae
1402 2480 1646 2517 Monachorum
1668 2493 1866 2524 peromnem
1889 2483 2056 2526 Europam

1181 2535 1327 2570 Ecclefiae
1349 2535 1480 2567 fuerunt
1502 2531 1909 2575 celeberrimae:AEquales
1932 2532 2056 2568 Cathe-

1178 2584 1342 2624 dmlibus,
1364 2581 1430 2616 imo
1448 2583 1676 2626 &ampliores.
1701 2582 1776 2616 Nec
1793 2593 1878 2627 opus
1901 2583 1944 2616 est
1971 2584 2056 2620 testi-

1179 2635 1316 2669 moniis.
1344 2633 1456 2666 Plures
1479 2630 1586 2667 adhuc
1608 2632 1725 2667 restant
1746 2655 1762 2672 .‚
1795 2644 1833 2667 ac
1855 2634 2055 2677 semet-ipsas

1178 2685 1400 2728 repraesentant
1421 2706 1429 2714 .
1458 2681 1573 2725 AEque
1594 2682 1715 2716 clarum
1731 2682 1775 2716 est
1791 2707 1801 2725 ,
1819 2683 1907 2724 quod
1931 2685 2054 2718 Divina

1178 2734 1295 2769 Officia
1310 2734 1433 2776 semper
1455 2734 1488 2765 in
1503 2733 1573 2776 ipsis
1595 2731 1715 2767 fuerint
1726 2732 1932 2766 celeberrima
1946 2756 1953 2763 .
1965 2733 2053 2769 Lon-

1178 2784 1218 2828 ge
1242 2783 1439 2823 celebriora,
1461 2792 1556 2823 quam
1579 2781 1612 2814 in
1635 2780 1879 2816 Parochialibus
1894 2782 2050 2818 Ecclefiis.

1178 2834 1277 2868 Istum
1300 2832 1335 2866 in
1356 2833 1457 2867 finem
1476 2833 1607 2866 fuerunt
1628 2831 1790 2865 exstructae
1804 2856 1811 2864 .
1841 2831 1883 2863 Et
1899 2832 2052 2869 solemnis

1179 2884 1315 2927 ipsarum
1341 2883 1462 2922 Missa,
1483 2882 1581 2919 etiam
1592 2880 1707 2915 diebus
1726 2881 1913 2916 Dominicis
1935 2893 1972 2916 ac
1993 2883 2051 2918 Fe-

1178 2934 1253 2974 stis,
1273 2932 1413 2967 omnino
1431 2932 1527 2965 fiebat
1549 2930 1626 2965 hora
1647 2932 1759 2971 tertia,
1781 2931 1871 2975 juxta
1885 2932 2049 2966 Canones.

1182 2984 1223 3017 Et
1256 2983 1356 3026 ipsam
1379 2994 1439 3017 nec
1459 2980 1570 3014 omitti
1591 3004 1602 3021 ‚
1628 2992 1688 3013 nec
1710 2981 1820 3015 clausis
1852 2981 1956 3023 januis
1979 2983 2050 3016 fieri

1179 3033 1264 3076 jussit
1285 3034 1317 3067 S.
1339 3029 1601 3072 Theodulphus‚
1630 3031 1686 3063 nifi
1698 3030 1777 3065 dum
1797 3032 1941 3066 civitatis
1961 3033 2051 3076 Epis·

1178 3094 1279 3125 copus
1302 3083 1463 3126 publicam
1487 3079 1620 3113 Missam
1641 3079 1833 3115 celebraret.
1865 3081 1950 3116 Aliis
1972 3092 2050 3116 tem·

1181 3132 1313 3176 poribus
1333 3131 1456 3167 censuit
1489 3130 1564 3163 istas
1586 3129 1741 3165 Ecclefias
1763 3142 1832 3165 non
1857 3132 1934 3166 solis
1955 3131 2050 3165 Pato—

1179 3182 1359 3222 cbialibus,
1386 3180 1438 3215 sed
1452 3180 1523 3222 ipfis
1534 3178 1633 3213 etiarn
1646 3178 1894 3216 Cathedralibus
1915 3182 1977 3215 esse
1999 3192 2053 3224 pa-

1180 3244 1246 3267 res.
1275 3233 1318 3266 Et
1340 3228 1462 3265 censuit
1483 3241 1524 3263 ex
1555 3231 1728 3265 communi
1760 3232 1851 3265 sensu
1872 3231 2052 3266 Gallicana

1181 3282 1331 3318 Ecclesiae
1345 3305 1352 3313 .

1230 3330 1378 3375 Ejusdem
1400 3330 1518 3364 mentis
1540 3327 1603 3365 fuit
1625 3329 1851 3373 Theodulpho
1874 3341 2055 3366 coaetaneus

1180 3381 1384 3421 Venerabilis
1403 3380 1530 3417 Amulo
1550 3378 1822 3425 Archiepiscopus
1855 3380 2058 3426 Lugdunen-

1971 3431 2012 3464 sis
