2366 3736
222 160 233 174 κ
709 139 1133 184 ΒεΟΡιΝιοΝε
1171 127 1524 180 Pnossasst'ti.

212 239 251 269 νᾶ
261 240 351 269 tanea
364 231 534 263 reverentia
546 230 659 267 apicem
667 221 830 263 apostolica·
846 221 931 253 Sedit
944 231 1043 253 omnes
1051 218 1099 263 su-

210 275 338 328 scipiunt
349 305 359 320 ‚
386 290 419 313 ut
433 278 606 311 nonnullam
615 271 782 316 fundorum
798 277 954 303 Caucinum
968 269 1021 312 dis
1018 273 1097 310 cipli-

212 345 284 367 nam
297 357 307 372 ‚
329 334 363 364 (5
381 336 541 370 antiquam
552 323 731 362 Christianae
754 323 917 364 Religionis
940 322 1099 358 institutio-

213 395 282 416 nem
293 387 386 423 magis
410 380 447 412 ab
470 373 723 422 ore-Praecefforis
748 373 812 412 ejus
828 395 837 410 ‚
863 371 984 412 quamn
1001 368 1097 411 sacris

213 417 341 475 Paginis
355 433 388 464 <tt
407 431 546 472 paternis
573 423 801 455 Traditionibus
824 429 969 462 expetant
982 443 995 476 ..
1016 421 1100 452 Illius

213 484 291 516 velle
304 507 314 521 ‚
341 477 508 518 illiutulle
517 474 637 507 tantum
650 474 808 513 explorant
819 492 838 511 ,-
857 479 889 503 ut
904 471 948 501 ad
968 480 1031 510 ejus
1055 481 1100 501 ar-

212 533 336 565 bitrium
344 529 431 572 sicam
442 521 696 562 conversationem
709 524 742 556 δ’
756 521 812 563 ipsi
821 527 1044 574 remittant-aut
1057 525 1101 551 in-

213 583 357 616 tendant.
386 574 532 610 Proinde
555 570 725 616 qui'tantae
746 570 954 605 authoritatis
976 570 1101 611 judicio

214 631 357 666 munitas
372 625 525 670 Angelici
550 624 704 669 Dostoris
727 621 900 655 sententias
926 620 1101 674 probano,

213 680 347 727 &jpxta
360 678 442 720 ipsas
455 685 629 718 operantur
648 698 659 713 ,
687 673 759 715 quis
779 673 866 705 dicat
889 681 996 704 amare
1020 681 1099 725 peri·

212 731 346 768 culum,
372 737 428 760 aut
440 725 528 768 porse
543 725 575 757 in
589 721 656 767 ipso
671 723 770 765 perire
783 722 799 752 ?
825 721 887 754 Sia
903 719 1100 753 naturalium

212 780 326 825 legum
338 778 467 812 tramite
478 775 608 808 devient
619 798 629 814 ,
655 772 699 805 est
715 771 849 805 venialis
862 771 1007 804 deviatio
1021 793 1028 802 .

270 830 312 863 Et
339 826 539 871 quandoque
565 824 601 857 fit
615 847 624 863 ,
653 832 688 855 ut
702 822 780 855 falsa
818 822 900 855 inter
923 818 1102 863 probabiles

213 879 375 914 sententia
386 876 532 909 humano
544 872 668 917 judicio
682 871 829 906 videatur
853 870 955 904 tutior
967 894 975 902 .
1004 868 1103 903 Certe

215 931 249 963 &
265 930 391 962 sanstus
401 926 588 968 Cyprianus
599 947 608 963 ‚
636 924 668 955 ἀ
681 932 796 955 omnes
808 922 862 964 ipsi
884 921 1104 954 consonantes

214 977 371 1022 Episcopi
384 975 570 1010 constanter
581 973 621 1006 de
636 973 691 1004 suo
703 983 810 1006 errore
821 973 866 1006 ita
888 971 1102 1004 censuerunt.

215 1029 291 1063 Nec
304 1028 368 1061 fine
381 1024 565 1059 coloribus.
595 1023 729 1056 Etenim
747 1022 880 1064 antiqua
894 1019 1042 1054 Ecclesiae
1055 1030 1104 1052 re-

213 1077 292 1123 gula
306 1076 404 1110 habet
418 1089 429 1108 .·
457 1075 578 1108 Placuit
589 1082 622 1105 ut
638 1072 775 1114 infantes
789 1097 798 1111 ‚
825 1073 946 1114 quando
956 1082 1013 1102 non
1023 1077 1104 1102 inve-

213 1134 340 1162 niuntur
351 1124 586 1165 certiffimitestes
600 1148 610 1163 ,
637 1129 686 1165 qui
700 1134 745 1155 eos
762 1121 824 1163 sine
846 1121 1030 1154 dubitatione
1054 1121 1105 1152 ba-

213 1185 348 1221 ptizatos
360 1177 411 1219 effe
448 1174 589 1214 testentur
603 1197 613 1213 ,
641 1184 734 1215 neque
759 1171 815 1213 ipsi
828 1170 900 1214 sunt
908 1180 965 1213 per
984 1178 1106 1202 aetatem

216 1230 313 1261 idonei
333 1229 371 1259 de
381 1227 508 1257 traditis
514 1224 570 1265 fibi
596 1226 798 1256 sacramentis
825 1221 1019 1264 respondere,
1045 1217 1106 1259 abs-

215 1289 272 1320 que
284 1278 343 1310 ullo
349 1275 486 1319 scrupulo
496 1277 628 1318 legitimo
651 1274 821 1314 baptizari.
852 1275 1005 1315 ,Quoniam
1030 1270 1110 1311 quod

217 1339 275 1361 non
299 1327 455 1366 ostenditur
474 1324 583 1366 gestum
598 1348 607 1362 ,
634 1330 712 1355 ratio
731 1333 787 1354 non
792 1321 884 1363 finit,
911 1329 945 1353 ut
967 1322 1107 1352 videatur

218 1383 361 1412 iteratum
375 1400 381 1407 .
411 1374 489 1407 Hoc
505 1374 607 1415 ipsum
621 1398 631 1412 ‚
659 1373 746 1414 quod
762 1382 822 1404 nos
833 1370 874 1403 de
886 1369 956 1402 fasti
969 1368 1071 1401 dubio
1097 1392 1107 1407 ,
1152 1360 1155 1419 Ι

219 1427 270 1462 illi
285 1426 477 1458 censuerunt
491 1423 531 1454 de
542 1421 643 1454 dubio
656 1422 734 1462 jutis
746 1443 757 1458 ,
783 1429 882 1462 atque
892 1420 936 1451 ita
959 1419 991 1451 in
1005 1416 1106 1450 haerefi

218 1464 402 1518 baptizatos
415 1471 620 1505 crediderunt
633 1469 734 1502 tutius
756 1468 965 1511 rebaptizari.
993 1467 1044 1500 Ex
1058 1478 1108 1499 eo-

220 1526 295 1559 dem
308 1523 468 1567 principio
481 1521 682 1554 Francorum
699 1520 781 1552 olim
797 1518 950 1562 Episcopi
962 1519 1107 1554 cundhas,

221 1586 303 1618 quos
315 1571 576 1614 Chor-Episcopi
602 1570 899 1609 confirmaverant,
925 1579 981 1601 aut
1015 1569 1109 1602 sacris

221 1622 405 1661 Ordinibus
433 1622 687 1664 infignivemnr,
715 1621 880 1654 duxerunt
908 1619 1021 1652 denuo
1049 1619 1107 1650 ini-

221 1674 352 1708 tiandos
365 1697 372 1703 .
405 1671 638 1705 Existimas-unt
651 1669 712 1702 esse
726 1672 843 1702 tutius.
875 1669 925 1702 Ex
939 1670 1051 1702 eadem
1066 1680 1107 1700 re·

222 1724 301 1768 gula
313 1723 437 1765 operati
451 1722 524 1754 sunt
539 1745 549 1760 ‚
575 1723 630 1761 qui
646 1720 872 1753 reordinarunt
898 1718 1078 1752 Ordinatos
1092 1719 1108 1751 a

222 1774 419 1808 simoniacis
431 1796 438 1803 .
466 1772 509 1804 Et
523 1770 572 1803 his
587 1771 718 1812 quidam
732 1769 876 1804 Romani
896 1768 1076 1803 Pontifices
1101 1790 1111 1806 ,

223 1823 290 1857 istis
302 1822 373 1856 Leo
387 1822 499 1855 tertius
513 1821 574 1854 fuit
589 1821 798 1866 suffragatus.
829 1819 936 1853 Etiam
964 1818 1063 1852 hodie
1077 1819 1111 1851 il-

221 1873 270 1913 li,
299 1873 355 1915 qui
370 1873 496 1907 nullum
511 1871 711 1913 paenitentiae
734 1871 860 1914 iignum
879 1871 954 1903 dare
977 1870 1110 1902 valenti-

221 1923 282 1961 bus
305 1924 442 1955 infirmis
458 1920 652 1963 impendunt
675 1921 950 1954 Sacramentalem
973 1920 1109 1953 Recon-

225 1971 430 2006 ciliationem
446 1996 456 2010 ,
482 1971 668 2004 existimant
683 1972 770 2004 suam
785 1971 975 2005 sententiam
988 1970 1050 2003 effe
1064 1981 1110 2002 tu-

223 2023 364 2056 tiorem.
395 2022 436 2053 Et
449 2022 523 2052 sane
537 2020 638 2052 tutius
649 2021 693 2052 est
709 2031 831 2051 aeternae
854 2019 1000 2052 hominis
1019 2019 1113 2052 saluti

223 2072 427 2114 prospicere,
457 2073 553 2112 quam
568 2069 668 2110 plenae
681 2070 867 2101 reverentiae
879 2068 1077 2102 Sacramenti
1105 2093 1111 2100 .

223 2121 270 2153 Et
295 2130 402 2153 tamen
429 2119 462 2152 hi
485 2120 614 2153 forsitan
637 2127 743 2151 errant
768 2129 835 2150 non
861 2119 989 2155 minus,
1016 2119 1112 2160 quam

223 2171 351 2203 saueius
364 2170 549 2210 Cyprianus
565 2191 572 2199 .
605 2166 647 2199 Et
656 2177 778 2199 certum
792 2168 836 2200 est
852 2168 1113 2200 Simoniacorum

223 2218 483 2253 Reordinatores
495 2217 611 2260 pariter
631 2216 760 2249 errasse.
789 2217 890 2263 Qod
905 2217 1007 2260 ipsum
1022 2228 1113 2259 appa-

223 2280 273 2302 ret
286 2269 326 2301 de
340 2266 538 2301 Adversariis
560 2266 654 2299 Chor
666 2266 920 2310 ›Episcoporum
942 2292 949 2301 .
982 2268 1113 2300 Etenim

223 2319 348 2353 caduco
362 2319 493 2351 fuerunt
519 2316 586 2349 nixi
610 2317 827 2351 fundamento
843 2331 852 2349 :
881 2318 970 2360 quod
999 2317 1113 2359 nempe

224 2369 382 2411 Episcopi
407 2368 630 2404 consecratio,
662 2368 719 2399 nili
743 2368 760 2399 a
782 2366 884 2401 tribus
897 2369 952 2401 fiat
978 2368 1115 2410 Episco-

225 2419 275 2462 pis
288 2442 299 2458 ,
326 2418 362 2451 sit
378 2418 484 2451 irrita.
513 2418 555 2450 Et
573 2418 695 2450 sanstus
715 2417 878 2451 Nicolaus
892 2420 1012 2459 primus
1037 2418 1117 2451 Leo-

225 2469 278 2502 nis
303 2468 389 2501 teriii
416 2466 571 2509 judicium
600 2466 831 2501 circumduxit.
877 2467 1018 2502 Proinde
1037 2468 1114 2500 licet

227 2518 379 2551 omnis&
394 2518 459 2551 sola
482 2517 638 2550 sententia
653 2518 771 2551 verasit
786 2519 939 2551 veraciter
958 2530 995 2551 ac
1019 2517 1112 2561 plene

226 2578 298 2600 tuta
312 2589 321 2604 ,
346 2579 453 2600 tamen
468 2567 523 2599 illa
543 2591 552 2605 ,
583 2579 650 2610 quae
669 2569 752 2600 inter
764 2567 944 2610 probabiles
967 2569 1115 2602 humanis

227 2617 335 2650 oculis
350 2617 473 2651 videtur
488 2617 610 2656 tutior,
641 2629 706 2650 non
723 2619 765 2650 est
779 2620 899 2661 semper
911 2620 1049 2652 vicinior
1065 2629 1111 2651 ve-

228 2677 266 2702 ro
285 2691 296 2706 ‚
323 2667 463 2707 ideoque
478 2678 535 2700 nec
551 2666 672 2708 semper
685 2668 853 2711 eligenda.

281 2717 337 2750 Est
357 2718 490 2759 antiqua
515 2716 667 2760 quaestio:
696 2730 736 2751 an
760 2729 829 2760 quis
844 2730 910 2751 non
933 2718 1114 2762 baptizatus

229 2767 324 2810 poffit
337 2766 441 2799 valide
455 2768 615 2808 baptizare
631 2770 643 2800 2
670 2769 716 2800 Ea
728 2769 767 2801 de
780 2770 932 2802 rescribit
947 2772 979 2802 in
1007 2771 1112 2802 secun-

229 2818 400 2850 decontra
417 2817 666 2850 parmenianum
689 2818 773 2851 libro
798 2820 922 2852 sanstus
951 2822 1111 2864 Augusti-

51 2859 133 2905 ΕΒΡ-
163 2870 213 2908 13·
233 2878 292 2900 nus
307 2880 318 2899 .·
345 2870 388 2898 Et
401 2867 463 2899 haec
475 2869 594 2909 quidem
605 2869 667 2898 alia
689 2868 804 2909 quaeslio
827 2869 879 2909 est,
910 2873 1055 2902 utrum&
1074 2870 1112 2901 ab

56 3135 137 3180 Cap:
153 3148 181 3184 9.

224 2919 273 2958 sz
285 2941 295 2956 ,
325 2923 376 2958 qui
388 2929 549 2958 numquam
554 2917 681 2957 fuerunt
695 2919 876 2957 Christiani,
899 2921 978 2960 poffit
993 2919 1110 2961 Baptis-

231 2978 295 2999 mus
308 2968 375 2998 dari
391 2992 397 2999 .
427 2971 492 3000 Nec
502 2969 621 3009 aliquid
632 2969 701 2999 inde
712 2972 820 3001 temere
840 2970 1054 3011 affirmandum
1076 2970 1111 3009 est

222 3017 285 3057 fine
307 3016 486 3050 authoritate
505 3025 585 3050 tanti
610 3018 756 3059 concilii,
782 3029 926 3059 quantum
947 3030 1044 3052 tantae
1071 3027 1112 3052 rei

223 3065 351 3108 suffieit.
390 3068 432 3100 Et
455 3067 724 3110 Compendienlis
739 3093 750 3108 ‚
778 3069 835 3102 sub
854 3070 986 3111 pippini
1009 3082 1111 3113 regno

229 3118 409 3156 celebrata,
436 3118 589 3160 Synodus
601 3117 716 3151 edixit:
747 3121 855 3160 Siquis
879 3119 1053 3160 baptizatus
1076 3120 1111 3156 esi

230 3167 250 3197 ἁ
278 3167 443 3204 Presbytero
469 3178 524 3200 non
551 3167 729 3208 baptizato,
757 3168 902 3210 &fimt‘Ia
924 3172 1060 3202 Trinitas
1081 3177 1111 3201 in

229 3212 291 3258 ipso
304 3216 459 3259 Baptismo
472 3224 616 3250 invocata
620 3219 719 3259 fuerit
736 3242 747 3257 ,
772 3219 943 3261 baptizatus
957 3220 995 3259 est
1008 3244 1018 3258 ,
1038 3219 1111 3260 ficut

229 3267 348 3307 Sergius
389 3269 477 3308 Papa
512 3270 613 3301 dixit.
641 3268 817 3309 Impofitione
844 3280 944 3302 tamen
971 3282 1112 3302 manuum

231 3313 374 3357 Episcopi
394 3317 502 3360 indiget
517 3342 524 3350 .
552 3322 693 3361 Georgius
706 3318 869 3361 Episcopus
882 3324 1051 3359 Romanus,
1079 3323 1112 3353 (Ὺ

224 3368 365 3410 Joannes
379 3366 550 3402 sacellarius
560 3367 596 3408 fic
607 3367 775 3410 censuerunt
786 3394 793 3400 .
824 3370 940 3413 Legati
966 3372 998 3403 in
1013 3372 1071 3403 Fra
1078 3382 1109 3402 n-

231 3415 314 3448 ciam
327 3413 343 3446 ὲ
360 3413 462 3447 Paulo
482 3415 566 3458 Papa
582 3418 684 3460 primo
698 3420 737 3452 sic
760 3430 827 3452 non
854 3420 1008 3461 juflerunt
1023 3445 1033 3460 ‚
1061 3420 1110 3453 sed

232 3464 416 3499 senserunt.
444 3464 549 3510 Quod:
559 3469 674 3510 nempe
684 3469 793 3504 fuisset
814 3470 912 3507 solius
923 3471 1026 3514 Sergii
1049 3471 1111 3505 Re·

312 3512 417 3556 Christ.
430 3518 506 3558 Lupi
519 3520 618 3559 Opera
628 3520 705 3551 Tom.
717 3520 747 3550 X
752 3523 773 3552 l.

1127 2133 1133 2356 1
1176 2116 1267 2147 levia
1282 2116 1439 2149 securior:
1469 2121 1502 2150 «St
1516 2129 1625 2151 tamen
1640 2132 1705 2152 non
1721 2132 1805 2154 erat.

1947 155 2007 193 29

1153 216 1316 259 scriptum
1328 242 1339 257 ,
1367 229 1434 250 non
1449 218 1625 254 Decretum
1635 218 1841 264 Apostolicae
1853 221 2036 257 Cathedrae.

1154 262 1252 300 vHinc
1267 267 1503 309 sanstuszoin
1516 271 1573 302 suo
1587 272 1729 305 Decreto
1752 270 1848 304 habet
1872 269 1961 305 hunc
1983 275 2044 306 Ca-

1164 327 1305 349 nonem:
1333 320 1367 349 51*
1376 324 1443 359 quis
1451 326 1508 359 per
1528 325 1731 361 ignorantiam
1751 323 1906 353 ordinatur
1920 345 1931 360 ,
1958 332 2042 355 ante·
2059 326 2153 359 Parte
2186 350 2205 360 ..

1162 379 1252 408 quam
1263 366 1432 408 baptizetur
1445 392 1454 406 ,
1477 368 1588 406 ¹a'rlwnt
1600 371 1637 401 ab
1655 383 1684 403 eo
1696 372 1850 413 baptizati
1872 371 2043 412 rebaptiza-
2057 385 2210 420 cap.2t)4.

1161 423 1204 448 rt.
1233 419 1277 449 Et
1286 415 1344 458 ipse
1354 428 1411 449 non
1423 419 1574 450 ordinetur
1586 442 1593 449 .
1622 419 1699 453 Hoc
1711 423 1754 454 est
1769 446 1778 461 ,
1803 423 1837 455 fit
1853 422 2043 465 irregularis.

1161 468 1220 498 sed
1242 470 1392 499 Romanus
1417 467 1559 507 Pontifex
1584 480 1641 500 non
1664 469 1807 503 bominem
1821 473 1965 512 judicat,
1993 477 2044 514 qui

1161 516 1316 557 baptizat,
1340 514 1396 558 sed
1420 519 1563 557 spirltum
1595 522 1651 550 Dei
1671 517 1893 560 subministrare
1909 528 2044 565 gratiam

1163 566 1254 598 credit
1275 563 1427 608 Baptismi
1442 591 1453 606 ‚
1489 569 1558 600 licet
1582 570 1723 610 Paganus
1739 570 1777 610 fit
1798 577 1852 612 qui
1874 573 2007 612 baptizat
2033 595 2042 603 .

1165 615 1325 649 Eumdem
1340 617 1514 650 Canonem
1530 619 1586 651 suo
1602 619 1745 652 Decreto
1772 621 1905 653 inseruit
1929 623 2045 655 Mona-

1163 666 1242 698 chus
1256 664 1452 700 Gratianus.
1480 668 1593 700 Sensus
1605 668 1665 700 est:
1683 670 1757 702 licet
1774 670 1944 703 Romanus
1960 671 2044 704 Pon·
2058 655 2177 689 caum
2190 663 2219 688 1·

1164 715 1245 749 tifex
1267 715 1354 749 aliud
1367 717 1483 750 sentiat
1498 740 1505 747 .
1529 717 1584 750 Est
1597 717 1790 752 Gallicanus
1802 720 1941 753 Canon.
1972 722 2045 755 Edi·
2060 718 2089 749 ‘l‘
2108 716 2217 747 ¹⁴:²9

1163 766 1207 799 cit
1221 764 1310 799 aliud
1323 777 1403 799 tunc
1415 767 1538 806 senfiffe
1557 767 1706 801 Italicam
1719 792 1730 808 ‚
1757 770 1846 803 aliud
1872 771 2046 804 Ecclesiam
2062 769 2123 817 59·-

1165 814 1389 849 Gallicanam.
1418 817 1460 850 Et
1473 816 1674 851 Francorum
1691 819 1844 862 Episcopi
1859 821 2048 854 manserunt

1163 864 1247 898 firmi
1260 864 1293 897 in
1309 867 1628 901 suaconsuetudiue.
1658 868 1792 903 Etenim
1804 870 1974 903 ediderunt
1990 869 2049 904 hos

1165 914 1356 958 posteriores
1377 916 1552 957 Canones,
1579 917 1700 960 quibus
1721 919 1754 951 in
1776 919 1827 953 sua
1847 919 2049 963 Capitularia

1165 965 1270 998 relatis
1283 977 1420 1010 magnus
1432 967 1610 1010 Imperator
1622 968 1763 1003 Carolus
1774 970 1901 1003 addidit
1916 971 1985 1003 vim*
2006 970 2050 1003 le·

1164 1017 1237 1059 gis,
1265 1026 1301 1048 ac
1314 1019 1443 1059 plenam
1470 1020 1702 1052 executionem
1716 1033 1728 1055 .·
1753 1022 1785 1052 51
1803 1027 1869 1062 quis
1894 1021 2048 1059 Presbyter
2063 1032 2135 1067 Lib·
2166 1035 2198 1068 6,

1165 1066 1319 1098 ordinatus
1331 1067 1556 1107 deprehenderit
1562 1066 1596 1110 se
1619 1080 1677 1101 non
1701 1069 1752 1112 effie
1773 1069 1963 1111 baptizatum
1981 1096 1990 1110 ‚
2015 1073 2048 1104 <5
2061 1096 2130 1128 cap.
2146 1097 2165 1133 9
2193 1112 2200 1118 ·

1165 1117 1319 1148 ordinetur
1329 1119 1457 1159 iterum,
1485 1119 1627 1152 &omnes
1639 1129 1718 1161 quos·
1731 1121 1818 1161 prius
1841 1121 2014 1162 baptizavit
2041 1146 2048 1153 .
2169 1099 2189 1134 3

1171 1165 1301 1208 Utique
1324 1167 1440 1200 iterum
1465 1166 1683 1211 baptizentur.
1712 1172 1907 1211 Praecipimus
1918 1182 1950 1204 ut
1961 1177 2011 1214 qui
2031 1173 2050 1203 ἃ
2099 1211 2105 1217 .

1169 1218 1302 1257 paganis
1316 1216 1466 1257 baptizati
1469 1216 1562 1260 sunt,
1593 1220 1686 1251 denuo
1712 1220 1731 1250 ἃ
1759 1220 1868 1260 Christi
1891 1211 2139 1254 sacerdoti-bb·
2165 1224 2197 1258 7·

1167 1265 1220 1297 hus
1238 1269 1269 1294 in
1283 1266 1522 1307 nominesanei'ae
1534 1271 1698 1300 Trinitatis
1721 1269 1915 1310 baptizentur
1927 1296 1934 1303 .
1962 1272 2055 1313 ,Quod
2069 1272 2134 1304 cal*
2145 1273 2187 1309 ¹3¹
2216 1288 2223 1293 ·

1152 1314 1198 1357 ‚ht
1214 1321 1263 1354 qui
1276 1315 1417 1346 dubitant
1429 1339 1439 1352 ,
1464 1316 1627 1356 utrum-sint
1638 1317 1812 1357 baptizati,
1839 1330 1879 1350 an
1901 1331 1958 1352 non
1973 1344 1983 1359 ,
2008 1322 2058 1353 vel
2075 1312 2106 1345 ὅ(
2127 1322 2227 1360 1320-

1168 1367 1187 1396 ᾱ
1204 1364 1373 1402 Presbytero
1389 1366 1638 1406 annuntianti,
1667 1369 1719 1398 vel
1737 1370 1936 1402 immolatitiis
1959 1378 2058 1402 carni-

1153 1415 1220 1450 !bus
1250 1412 1399 1455 vescenti,
1419 1414 1536 1456 ficerint
1563 1416 1710 1457 baptizati
1734 1442 1744 1457 ‚
1770 1428 1801 1449 ut
1830 1419 2021 1461 baptizentur
2048 1444 2059 1460 ,

1154 1454 1348 1515 {praeceptum
1367 1464 1424 1503 est.
1454 1466 1607 1500 Tutioris
1621 1469 1916 1509 sempersententiae
1939 1472 2061 1514 eligen-

1154 1518 1215 1570 l‘ix
1229 1525 1306 1547 cura
1318 1513 1463 1557 Majores
1479 1518 1603 1549 nostros
1628 1518 1670 1550 ita
1694 1520 1939 1565 circumscripsit
1962 1534 1999 1553 ac
2018 1522 2062 1554 se-

1155 1564 1284 1605 Jduxit.
1313 1563 1589 1599 Circumscribere
1602 1568 1725 1600 studuit
1740 1568 1837 1602 etiam
1862 1571 2024 1614 Bulgaros
2050 1596 2061 1611 ‚

1155 1607 1157 1645 !
1172 1615 1344 1647 referentes
1355 1617 1395 1647 ad
1413 1616 1639 1658 Apoliolicam
1655 1618 1771 1651 Sedem
1785 1632 1796 1650 :
1827 1625 1848 1651 A
1861 1625 2062 1665 quodanu-

1170 1667 1252 1703 ciaeo,
1283 1662 1399 1706 nestitis
1424 1665 1615 1706 Christiano,
1643 1680 1683 1699 an
1709 1675 1833 1712 pagano
1859 1695 1869 1710 ‚
1896 1667 2004 1703 mu'ltos
2028 1678 2061 1703 in

1156 1716 1272 1756 {patria
1287 1715 1383 1754 vestra
1396 1717 1566 1757 baptizatos
1578 1718 1630 1760 effe
1641 1721 1765 1760 afferitis
1779 1745 1785 1751 .
1815 1723 1859 1751 Et
1873 1723 1951 1763 quid
1962 1723 1998 1753 de
2009 1721 2059 1753 bis

1156 1761 1158 1785 1
1165 1765 1202 1805 sit
1215 1768 1362 1808 agendum
1374 1765 1525 1808 consulitis
1539 1792 1546 1799 .
1574 1768 1751 1802 Haerebant
1763 1781 1803 1802 an
1824 1773 1926 1815 client
1949 1772 2022 1805 reba
2029 1783 2060 1813 p-

1156 1814 1317 1887 itizsndi.
1349 1814 1472 1861 Verum
1486 1818 1611 1853 sanstus
1625 1819 1709 1861 Papa
1725 1819 1887 1854 Nic-olaus
1911 1823 2059 1855 interces-

1172 1868 1207 1899 sit
1219 1873 1282 1899 noc
1297 1865 1487 1911 Rescripto:
1515 1868 1691 1910 Hrprofet‘Jo
1707 1894 1715 1907 ‚
1739 1870 1804 1909 fiin
1818 1872 1926 1910 Christi
1941 1880 2057 1906 nomine
2079 1898 2102 1917 -7

1171 1915 1382 1957 baptizatzfint
1391 1942 1401 1958 ,
1430 1919 1537 1956 constat
1551 1931 1595 1952 eos
1608 1932 1663 1952 non
1675 1920 1725 1961 effe
1737 1923 1831 1953 denuo
1842 1922 2053 1962 baptizandos.
2078 1902 2135 1940 Lp.
2150 1909 2203 1942 7¹·
2233 1955 2236 1962 ,

1175 1967 1341 2008 Rescriplit
1356 1980 1396 2000 ex
1411 1969 1580 2012 Rescripto
1600 1970 1700 2014 Sergii
1724 1973 1839 2012 primi,
1870 1973 1901 2004 ὃς
1923 1973 2054 2015 antiqua
2070 1960 2139 1993 αρ’
2159 1961 2233 1997 140-

1173 2017 1410 2049 consuetudine
1424 2019 1583 2051 Rornanae
1606 2020 1774 2053 Ecclesiae.
1800 2023 1964 2055 Omnibus
1989 2024 2056 2056 illis

1174 2067 1205 2098 ὅ(
1219 2066 1351 2098 Francis
1363 2068 1396 2099 ὃς
1409 2067 1558 2111 Bulgaris
1573 2069 1802 2112 Rebapt'tsmus
1818 2072 1988 2106 videbatur
2012 2073 2054 2106 es·

1226 2166 1425 2209 Qirnimmo'
1464 2178 1535 2200 vera
1572 2169 1656 2201 inter
1685 2169 1871 2211 probabiles
1897 2172 2060 2206 sententia

1177 2218 1373 2256 quandoque
1388 2227 1453 2249 non
1469 2217 1641 2252 dumtaxat
1655 2220 1780 2252 videtur
1805 2221 1950 2255 humano
1976 2223 2062 2264 judi-

1177 2276 1251 2303 cio,
1280 2265 1444 2298 sedetiam
1470 2267 1619 2301 veraciter
1642 2271 1685 2303 est
1707 2271 1815 2303 minus
1839 2282 1906 2304 tuta
1930 2298 1936 2303 .
1972 2273 2061 2306 l—iinc

1179 2314 1305 2357 R;gula
1320 2338 1330 2353 ,
1358 2320 1394 2347 122
1406 2316 1495 2349 dubio
1516 2328 1607 2350 tutior
1627 2320 1750 2359 par-sest
1762 2323 1918 2364 eligenda,
1949 2324 1969 2354 li
1993 2334 2060 2355 non

1178 2369 1346 2398 ‹iniuraxat
1363 2369 1393 2398 in
1409 2368 1561 2410 suspensis
1575 2369 1704 2407 dubiis,
1734 2372 1783 2404 sed
1805 2373 1903 2405 etiam
1929 2372 1960 2404 in
1983 2385 2062 2415 pro-

1179 2415 1339 2447 habilibus
1359 2416 1489 2456 judiciis
1509 2419 1660 2452 virtutem
1685 2420 1832 2452 obtineat
1847 2445 1856 2459 ,
1884 2423 1975 2465 cogit
2001 2433 2060 2456 nos

1180 2466 1344 2508 insiguiter
1365 2467 1493 2500 deviare
1515 2493 1522 2500 .
1550 2468 1718 2502 Sententia
1759 2481 1829 2504 vera
1869 2483 1934 2503 non
1954 2474 2058 2514 porest

1178 2524 1243 2546 non
1269 2515 1330 2548 effe
1354 2528 1443 2556 tuta,
1473 2520 1574 2560 potest
1598 2530 1704 2552 tamen
1728 2521 1790 2553 effe
1819 2521 1928 2555 minus
1956 2531 2024 2555 tuta
2050 2547 2058 2554 .

1179 2566 1309 2597 Etenim
1325 2568 1434 2609 magni
1461 2568 1588 2607 Basilii,
1616 2570 1711 2603 sancii
1738 2570 1889 2613 Gregorii
1912 2572 2059 2604 Nazian-

1177 2615 1271 2654 zeni‚
1299 2617 1330 2648 ὅ(
1353 2618 1454 2649 totius
1482 2618 1658 2651 Orientalis
1698 2621 1844 2653 Ecclenae
1865 2622 2023 2655 sententia
2049 2645 2059 2660 ,

1161 2650 1244 2709 lqun:
1265 2677 1391 2708 quartas
1404 2669 1531 2709 nuptias
1544 2670 1668 2702 censuit
1681 2673 1741 2702 erle
1754 2671 1931 2704 belluinam
1947 2674 2059 2712 viram,

1177 2717 1236 2748 fuit
1252 2716 1502 2756 omninofalsa,
1530 2719 1681 2752 &tamen
1695 2719 1821 2753 adversa
1846 2722 1877 2754 ὃ(
1903 2731 1971 2754 vera
1997 2724 2059 2757 Oc-

1176 2765 1346 2799 cidentalis
1371 2766 1516 2800 Ecclesia:
1539 2771 1697 2803 sententia
1722 2772 1783 2803 fuit
1798 2771 1900 2812 palam
1921 2772 2023 2804 tutior
2051 2797 2057 2804 .

1176 2818 1261 2862 Qus
1275 2816 1364 2849 enim
1379 2827 1445 2849 non
1460 2818 1546 2851 videt
1559 2818 1719 2860 pendente
1737 2821 1798 2853 isto
1811 2819 1911 2853 dubio
1924 2824 1984 2854 effe
2008 2833 2060 2856 tu·

1175 2866 1237 2899 tius
1249 2865 1436 2902 abstinere&
1458 2870 1579 2910 quartis
1604 2872 1749 2912 nuptiis,
1776 2870 1871 2911 quam
1897 2872 1980 2913 ipsas
1998 2873 2059 2905 ini-

1177 2917 1233 2950 re?
1260 2916 1346 2959 ipsas
1368 2919 1513 2951 ineundo
1537 2922 1658 2960 peccari
1694 2921 1795 2962 potest
1811 2945 1821 2960 ‚
1859 2920 2055 2955 abstinendo

1175 2977 1240 2998 non
1254 2968 1369 3009 potest.
1381 2968 1479 3001 Certe
1491 2968 1579 3001 istius
1593 2969 1726 3013 Regulae
1741 2970 1917 3004 Affettores
1931 2982 2055 3015 cogun-

1175 3027 1224 3050 tur
1243 3017 1408 3060 profiteri,
1436 3018 1524 3060 quod
1536 3020 1634 3061 usque
1655 3021 1694 3052 ad
1718 3021 1972 3064 Lugdunensem
1991 3022 2055 3064 Sy·-

1157 3067 1300 3455 lnodum
1315 3079 1371 3101 aut
1390 3069 1441 3110 ipii
1457 3068 1561 3101 vicina
1576 3069 1683 3102 saecula
1698 3071 1807 3103 omnis
1821 3071 1939 3104 Latina
1958 3071 2055 3106 Chri-

1176 3119 1317 3151 stianitas
1331 3118 1452 3151 haeserit
1476 3119 1508 3150 in
1533 3121 1703 3152 communi
1729 3122 1858 3153 mortali
1886 3133 2020 3163 peccato
2046 3147 2053 3154 .

1175 3168 1257 3215 Qae
1269 3169 1381 3201 omnia
1396 3167 1539 3202 militant
1550 3169 1647 3202 etiarn
1661 3170 1743 3203 cizca
1768 3172 1876 3203 tertias
1889 3174 2018 3213 nuptias
2044 3196 2050 3203 .

1177 3218 1398 3257 Nam&has‚
1426 3218 1500 3252 licet
1514 3230 1580 3252 non
1605 3219 1644 3252 ad
1667 3231 1780 3262 porcos
1804 3221 2018 3264 proscripserit
2042 3243 2053 3259 ,
2089 3255 2091 3257 ,

1174 3270 1316 3312 graviter
1330 3279 1439 3301 tamen
1452 3268 1619 3302 damnavit
1632 3264 1740 3303 otnnis
1753 3271 1892 3305 Oriens.
1921 3269 1963 3303 Et
1976 3271 2055 3312 ipsa-

1175 3318 1412 3360 rumjussitiam
1431 3330 1500 3352 non
1520 3320 1614 3362 plene
1630 3320 1923 3363 perspexitsanstus
1944 3320 2056 3364 Augu-

1174 3370 1296 3402 stinus.
1327 3370 1378 3401 De
1392 3368 1456 3411 ipsa
1467 3370 1656 3404 formidavit
1670 3395 1677 3402 .

1175 3420 1277 3454 tutius
1290 3418 1329 3451 ab
1341 3417 1580 3461 ipfisabstinere
1591 3445 1598 3451 .

1226 3470 1363 3503 famosa
1378 3468 1456 3505 item
1470 3471 1512 3505 est
1524 3469 1656 3514 quaestio
1668 3494 1679 3511 ‚
1706 3469 1761 3502 An
1773 3477 1957 3515 praegnante
1981 3479 2060 3524 ufto·

1618 3521 1650 3555 C
1701 3529 1724 3566 3
1918 3529 1950 3553 re
1963 3528 2012 3552 uti

1706 3371 1818 3417 Qare
1835 3369 1974 3404 omnino
1989 3379 2057 3404 erat
