2366 3736
165 3311 246 3358 Cap.
261 3308 292 3349 8.

337 149 2162 369 fivisSERTATIO

684 546 1035 596 SIMONIA
1068 546 1808 595 MONASTERIORUM.

340 677 366 703 τ’
407 706 413 714 s
437 679 440 680 ⁷
462 678 534 726 (ᾗ
559 666 775 711 ἸΜΟΝΙΑ
804 666 859 701 Est
873 662 1074 699 horrendum
1085 659 1207 698 crime'n

373 760 400 780 t,
452 724 497 783 4271
518 713 586 817 ggl

433 813 442 841 z
499 793 542 846 ''l“
554 785 578 820 ’ζ

420 885 435 898 ἢ
513 839 529 855 2

618 729 661 752 ex
685 728 752 761 quo
780 716 912 751 Divina:
948 713 1131 756 Majestatis
1161 714 1209 747 Ira

620 767 795 802 horrendas
811 764 1009 809 quandoque
1020 764 1131 808 plagas
1154 764 1210 798 mi·

568 825 584 860 ¹}
618 817 702 851 sitin
730 815 928 851 Ecclesiam.
957 813 1013 847 Est
1032 815 1134 857 prima
1157 825 1211 857 per

525 902 536 922 ⁶
581 862 583 870 ¹
619 868 706 911 ipsos
719 866 900 909 Apostolos
912 864 1065 899 damnata
1077 866 1112 899 &
1122 865 1210 898 casti-

509 921 519 931 “
543 927 554 937 ²
616 927 693 962 gata
707 916 844 956 haerefis,
871 914 989 950 foedior
1011 913 1210 958 blasphemia

326 964 587 1002 Macedoniam.
619 968 701 1004 Earn
715 967 831 1012 quaein
855 966 1137 1001 Sacrosanc’torum
1159 966 1210 998 Sa·

324 1025 568 1052 eramentorutn
580 1017 863 1054 administratione
874 1040 885 1057 ,
913 1015 1209 1049 Ecclesiasticorum

322 1066 565 1101 Beneficiorum
588 1067 841 1107 distributione,
866 1077 904 1100 ac
927 1065 998 1101 aliis
1008 1065 1048 1100 ad
1073 1065 1132 1099 ista
1146 1066 1210 1107 spe-

323 1115 486 1150 stantibus
499 1127 663 1160 patratur,
691 1128 871 1162 utcumque
883 1116 1018 1160 exposui
1030 1115 1063 1149 in
1087 1113 1210 1158 praeviis

322 1164 617 1202 Differtationibus
629 1168 669 1201 ad
682 1167 766 1201 Asta
778 1167 876 1203 sancti
897 1165 1021 1203 Leonis
1043 1164 1100 1197 IX.
1129 1164 1209 1195 Earn

321 1215 418 1259 quaea
430 1216 601 1252 Coenobiis
611 1218 741 1251 admitti
755 1216 851 1260 poffit
871 1239 882 1254 ,
909 1214 1003 1258 tetigi
1017 1214 1051 1247 in
1069 1211 1210 1247 Scholiis

321 1265 362 1299 ad
386 1263 554 1307 septimam
577 1266 768 1309 Synodum.
798 1265 854 1299 Est
873 1265 994 1298 famosa
1016 1264 1126 1297 una&
1146 1263 1208 1296 cla-

321 1315 412 1350 mosa
429 1314 530 1349 hodie
541 1316 674 1358 quaessio
688 1341 694 1347 .
725 1317 769 1349 Et
780 1325 916 1356 utraque
928 1325 997 1356 pars
1017 1313 1147 1347 excedit
1160 1324 1208 1346 ve·

320 1365 397 1400 riae
408 1365 484 1398 recti
496 1365 632 1399 limites.
663 1365 755 1400 Hinc
769 1363 903 1409 quidam
917 1362 1119 1408 postularunt
1143 1361 1209 1395 haec

321 1414 363 1450 ad
375 1414 521 1458 quaedam
544 1415 744 1450 Monasteria
756 1415 947 1458 corrigenda
959 1438 969 1454 ‚
996 1425 1033 1447 ac
1056 1413 1209 1449 sistendos

320 1466 461 1499 aliorum
473 1466 618 1500 excessus
641 1465 814 1500 elucidari.
844 1465 887 1497 Et
912 1462 987 1498 sane
1008 1463 1209 1497 Monasteria

320 1514 364 1551 ab
385 1513 445 1548 hac
468 1514 572 1549 scabie
591 1517 723 1550 fuerunt
744 1516 827 1550 olim
852 1513 952 1561 longe
965 1513 1171 1548 mundiffima
1199 1537 1206 1545 .

322 1565 458 1600 Etenim
469 1565 749 1601 Chalcedonensis
761 1565 914 1609 Synodus
927 1587 937 1604 ,
963 1575 1034 1607 quae
1045 1565 1145 1607 prima
1157 1562 1208 1597 ad-

321 1616 429 1652 versus
450 1613 748 1659 hancirnpietatern
762 1616 866 1649 edidit
879 1614 1074 1655 Canonem,
1102 1614 1138 1647 in
1161 1614 1210 1646 so-

321 1666 372 1699 los
384 1665 532 1700 Clericos
544 1666 673 1707 sanxit,
699 1666 815 1700 nonin
845 1664 1054 1702 Monachos.
1082 1664 1208 1697 Mona-

320 1715 423 1750 chalis
443 1716 598 1757 Simoniae
620 1717 744 1760 prima,
771 1715 887 1750 streete
898 1715 1053 1754 memini,
1080 1714 1207 1747 mentio

321 1766 365 1801 est
378 1766 463 1808 apud
477 1777 634 1811 magnum
653 1766 852 1810 Gregorium
867 1790 874 1797 .
903 1765 1032 1799 Primus
1050 1765 1083 1797 in
1108 1763 1208 1806 ipsam

321 1816 442 1850 Canon
455 1816 499 1849 est
512 1816 530 1850 ὸ.
544 1817 680 1860 septimo
693 1816 868 1850 Concilio.
904 1814 1013 1847 Etiam
1032 1814 1129 1847 sancti
1142 1813 1207 1847 Ro-

321 1864 622 1907 mualdiAbbatis,
649 1877 687 1900 ac
699 1866 798 1900 sancii
821 1865 944 1898 Leonis
965 1863 1024 1896 IX.
1037 1863 1208 1899 Pontificis

320 1925 468 1959 tempore
486 1917 635 1951 Simonia
649 1941 660 1957 ,
687 1916 762 1950 licet
788 1925 923 1950 omnem
944 1914 1010 1948 fere
1032 1913 1208 1948 macularet

321 1966 499 2000 Ecclefiam
515 1990 528 2006 ‚
556 1978 622 2000 non
646 1967 803 2000 invaserat
823 1963 1044 1999 Monasteria.
1072 1963 1207 1997 Horum

322 2016 455 2059 puritati
494 2016 675 2051 humanum
712 2018 836 2051 sanstus
883 2016 997 2048 Petrus
1046 2013 1209 2048 Damiani

322 2065 658 2106 OstienfisAntilles,
685 2065 846 2099 Divinum
859 2062 1083 2097 testimonium
1107 2061 1212 2105 perhi-

323 2115 394 2152 buit
404 2116 528 2149 sanstus
540 2117 657 2152 Petrus
668 2116 788 2160 Igneus
812 2113 990 2155 Episcopus
1004 2112 1208 2146 Albanenlis.

325 2165 373 2198 Et
400 2165 486 2198 certe
523 2166 590 2208 ipsa
616 2164 863 2208 fingulariffirno
887 2161 995 2199 studio
1018 2161 1212 2206 obligantur

326 2213 421 2250 istam
439 2214 559 2258 lepram
576 2212 736 2248 devitare.

582 2313 614 2347 C
641 2312 673 2346 A
699 2312 726 2347 P
753 2312 793 2347 U
819 2311 857 2344 T
932 2311 960 2347 l.

328 2416 469 2457 opulenti
491 2415 559 2446 olim
576 2412 678 2455 fideles
698 2435 709 2451 ‚
741 2410 931 2455 suscipientes
951 2415 1050 2443 vitam
1074 2408 1199 2449 Monasti

429 2475 497 2497 cam
512 2462 649 2507 solebant
665 2461 788 2505 suarum
807 2461 1114 2503 facultatumaliquid

615 2514 720 2556 largiri
739 2511 911 2552 Monasterz'o
924 2536 931 2544 .

425 2612 554 2656 Ntiqua
566 2611 797 2647 Christianitas
817 2609 999 2646 Monachis
1019 2610 1111 2644 dedit
1125 2609 1212 2643 varia

451 2663 607 2702 nomina,
637 2662 885 2696 varioStitulos.
915 2663 1002 2697 lnter
1019 2671 1132 2697 caetera
1154 2671 1213 2703 ap-

332 2713 466 2757 pellavit
482 2717 702 2746 Renunct'antes
713 2736 720 2743 .
747 2712 851 2758 Qod
864 2722 978 2753 nempe
993 2723 1060 2745 non
1076 2711 1135 2744 soli
1147 2711 1213 2744 dia-

332 2763 413 2797 bolo
425 2788 435 2803 ‚
464 2761 727 2806 ejusquepompis
744 2762 778 2795 &
799 2761 950 2804 operibus
963 2785 972 2800 ‚
999 2761 1085 2803 quod
1097 2771 1212 2794 omnes

332 2814 368 2847 in
391 2813 559 2856 Baptismo
580 2812 736 2851 facimus,
765 2811 819 2844 sed
842 2811 941 2844 etiam
952 2812 1075 2844 cunctis
1101 2811 1213 2853 poffes-

333 2863 476 2897 sionibus
487 2874 524 2897 ac
549 2861 782 2906 temporalibus
820 2860 915 2898 bonis
927 2861 1084 2894 nuncium
1108 2861 1212 2893 mitte-

333 2924 428 2952 rent,
453 2913 640 2956 &ipsorum
660 2912 727 2955 jura
750 2910 845 2955 plene
870 2908 1076 2944 abdicarent.
1105 2909 1135 2942 A
1158 2911 1210 2943 sua

334 2964 466 3006 persona
478 2987 489 3002 ,
500 2974 567 2996 non
579 2962 597 2996 a
609 2961 813 2996 Monasterio
826 2985 833 2993 .
861 2960 954 2994 Hinc
965 2959 1075 3003 paffim
1100 2960 1201 3002 ipsum

333 3023 506 3056 antequam
529 3012 775 3055 profiterentur,
801 3021 856 3044 aut
878 3011 932 3044 sua
954 3010 1041 3044 bona
1063 3011 1176 3043 omnia
1203 3035 1213 3050 ‚

334 3073 389 3096 aut
402 3062 543 3104 ipsorum
564 3062 748 3105 portionem
768 3060 1042 3095 transcribebant.
1071 3061 1119 3094 lta
1130 3060 1212 3101 apud

334 3113 482 3146 {annum
506 3112 751 3154 Hieronymum
772 3111 853 3144 dicit
875 3111 915 3144 de
935 3111 1107 3152 semetipso
1130 3109 1214 3144 Mal-

336 3160 418 3195 chus
430 3160 640 3195 Monachus:
668 3162 857 3195 Venumdata
874 3161 1080 3203 posseffiuncula
1096 3168 1214 3200 partem

335 3215 456 3255 erogavi
470 3210 652 3253 pauperibus
676 3235 686 3251 ‚
709 3219 831 3252 partem
863 3210 1029 3250 Monasterio
1049 3209 1178 3246 constitui
1206 3234 1212 3241 .

336 3262 382 3294 Et
393 3261 433 3294 de
453 3259 722 3295 monachismum
734 3260 944 3302 amplectente
957 3261 1061 3294 saneto
1078 3258 1213 3303 Epipha-

338 3311 397 3344 nio
409 3311 520 3344 scribit
531 3311 562 3343 in
572 3310 638 3352 ejus
659 3311 724 3343 vita
747 3311 885 3353 Ioannes
910 3309 1113 3343 Monachus:
1141 3312 1215 3350 Ept-

336 3359 466 3401 phanias
476 3372 541 3394 cum
551 3365 651 3393 omnia
659 3360 834 3402 vendidisset
845 3383 855 3399 ,
882 3361 966 3391 dedit
979 3360 1180 3404 indigentibus
1204 3384 1214 3400 ‚

338 3409 508 3452 relifflisfibi
517 3411 719 3454 quadraginta
729 3414 855 3443 nummis
877 3411 921 3441 ad
929 3411 1048 3444 divinos
1073 3419 1108 3441 ac
1128 3411 1213 3442 utae'les

340 3457 428 3495 libros
449 3461 675 3505 comparandos.
713 3459 759 3497 Et
793 3459 836 3496 ad
872 3459 1016 3497 sanctum
1038 3459 1212 3496 Paulinum

1275 664 1484 700 Monachum
1498 664 1608 698 scribit
1624 666 1748 698 sanetus
1757 665 2003 707 Hieronymus:
2033 678 2086 699 nos
2096 664 2165 709 suf·
2186 667 2245 713 Ep.
2261 681 2313 719 13.

1269 715 1498 757 farcinatiauro
1509 714 1661 754 cbrfium
1684 724 1847 758 pauperem
1865 715 2015 758 sequimur
2029 740 2040 756 ,
2065 715 2164 759 &sub

1271 773 1425 808 praetextu
1450 765 1646 809 Eleemoſsmae
1663 766 1798 807 pristinis
1818 766 1918 808 opibus
1951 766 2124 800 incubantes
2148 789 2160 806 ‚

1276 818 1416 858 quomodo
1423 816 1570 859 poffumus
1583 817 1819 859 alienafidelt'ter
1831 815 2001 856 distribuere
2013 838 2036 855 Υ
2048 823 2163 859 quim—

1271 866 1334 905 [ἕνα
1345 867 1451 900 timide
1461 864 1651 908 reservamus
1666 867 1682 897 ?
1710 866 1819 900 Etiam
1845 866 1952 900 scribit
1977 866 2018 900 ad
2043 868 2163 900 sacram
2184 870 2288 918 1398,

1276 916 1449 962 Virginem
1461 916 1704 949 Demetriadem
1717 929 1729 950 .·
1750 916 1847 959 solent
1860 915 1958 958 miseri
1977 918 2127 950 Parentes
2149 940 2161 957 ‚

1274 967 1308 999 ὀ*
1328 979 1386 1000 non
1412 968 1510 1008 plenae
1528 965 1604 1008 fidei
1629 965 1815 1007 Christiani,
1842 967 1989 1006 deformes
2013 968 2048 1000 6·
2067 967 2165 1008 aliquo

1275 1017 1403 1050 membro
1414 1016 1524 1049 debiles
1529 1015 1634 1057 filias,
1661 1021 1733 1058 quia
1744 1019 1849 1062 dignos
1856 1028 1976 1062 generos
1998 1027 2057 1049 non
2077 1022 2164 1050 inve·

1277 1071 1362 1099 munt
1377 1091 1387 1107 ,
1414 1071 1595 1109 Virginitati
1604 1069 1742 1100 tradere.
1768 1071 1883 1108 Tanti,
1911 1076 1944 1100 ut
1956 1068 2086 1107 dicitur,
2113 1072 2163 1100 vi-

1275 1127 1361 1158 rum,
1388 1117 1539 1158 quanti&
1562 1122 1772 1161 margaritum.
1802 1120 1890 1153 Certe
1902 1122 1955 1160 qui
1968 1116 2162 1162 Religtqsr'ores

1267 1164 1324 1206 fibi
1335 1167 1499 1206 videntur,
1522 1174 1623 1208 parvo
1629 1165 1775 1210 sumptu,
1801 1170 1899 1211 &qui
1909 1173 1966 1200 vix
1977 1168 2019 1200 ad
2042 1169 2163 1200 altmen-

1275 1215 1440 1259 tafitffi‘ct‘ett
1453 1217 1622 1262 virginibus
1634 1218 1727 1258 dato,
1755 1229 1869 1252 omnem
1888 1216 2004 1261 censum
2024 1222 2057 1250 in
2083 1227 2164 1250 utro-

1275 1276 1329 1308 que
1337 1265 1413 1309 sexu
1424 1264 1618 1308 secularibus
1631 1268 1748 1300 Liberis
1759 1269 1929 1312 largiuntur
1944 1292 1951 1299 .
1977 1268 2085 1301 Notat
2106 1266 2164 1300 du-

1274 1316 1392 1358 plicem
1429 1317 1611 1349 excessum.
1637 1317 1786 1362 Qidam
1822 1318 1936 1351 omnia
1957 1317 2068 1356 bona,
2094 1316 2166 1359 qui-

1272 1366 1346 1399 dam
1371 1365 1512 1408 ipsorum
1536 1364 1622 1398 nihil
1642 1387 1654 1404 ‚
1677 1376 1734 1400 aut
1754 1365 1829 1400 sane
1855 1377 1924 1401 non
1948 1365 2008 1398 nili
2032 1366 2163 1400 modica

1270 1416 1425 1449 alimenta
1444 1413 1614 1448 donabant
1634 1415 1839 1449 Monasterio
1857 1440 1864 1448 .
1904 1413 2033 1449 Ambos
2057 1426 2162 1458 repre·

1274 1464 1388 1501 hendit
1406 1465 1658 1507 Hieronymus,
1694 1465 1728 1498 δε
1749 1466 1857 1498 censet
1878 1465 1999 1518 aliquan
2016 1466 2162 1508 pauperi-

1271 1516 1330 1549 bus
1344 1539 1354 1554 ,
1381 1515 1487 1556 aliqua
1505 1514 1710 1548 Monasterio
1730 1514 1886 1549 donanda
1911 1515 2067 1559 largiter,
2092 1526 2154 1549 nec

1271 1567 1385 1600 omnia
1407 1565 1611 1599 saecularibus
1634 1564 1711 1598 filiis
1722 1576 1778 1599 aut
1803 1563 1955 1598 fratribus
1979 1564 2163 1608 relinquen·

1271 1617 1311 1650 da
1323 1641 1330 1648 .
1360 1616 1460 1648 Hanc
1473 1615 1641 1648 avaritiam
1654 1613 1786 1649 damnat
1797 1614 1832 1648 in
1847 1614 2079 1651 profitentium
2101 1614 2164 1653 Pa-

1275 1664 1442 1704 rentibus,
1468 1665 1616 1706 adeoque
1631 1665 1732 1710 longe
1754 1665 1895 1708 amplius
1907 1664 1940 1698 in
1963 1665 2034 1708 ipsis
2056 1663 2162 1703 Profl-

1272 1715 1431 1750 tentibus.
1460 1715 1641 1749 Praesertim
1653 1715 1759 1760 arguit
1777 1715 1951 1755 Parentes,
1978 1714 2035 1758 qui
2057 1714 2163 1753 deson·

1275 1776 1342 1799 mes
1355 1765 1458 1809 proles
1471 1763 1643 1799 studebant
1666 1766 1733 1799 fine
1743 1763 1821 1800 dote
1834 1765 1962 1799 trudere
1985 1764 2018 1798 in
2039 1764 2160 1799 Mona-

1271 1816 1382 1850 steria.
1411 1816 1536 1849 Omnia
1549 1815 1603 1849 sua
1616 1815 1725 1860 largiri
1744 1815 1936 1859 pauperibus
1950 1814 2021 1858 quis
2039 1813 2162 1848 inficio·

1270 1877 1322 1900 tur
1332 1866 1394 1899 effe
1406 1865 1591 1900 laudabile?
1618 1865 1666 1899 lta
1695 1866 1842 1900 fecerunt
1865 1867 1987 1903 sandius
2004 1864 2160 1899 omnium

1272 1915 1523 1961 Coeriobitarum
1549 1915 1737 1950 Patriarcha
1758 1915 1928 1950 Antonius
1950 1939 1961 1956 ,
1986 1914 2054 1958 ejus
2069 1914 2162 1949 disci·

1271 1967 1365 2010 pulus
1379 1967 1502 1999 sanstus
1514 1966 1671 1999 Hilarion
1685 1989 1695 2005 ,
1722 1967 1848 2000 sanctus
1859 1965 2038 2005 Paulinus,
2058 1964 2162 2004 &alii

1273 2016 1391 2058 plures.
1419 2015 1545 2048 Verum
1575 2014 1768 2049 Monasticae
1789 2016 1972 2058 disciplinas
1993 2014 2162 2057 Principes

1273 2065 1458 2098 maluerunt
1473 2062 1663 2097 profitentis
1676 2062 1764 2099 bona
1779 2089 1790 2105 ,
1817 2064 1933 2106 partim
1956 2063 1990 2096 in
2008 2073 2163 2107 pauperes

1273 2114 1405 2152 dividi,
1433 2114 1548 2156 partim
1573 2113 1606 2145 in
1629 2112 1889 2147 Monasterium.
1916 2113 2078 2158 Insignem
2100 2113 2163 2147 hac

1272 2164 1311 2196 de
1324 2164 1452 2196 reinter
1465 2162 1628 2199 breviores
1652 2162 1815 2205 Regulam
1840 2162 1938 2196 habet
1962 2164 2088 2197 sanstus
2104 2162 2164 2196 Ba·

1274 2213 1361 2246 silius
1374 2226 1385 2245 :
1411 2213 1591 2252 Ommnajts
1604 2236 1614 2251 ,
1642 2216 1693 2253 qui
1708 2213 1752 2244 ad
1773 2213 1930 2244 Dominum
1950 2214 2091 2244 accedunt
2113 2223 2166 2245 ne·

1273 2263 1387 2305 cessario
1399 2273 1466 2304 quae
1476 2263 1521 2293 ad
1530 2259 1603 2303 ipsos
1613 2267 1787 2303 pertinent,
1815 2263 1938 2295 reddere
1959 2262 2074 2294 illorum
2093 2270 2160 2304 pro·

1272 2318 1382 2354 pinqut
1395 2311 1503 2345 debent
1516 2335 1527 2350 ‚
1553 2322 1646 2353 neque
1655 2310 1776 2354 prorsus
1789 2312 1953 2353 quidquam
1961 2309 2137 2354 subtrahere
2148 2334 2159 2351 ,
2179 2290 2265 2335 cap·

1277 2372 1312 2393 ne
1331 2361 1478 2407 sacrilegii
1486 2362 1637 2402 judicium
1660 2367 1813 2394 incurrant
1832 2386 1838 2393 .
1869 2365 2076 2394 Verumtamen
2097 2361 2159 2397 baec
2184 2343 2260 2389 ¹82²

1278 2410 1343 2453 ipsa
1354 2418 1386 2444 in
1398 2413 1514 2444 illorum
1526 2412 1612 2443 oculis
1624 2436 1634 2450 ,
1661 2412 1704 2443 ad
1714 2422 1783 2452 quos
1802 2417 1952 2452 pertinere
1968 2410 2035 2454 visa
2052 2410 2125 2454 sunt
2150 2434 2161 2450 ,

1278 2460 1403 2504 consumi
1417 2460 1599 2502 nihilneceffe
1611 2461 1648 2500 est
1666 2486 1673 2492 .
1699 2462 1730 2492 51
1741 2462 1858 2503 quidem
1867 2460 2025 2502 boc-facere
2033 2463 2161 2503 plerum-

1278 2523 1331 2553 que
1347 2512 1405 2543 illis
1418 2510 1483 2552 ipsis
1494 2509 1610 2553 oausam
1621 2509 1806 2554 praebetsese
1828 2509 1967 2551 efferendi
1980 2535 1989 2549 ,
2018 2514 2051 2545 (ἓν
2066 2523 2080 2544 e
2093 2523 2162 2544 con·

1279 2564 1373 2601 traria
1389 2560 1567 2602 pauperihus
1579 2585 1590 2601 ,
1614 2567 1664 2602 qui
1678 2561 1721 2592 ad
1734 2562 1859 2593 eandem
1873 2566 1969 2593 vitam
1978 2558 2012 2603 se
2028 2562 2162 2594 contule-

1277 2620 1348 2644 r-unt
1361 2612 1499 2644 dolendi.
1527 2614 1581 2643 Ex
1593 2622 1649 2653 quo
1659 2611 1735 2644 illud
1740 2609 1876 2654 sequitur
1900 2612 1981 2652 quod
2005 2616 2080 2644 vitio
2107 2612 2162 2643 da·

1278 2671 1329 2694 tur
1342 2660 1505 2693 Corinthiis
1517 2660 1556 2694 ab
1569 2661 1692 2702 Apostolo
1705 2685 1715 2700 ,
1740 2672 1803 2693 cum
1814 2666 1857 2692 ait
1870 2673 1877 2692 :
1905 2659 2102 2701 confunditis
2113 2672 2162 2694 eos

1278 2716 1398 2754 quinon
1411 2710 1522 2746 hahent
1536 2737 1542 2743 .
1570 2713 1674 2753 ‚Quam
1687 2710 1720 2742 ob
1732 2722 1793 2743 rem
1807 2715 1851 2743 cui
1862 2711 1974 2745 credita
1988 2709 2160 2753 estſsngula-

1277 2773 1343 2794 rum
1355 2759 1546 2801 Ecclefiarum
1560 2766 1728 2803 procuratio
1741 2762 1752 2800 ',
1781 2759 1940 2802 isfifidells
1957 2758 1995 2801 fit
2009 2783 2020 2799 ,
2047 2761 2081 2794 Θ
2102 2758 2162 2801 dis-

1277 2809 1398 2853 pensare
1407 2812 1570 2853 prudenter
1590 2812 1670 2853 pcffit
1691 2836 1701 2851 ,
1728 2810 1783 2843 bac
1805 2816 1837 2841 in
1858 2821 1889 2842 re
1900 2815 2027 2841 imitetur
2048 2807 2161 2851 consue-

1279 2862 1410 2894 tudinem
1438 2862 1552 2894 illorum
1577 2886 1587 2901 ‚
1613 2863 1650 2893 de
1686 2860 1792 2902 quibus
1815 2857 1899 2899 estin
1930 2858 2010 2891 Ac‘lts
2037 2882 2047 2899 ‚
2083 2860 2162 2900 quod

1274 2909 1396 2954 scientes
1413 2910 1565 2952 ponebant
1596 2920 1666 2942 ante
1684 2911 1777 2951 pedes
1814 2909 2005 2951 Apostolorum
2024 2933 2031 2941 .
2068 2910 2163 2952 ,Quod

1273 2960 1381 3003 fiquae
1413 2959 1581 3003 hujusmodi
1608 2958 1682 3002 sunt
1705 2984 1715 3000 ‚
1752 2957 1923 3001 dispensare
1945 2970 2002 2991 non
2024 2958 2061 2997 est
2096 2971 2160 2990 om-

1279 3017 1378 3051 nium,
1401 3009 1561 3053 sedeorum
1580 3011 1805 3049 tantummodo,
1831 3010 1936 3050 quibus
1964 3008 2102 3041 adbibita
2114 3009 2159 3040 di-

1277 3063 1380 3105 ligenti
1414 3058 1664 3103 circumspec‘llone
1681 3058 1719 3100 fit
1746 3059 1935 3093 demandata
1963 3057 2162 3100 hujuscemodi

1278 3110 1498 3151 administratio
1518 3135 1528 3151 ‚
1566 3117 1659 3142 ettam
1682 3111 1760 3150 quod
1780 3107 1818 3140 ab
1847 3106 2012 3150 hujusmodi
2034 3133 2043 3148 ‚
2084 3120 2159 3150 quos

1278 3163 1410 3194 diximus
1439 3185 1449 3201 ,
1483 3159 1648 3192 bominibus
1681 3160 1786 3191 datum
1806 3157 1928 3199 fuerit,
1954 3157 2000 3191 bic
2028 3159 2064 3191 de
2075 3163 2161 3191 coita

1271 3210 1380 3250 statuet
1394 3235 1403 3250 ‚
1431 3210 1677 3252 quemadmodum
1698 3207 1760 3251 ipse
1783 3208 1892 3241 reliam
1914 3209 1966 3250 eJJe
1985 3210 2135 3248 judicarit
2150 3220 2160 3240 .·

1280 3261 1430 3295 Affirmat
1456 3261 1563 3298 varia,
1590 3260 1623 3292 ὅ(
1644 3257 1775 3300 quidem
1800 3258 1882 3291 bene
1903 3258 2064 3292 notanda.
2091 3256 2158 3289 Pri·

1278 3322 1334 3343 mo
1353 3333 1364 3348 ‚
1401 3309 1488 3352 quod
1510 3310 1623 3342 omnia
1650 3308 1783 3341 Profeffi
1806 3308 1968 3341 Monachi
1997 3308 2080 3342 bona
2105 3317 2160 3349 pet

1279 3359 1511 3393 Profeffionem
1532 3357 1747 3391 devolvantur
1768 3382 1778 3398 ,
1814 3359 1846 3391 δε
1867 3358 1963 3401 pleno
1985 3358 2053 3401 jure
2087 3358 2159 3398 spe·-

1278 3402 1365 3444 steht
1385 3408 1425 3442 ad
1445 3407 1685 3442 Monasterium
1722 3434 1729 3441 .
1769 3407 1862 3440 Hinc
1897 3406 2037 3442 secundo
2069 3403 2158 3439 dixit

1279 3458 1414 3498 profem
1433 3458 1696 3506 consanguineos
1717 3482 1728 3501 ,
1765 3459 1822 3505 qui
1843 3458 1899 3494 illa
1920 3455 2157 3493 occultaverint

2050 3516 2109 3543 abl(
