2366 3736
69 1636 188 1680 Imper-

72 1688 154 1721 festa

70 1736 205 1770 Contri-

70 1787 121 1820 tio
137 1796 204 1819 non

70 1837 149 1870 facit
171 1835 230 1879 hy·

71 1885 181 1929 pocri-

68 1945 138 1970 tam
150 1960 158 1968 .

81 2985 120 3019 L.
131 2994 167 3032 4.
177 2996 203 3019 c.

510 114 596 161 DE
632 113 1074 169 Con-ratnoun
1110 126 1133 156 ε

231 200 381 237 servilem
406 208 531 235 metum
544 201 584 234 ad
598 200 832 234 correctionem
857 198 892 231 δε
918 195 1110 230 Contritio-

231 263 308 286 nem
335 250 488 295 perdqu
509 249 739 295 distinguenda
764 249 840 282 sunt
849 248 917 281 duo
944 255 1089 287 tempora
1102 268 1109 276 .

230 303 381 337 Primum
395 326 406 342 ,
417 301 497 336 dum
520 302 591 335 solo
602 302 718 334 timore
728 307 877 331 movetur
889 295 1086 339 3secundum
1101 319 1111 335 ,

231 353 311 387 dum
337 351 434 386 timor
457 352 523 396 jam
549 349 702 391 concepit
727 347 917 391 sapientiam
938 357 976 379 ac
988 346 1110 388 peperit

231 401 426 437 charitatem
438 427 446 435 .
465 401 570 436 Priori
583 408 729 442 tempore
743 397 846 432 fateor
858 396 1029 430 hominem
1048 397 1111 428 esse

231 452 372 487 invitum
383 464 420 487 ac
433 448 705 486 involuntarium.
732 448 823 495 Qia
834 448 923 482 enim
934 447 1037 479 timor
1062 456 1110 478 ve-

231 513 313 536 teres
326 502 359 536 in
374 504 445 546 ipso
456 498 652 543 cupiditates
663 497 768 532 solum
780 499 860 542 ligat
870 497 903 530 ὅ(
914 495 1107 538 fraenat,ejus

231 553 389 587 voluntas
402 548 549 585 adversus
571 550 770 592 semetipsam
782 550 826 583 est
841 548 874 581 in
896 547 1049 580 timorem
1077 546 1110 578 ὅ(

232 602 444 645 cupiditatem
465 599 499 632 in
522 599 663 633 invicem
696 607 877 644 pugnantes
887 597 1011 637 divisa,
1033 594 1111 628 hinc

232 653 347 686 volens
357 651 499 694 effugere
510 650 632 692 peccati
646 660 773 692 poenam
785 672 797 689 ‚
809 647 888 682 hinc
897 647 966 690 ejus
977 647 1111 680 suavita-

232 713 298 736 tem
310 701 415 735 sestari
429 724 440 740 ,
453 699 594 744 ideoque
613 698 771 742 quidquid
782 700 851 743 agit
861 722 872 738 ,
883 700 952 741 agit
964 697 1085 729 invitus
1098 718 1109 735 ,

233 752 437 794 quiacontra
446 750 578 784 alteram
590 749 722 783 istarum
736 748 877 781 invicem
889 757 1111 791 compugnan-

231 805 317 835 tium
330 800 537 835 voluntatum
552 824 559 831 .
584 799 877 833 Posterioriautem
899 807 1045 840 tempore
1065 794 1112 828 est

232 850 328 895 plene
340 852 423 885 liber
434 862 471 884 ac
485 850 690 884 voluntarius
703 871 710 880 .
737 848 839 882 Tunc
857 847 946 882 enim
968 845 1112 880 introdu-

232 904 281 936 ἂι
293 903 338 936 est
351 902 503 936 timorem
516 900 671 942 adjuvans
681 897 822 932 charitas
835 922 847 938 ,
869 899 902 932 ὅ(
912 897 1044 940 expulsa
1067 898 1113 930 ti-

233 952 319 987 mori
333 961 518 995 repugnans
529 948 701 992 cupiditas,
721 948 894 991 omnisque
906 948 994 991 prior
1007 949 1111 981 neces·

233 1002 306 1035 sitas
318 1002 406 1035 versa
417 1001 463 1034 est
489 1000 523 1032 in
537 999 693 1033 virtutem
704 1009 741 1031 ac
752 998 888 1032 liberam
899 998 1093 1032 electionem
1105 1022 1112 1030 .

233 1051 353 1094 Neque
361 1049 451 1085 enim
462 1050 511 1082 uti
522 1048 657 1083 fraenans
684 1049 783 1082 timor
795 1049 829 1083 &
839 1050 968 1083 fraenata
990 1047 1114 1091 cupidi·

232 1110 284 1135 tas
295 1124 305 1141 ‚
327 1101 374 1135 ita
390 1098 601 1134 introducens
612 1099 712 1133 timot
722 1110 760 1134 ac
771 1100 955 1134 introducta
975 1099 1115 1133 charitas

233 1151 270 1186 in
293 1150 435 1185 invicem
447 1160 620 1195 pugnant,
642 1151 786 1185 animam
799 1149 933 1184 trahunt
955 1150 988 1183 in
1013 1160 1116 1193 partes

233 1200 400 1242 adversas,
418 1209 474 1234 aut
497 1211 570 1234 eam
593 1200 719 1234 faciunt
738 1200 824 1234 idem
845 1198 1007 1241 obierstum
1035 1199 1116 1232 velle

235 1250 377 1284 simul&
393 1250 503 1284 nolle.
530 1249 688 1283 Trahunt
701 1250 825 1284 diversa
839 1251 890 1290 vi,
914 1253 1015 1284 timor
1037 1250 1118 1283 odio

239 1311 341 1344 poenae
356 1324 367 1340 ,
377 1300 518 1334 charitas
532 1301 584 1334 seu
599 1301 771 1334 Contritio
782 1300 958 1334 dilectione
969 1299 1098 1343 justitiae
1109 1321 1119 1336 ‚

239 1349 373 1384 trahunt
381 1358 493 1384 tamen
506 1353 540 1384 in
553 1350 689 1384 eandem
703 1361 826 1393 partem
839 1375 850 1390 ,
870 1350 1011 1392 ideoque
1035 1347 1120 1383 nihil

238 1399 361 1434 habent
373 1423 383 1440 ,
396 1410 463 1442 quo
476 1398 647 1434 bominem
661 1400 921 1433 involuntarium
934 1400 1053 1432 faciant
1065 1408 1120 1431 aut

239 1451 393 1486 invitum.
415 1448 580 1483 Lutherus
591 1450 623 1482 δι
636 1449 820 1482 Donatissae
831 1447 1048 1482 confuderunt
1057 1446 1120 1480 haec

239 1501 309 1534 duo
321 1510 488 1543 tempora:
516 1498 610 1531 Hinc
621 1508 735 1540 purum
752 1499 961 1542 Evangelicae
974 1498 1122 1541 praedica-

242 1549 345 1584 tionis
368 1551 482 1582 vinum
505 1548 703 1582 miscuerunt
724 1549 758 1582 δε
782 1549 995 1592 inquinarunt
1014 1548 1122 1583 faetida

242 1610 326 1643 aqua
354 1600 481 1632 suarum
507 1597 692 1632 fabularum
706 1623 714 1630 .

294 1649 505 1691 Conceptam
516 1659 556 1682 ex
570 1648 672 1681 servili
698 1658 787 1682 metu
810 1647 1061 1682 Contritionem
1083 1647 1123 1681 sa-

244 1699 408 1732 crosandh
419 1697 620 1731 Tridentina
633 1696 788 1740 Synodus
801 1698 932 1731 declarat
955 1697 1122 1738 nonfacere

245 1748 390 1782 hominem
401 1747 577 1790 hypocritam
588 1757 641 1780 aut
654 1750 752 1790 magir
771 1757 968 1789 peccatorem.
998 1748 1040 1780 Et
1063 1758 1127 1781 rur·

245 1800 316 1833 sum
329 1798 431 1832 dicit:
463 1800 493 1830 51'
505 1804 570 1839 quis
587 1796 809 1838 dixeritfacere
829 1798 977 1831 bominem
996 1797 1113 1837 hypocr-1
1140 1761 1145 1836 ἱ

237 1857 310 1881 -tam
325 1872 336 1888 ,
359 1855 411 1881 aut
431 1853 527 1889 magis
545 1854 743 1888 peccatorem,
765 1848 929 1881 anathema
948 1847 985 1888 fit
1000 1873 1007 1879 .
1034 1846 1126 1879 Hinc

245 1899 361 1939 quinta
375 1895 511 1938 quaestio
523 1896 589 1930 haec
600 1922 607 1930 .
635 1897 715 1942 Qo
729 1896 795 1931 haec
807 1897 965 1931 tendant?
980 1897 1126 1940 Respon-

246 1948 310 1982 deo
323 1947 454 1981 tendere
467 1945 501 1980 in
515 1947 699 1980 Matrinum
712 1946 914 1987 Lauretum,
931 1947 964 1979 in
980 1949 1129 1981 sermone

243 1998 287 2032 de
297 1995 494 2031 Poenitentia
506 1997 540 2030 ὅ(
554 1997 586 2029 in
600 1996 662 2038 jam
675 1997 784 2039 saepius
796 2008 972 2031 memorata
994 1997 1126 2040 Apolo-

242 2049 299 2092 gia
315 2057 436 2081 errores
447 2045 525 2080 istos
536 2070 548 2086 ,
572 2057 639 2079 non
655 2045 760 2080 solum
774 2047 813 2080 de
826 2048 931 2081 servili
944 2050 1063 2081 timore
1074 2057 1130 2081 aut
1144 2063 1147 2093 3

244 2098 314 2141 ejus
325 2096 501 2131 servilitate
511 2120 523 2136 ,
535 2094 587 2129 sed
600 2097 633 2130 &
645 2095 686 2129 de
696 2107 856 2139 concepta
871 2097 1030 2139 peristurn
1040 2097 1130 2131 Con·
1143 2095 1146 2111 ¹

243 2148 382 2182 tritione
391 2146 601 2190 garrientem,
610 2146 858 2188 edicentemque
871 2148 925 2180 sua
936 2146 1128 2181 fundamen-

246 2208 280 2231 ta
293 2197 326 2230 &
338 2197 467 2231 causas:
492 2199 559 2239 Ego
568 2195 747 2236 hypocritam
760 2197 852 2228 aliter
863 2196 986 2238 definire
998 2209 1055 2229 non
1062 2196 1128 2239 pos-

241 2246 309 2291 sum
321 2269 332 2286 ,
353 2257 443 2288 quam
453 2255 517 2277 eum
528 2269 539 2284 ,
557 2251 610 2286 qui
621 2246 656 2277 id
663 2267 673 2283 ,
695 2247 775 2287 quod
777 2245 863 2286 facit
871 2269 881 2284 ,
910 2257 967 2278 non
978 2259 1016 2279 ex
1029 2253 1131 2279 anima

248 2293 393 2337 &fimeto
410 2293 601 2336 cordefacir.
630 2300 770 2327 Animum
789 2304 888 2328 autem
909 2298 1002 2330 talem
1026 2299 1060 2330 Θ·
1083 2307 1129 2329 cor

245 2357 304 2380 non
325 2346 381 2379 dae
392 2353 525 2384 natura,
546 2355 598 2377 nec
619 2345 744 2378 collem·
765 2352 970 2386 peccatorum,
991 2345 1048 2389 sed
1062 2346 1130 2390 sola-

245 2395 380 2430 chamas
390 2396 522 2436 spiritus
531 2418 539 2425 .
566 2394 603 2426 H
604 2394 760 2437 ypocrisis
773 2419 783 2435 ,
811 2396 943 2436 inquam
955 2408 1019 2440 ego
1032 2421 1043 2436 ,
1057 2409 1124 2430 non

246 2445 294 2479 est
308 2443 420 2483 aliud,
442 2444 539 2486 quam
563 2444 730 2478 simulatio
749 2444 898 2486 justitiae,
923 2447 976 2479 seu
1004 2446 1124 2489 justitia

247 2494 395 2527 simulata
406 2505 414 2534 ·,
427 2494 459 2527 &
472 2493 644 2536 hypocrita
658 2505 723 2527 non
736 2495 780 2527 est
794 2495 883 2528 aliud
897 2520 907 2535 ,
927 2496 1025 2540 quam
1039 2496 1127 2539 justi-

247 2545 302 2578 tiae
324 2543 511 2583 simulator,
532 2543 838 2584 simulatusjustus,
861 2546 917 2578 seu
938 2547 1125 2588 personatus

248 2593 379 2638 justitiae
393 2591 508 2626 histrio
520 2617 530 2632 ‚
539 2592 571 2625 δε
587 2591 791 2634 sepulchrum
802 2593 987 2629 dealbatum
998 2620 1005 2627 .
1017 2596 1066 2630 lta
1076 2607 1125 2630 res

247 2644 315 2687 ipsa
325 2644 443 2677 clamat
458 2666 468 2682 ‚
489 2642 701 2685 plurimisque
724 2643 758 2676 in
778 2642 861 2676 locis
884 2644 983 2678 tradit
1002 2647 1123 2680 sandius

247 2693 453 2738 Augustinus
466 2715 472 2724 .
500 2692 707 2738 Qapropter
727 2692 845 2726 vitium
858 2693 944 2734 istud
967 2695 1122 2739 importat

245 2743 315 2778 duo
330 2755 337 2775 ι
350 2742 484 2785 Iustitiae
495 2742 683 2783 carentiam,
694 2742 727 2776 &
740 2743 835 2785 ipfius
845 2744 1057 2780 mendacium
1068 2747 1121 2780 seu

246 2794 429 2838 fictionem.
459 2792 515 2826 Est
530 2792 691 2833 omnino,
710 2792 785 2827 licet
806 2806 874 2828 non
894 2795 984 2836 oris,
1009 2807 1119 2830 tamen

246 2844 355 2888 operis
377 2844 560 2888 genuinum
581 2843 809 2883 mendacium,
831 2845 974 2888 ideoque
995 2857 1058 2879 una
1079 2858 1120 2880 ex

248 2895 318 2938 ejus
327 2893 546 2928 essentialibus
559 2893 702 2936 partibus
721 2895 766 2927 est
791 2894 941 2929 voluntas
962 2897 1116 2929 fallendi.

250 2945 294 2978 Et
307 2942 384 2978 huic
407 2945 604 2977 sacrosansta
630 2943 784 2986 Synodus
803 2945 897 2985 voci,
918 2948 1123 2987 Hypocritam„

250 2995 371 3037 semper
381 2993 486 3035 addit,
504 2999 600 3037 magis
606 3002 800 3035 peccatorem.
829 2995 992 3038 Loquitur
1003 3008 1042 3030 ex
1054 2998 1117 3030 san-

250 3045 302 3077 {io
316 3044 506 3088 Augustino
518 3068 529 3084 ,
549 3044 648 3088 quiin
661 3044 752 3078 libris
762 3044 802 3078 de
823 3043 992 3088 Baptismo
1014 3047 1119 3080 adver·

250 3093 323 3126 sum
347 3093 537 3128 Donatistis
557 3094 724 3128 occultum
739 3094 937 3129 Haereticum
952 3105 1007 3129 aut
1018 3096 1118 3130 Schis-

251 3144 409 3185 maticum
424 3144 504 3178 dicit
518 3145 580 3178 effe
590 3143 899 3186 tantofi·eleratiorem
907 3170 918 3186 ,
938 3148 1050 3188 quanto
1062 3158 1121 3180 ma·
1144 3150 1145 3153 ’

246 3200 299 3237 gis
308 3191 456 3228 haereseos
467 3206 521 3227 aut
533 3194 711 3229 schismatis
744 3196 870 3230 ravitati
874 3195 1034 3237 fallaciam
1036 3195 1120 3238 fimu-

251 3244 374 3277 lationis
387 3245 538 3287 adjungit.
566 3245 606 3278 Et
621 3246 654 3279 in
678 3246 822 3279 secundo
830 3247 1024 3281 sermonede
1036 3259 1122 3281 com-

253 3294 346 3327 muni
361 3293 564 3327 Clericorum
578 3296 642 3328 vita
656 3296 803 3330 occultos
816 3297 1041 3339 proprietarios
1056 3298 1124 3330 Cle.

253 3343 338 3377 ricos
347 3352 402 3376 aut
413 3343 601 3378 Monachos
611 3345 690 3380 dicit
704 3357 863 3386 mortuos,
876 3348 1065 3381 manifestos
1076 3359 1114 3380 au

254 3403 323 3428 tem
335 3392 494 3437 apostatas
506 3395 567 3427 effe
583 3394 755 3431 dumtaxat
778 3407 884 3430 coecos
895 3408 950 3431 aut
973 3398 1125 3432 claudos.

252 3444 401 3480 Omnem
412 3442 659 3489 fistumjustitiae
672 3446 891 3484 simulatorem
911 3449 973 3484 esse
997 3457 1124 3484 mortu-

1160 2474 1174 3076 l

1147 126 1173 156 τ
1207 114 1617 159 Attali-tour..
1924 129 2023 172 239

1170 208 1227 231 um
1240 196 1349 231 scribit
1361 197 1394 230 in
1409 198 1499 232 libris
1509 198 1658 233 adversus
1667 195 1885 232 Cresconium
1898 197 2037 232 Donati·
2054 196 2093 231 L.
2108 209 2138 235 2·
2158 208 2185 232 c.

1171 247 1273 281 stam.
1295 247 1418 290 Aperta
1435 248 1744 292 eniminiquitasest
1757 248 1892 282 unicum
1914 247 2038 281 dumta-
2059 248 2111 284 16.

1155 309 1225 343 ,κει
1239 308 1406 340 peccatum
1420 322 1430 337 ,
1452 309 1484 331 at
1496 298 1569 332 vero
1581 298 1757 342 hypocrisis
1771 300 1903 332 internae
1926 296 2042 339 iniqui-

1156 348 1228 383 irati
1251 348 1343 381 addit
1364 359 1530 382 externam
1552 348 1880 390 fiffionemjustitiae‚
1902 346 2041 390 ideoque

1156 419 1158 421 -
1173 398 1218 431 est
1231 409 1397 440 peccatum
1410 398 1530 441 duplex
1543 422 1555 438 ‚
1565 400 1598 432 δε
1609 399 1685 432 facit
1699 400 1802 442 magis
1825 407 2023 441 peccatorem
2033 419 2042 427 .

1173 447 1278 482 Porro
1288 460 1327 481 ex
1339 458 1505 490 poenarum
1519 459 1607 481 metu
1621 459 1777 490 concepta
1799 446 1968 482 Contritio
1991 457 2045 480 ne·

1173 509 1237 542 que
1249 499 1427 532 carentiam
1443 508 1546 540 neque
1558 498 1797 531 simulationem
1810 496 2045 540 includitjusti-

1171 550 1238 583 tiae:
1266 548 1320 581 Est
1333 550 1422 581 enim
1436 572 1446 587 ,
1467 547 1542 581 licet
1557 548 1757 590 imperfecta,
1779 548 1920 581 omnino
1931 558 2044 581 tamen

1156 607 1158 618 '¹
1172 609 1243 632 vera
1255 597 1488 641 operisjustitia
1501 623 1511 638 ,
1532 599 1565 631 ὅ(
1578 608 1729 641 germana
1744 597 1871 641 spiritus
1892 597 2046 636 charitas,

1155 622 1159 667 l
1172 659 1322 692 operatur
1335 660 1373 681 ex
1386 648 1498 682 animo
1511 649 1543 682 &
1564 649 1686 680 sincero
1707 646 1802 681 corde
1813 672 1823 687 ‚
1844 647 2046 689 proindeque

1156 671 1212 735 lex
1226 700 1294 742 ipsis
1308 697 1442 733 Lutheti
1455 698 1619 742 principiis
1641 697 1684 731 est
1698 696 1907 730 remotissima
1929 696 1970 729 ab
1989 694 2049 738 hy·

1175 750 1336 792 pocriseos
1349 749 1439 783 labe.
1464 749 1718 790 Concipientem
1732 758 1855 780 metum
1879 747 1912 780 &
1934 756 2050 779 conce-

1156 815 1160 834 ε
1175 809 1262 842 ptam
1286 799 1502 833 Attritionem
1516 811 1580 832 non
1594 797 1744 831 distinxit
1759 808 1865 831 coecus
1876 797 1906 829 ὅ(
1920 796 2051 830 dolosus

1156 836 1339 883 *Lutherus
1349 874 1358 889 ,
1374 860 1471 891 atque
1484 850 1562 882 hinc
1572 848 1652 881 adeo
1667 849 1774 893 grosse
1787 848 1830 880 est
1845 849 1870 879 la
1878 847 1962 889 psus.

1224 899 1319 932 Sexta
1347 899 1479 933 tandem
1506 899 1636 942 quaestio
1663 899 1707 932 est
1721 923 1732 939 ‚
1759 898 1827 933 Cur
1854 897 2048 930 sacrosansta
2114 892 2187 927 Nec
2199 893 2224 926 i-

1174 947 1372 983 Tridentina
1386 950 1539 992 Synodus
1551 973 1560 988 ‚
1572 950 1718 982 servilem
1737 950 1964 993 gehennarum
1985 957 2049 979 me·
2063 953 2128 977 tem
2159 944 2225 977 ser-

1175 1009 1244 1033 tum
1258 1023 1269 1039 ,
1279 1010 1344 1043 quo
1359 1000 1377 1033 ὲ
1391 1002 1557 1044 peccando
1568 1001 1722 1033 cessamus
1733 1025 1744 1040 ,
1755 999 1915 1032 definiens
1928 1008 1996 1030 non
2008 997 2049 1029 es-
2066 992 2140 1026 vilis
2164 993 2206 1029 ti-

1175 1049 1206 1082 se
1217 1060 1386 1092 peccatum
1400 1075 1410 1091 ‚
1439 1062 1499 1083 nec
1513 1049 1615 1094 magis
1629 1060 1831 1092 peccatorem
1844 1049 1947 1083 facere
1957 1071 1968 1086 ,
1981 1057 2051 1080 non
2068 1054 2139 1078 mor
2150 1068 2157 1076 .

1177 1099 1337 1134 addiderit
1347 1125 1357 1140 ,
1368 1100 1458 1141 quod
1468 1101 1508 1134 de
1519 1111 1677 1143 concepta
1690 1111 1742 1142 per
1753 1100 1857 1142 ipsum
1873 1098 2056 1131 Attritione

1178 1150 1287 1189 dixit,
1313 1160 1415 1184 etiam
1435 1162 1510 1183 non
1534 1151 1639 1185 facere
1653 1150 1882 1193 hypocritam?
1907 1147 2055 1194 Qidam

1179 1199 1369 1234 existimant
1395 1201 1492 1234 aliam
1520 1201 1737 1243 concipientis
1764 1201 1891 1234 timoris
1914 1223 1925 1239 ,
1954 1198 2056 1232 aliam

1181 1262 1348 1293 conceptae
1362 1250 1553 1284 Attritionis
1571 1252 1633 1284 effe
1647 1250 1707 1284 hac
1718 1251 1752 1284 in
1765 1260 1852 1293 parte
1876 1251 2056 1282 rationem:

1181 1301 1276 1333 Facta
1303 1312 1341 1333 ex
1356 1300 1457 1333 servili
1470 1312 1545 1333 ante
1573 1301 1789 1335 introductam
1800 1300 1992 1333 charitatem
2018 1297 2060 1330 ti-

1181 1360 1273 1383 more
1284 1349 1370 1383 bona
1381 1362 1478 1392 opera
1491 1350 1677 1382 existimant
1690 1350 1893 1392 hypocritica
1905 1371 1916 1386 ,
1928 1348 1962 1380 &
1973 1345 2060 1379 hanc

1183 1400 1245 1432 esse
1256 1400 1395 1434 radicem
1407 1399 1537 1432 diversae
1556 1400 1644 1432 istius
1657 1399 1836 1432 locutionis
1847 1424 1854 1430 .
1881 1398 1949 1429 Hic
1973 1407 2063 1429 nam-

1183 1460 1246 1490 que
1258 1450 1359 1482 rimor
1374 1449 1544 1483 hominem
1557 1447 1690 1493 quidem
1705 1449 1850 1483 formosis
1862 1446 2062 1482 exteriorum

1184 1510 1321 1542 operum
1334 1499 1421 1534 foliis
1434 1511 1529 1533 ornat
1540 1524 1551 1538 ‚
1580 1510 1613 1533 at
1625 1499 1741 1533 faedum
1755 1499 1880 1532 boni&
1892 1498 1966 1531 resti
1994 1496 2067 1529 odi-

1186 1559 1241 1582 um
1255 1573 1265 1588 ,
1291 1548 1439 1582 dolosam
1463 1548 1671 1583 servilitatem
1693 1550 1727 1583 δι’,
1748 1550 1885 1582 multam
1906 1547 2066 1591 cupidita-

1187 1609 1252 1632 tem
1277 1598 1311 1630 in
1333 1599 1431 1632 corde
1453 1599 1630 1641 relinquit,
1659 1597 1798 1642 ideoque
1819 1599 1999 1633 simulatam
2021 1597 2068 1630 so·

1189 1648 1685 1692 lummodoinducitjustitiam‚
1712 1649 1744 1683 ὅ(
1756 1648 1835 1684 facit
1859 1647 2069 1692 sepulchrum

1188 1697 1375 1734 dealbatum
1391 1725 1399 1733 .
1432 1699 1475 1732 Et
1488 1700 1566 1733 hinc
1578 1711 1633 1733 eos
1645 1724 1655 1739 ‚
1680 1700 1836 1742 quisnam
1849 1711 1923 1733 cum
1936 1697 2070 1731 carnali-

1190 1749 1248 1782 bus
1262 1749 1373 1790 judaeis
1384 1773 1394 1788 ,
1426 1759 1467 1782 cx
1483 1750 1586 1782 servili
1599 1749 1717 1783 timore
1734 1748 1821 1782 bona
1835 1747 2071 1791 operantibus,

1190 1798 1347 1840 justitiam
1375 1800 1520 1833 statuunt
1533 1823 1544 1838 ,
1571 1800 1603 1832 in
1627 1798 1716 1832 libris
1743 1799 1783 1832 ad
1812 1800 1842 1832 S.
1856 1797 2071 1831 Bonifacium

1190 1847 1387 1881 Pontificem
1401 1849 1430 1882 S.
1447 1847 1654 1893 Augustinus
1667 1859 1762 1883 vocat
1774 1848 1935 1883 fallaciter
1958 1848 2068 1890 justos.

1192 1898 1390 1941 Respondeo
1404 1909 1514 1932 tamen
1530 1911 1589 1932 nos
1602 1900 1619 1933 a
1633 1898 1759 1939 servili,
1786 1899 1838 1932 cui
1850 1898 2000 1942 adjunaa
2013 1899 2072 1932 ser·
2087 1898 2127 1934 L.
2142 1910 2172 1948 3.

1192 1948 1315 1989 vilitas,
1339 1949 1459 1983 timore
1471 1961 1540 1982 non
1552 1948 1705 1983 constitui
1719 1949 1925 1992 hypocritas.
1954 1949 2073 1992 Hypo·
2087 1963 2116 1986 c.
2138 1961 2177 1993 7.

1191 1998 1277 2032 crifis
1301 1999 1392 2032 enim
1420 2011 1487 2033 non
1504 2000 1652 2043 quemvis
1675 2000 1807 2033 internae
1833 1998 1962 2042 justitiae
1988 1999 2074 2035 defe-

1193 2049 1278 2081 &um
1292 2048 1364 2086 ,sed
1377 2049 1534 2092 importat
1544 2050 1715 2092 positivum
1727 2051 1833 2093 operis
1845 2050 2069 2089 mendacium,

1194 2098 1229 2132 ὃ(
1256 2097 1483 2133 histrionicam
1510 2099 1751 2133 simulationem
1764 2124 1775 2140 ,
1801 2111 1865 2142 qua
1889 2110 2014 2134 certum
2024 2099 2071 2134 est

1191 2159 1326 2181 omnem
1340 2148 1433 2182 illum
1445 2173 1456 2188 ‚
1468 2149 1525 2190 qui
1538 2161 1578 2183 ex
1591 2150 1662 2183 solo
1673 2151 1793 2184 timore
1806 2162 1959 2193 operatur
1971 2150 2073 2191 bona,

1193 2209 1261 2230 non
1273 2198 1395 2239 semper
1405 2198 1567 2233 laborare.
1596 2199 1944 2234 Re&eeniminlibro
1955 2199 1996 2234 de
2019 2211 2073 2244 pa-

1191 2247 1306 2280 tientia
1318 2247 1425 2281 scribit
1447 2249 1570 2283 sanstus
1589 2250 1815 2295 Augustinus:
1836 2248 1963 2290 Ecclesia
1990 2259 2072 2284 tenet

1187 2302 1272 2338 piam
1281 2296 1375 2338 fidem
1385 2322 1395 2337 ,
1412 2308 1470 2330 non
1482 2310 1548 2330 eam
1560 2323 1570 2337 ‚
1583 2311 1649 2341 quae
1660 2303 1724 2340 per
1741 2302 1897 2333 elatIonem
1916 2308 1970 2332 aut
1987 2306 2072 2334 timo-

1189 2358 1251 2379 rem
1262 2370 1272 2385 ,
1286 2345 1417 2390 sedeam
1430 2373 1439 2387 ,
1458 2360 1526 2390 quae
1552 2357 1608 2390 per
1632 2349 1814 2384 dileHionem
1827 2358 1980 2392 operatur.
2010 2352 2072 2384 Di-

1190 2397 1327 2441 stinguit
1350 2398 1511 2439 triplicem
1538 2398 1621 2433 bona
1638 2401 1795 2442 operandi
1817 2399 1974 2433 modum:
2008 2400 2071 2434 Per

1191 2448 1256 2480 Dei
1279 2447 1487 2480 dilectionem
1501 2473 1512 2488 ‚
1532 2460 1585 2490 per
1605 2450 1775 2490 timorem,
1795 2461 1849 2493 per
1869 2450 2071 2492 elationem,

1188 2508 1252 2539 qua
1267 2497 1379 2539 utique
1395 2495 1497 2530 homo
1511 2497 1579 2530 vult
1595 2499 1890 2533 suamconstituere
1899 2500 2070 2542 justitiam,

1188 2548 1222 2580 ἀ
1249 2547 1334 2589 apud
1364 2547 1514 2580 homines
1540 2546 1640 2588 justus
1666 2551 1861 2593 apparere&
1888 2550 2069 2594 gloriosus.

1189 2596 1412 2639 Haecquaestio
1422 2597 1549 2630 videtur
1560 2598 1599 2631 ad
1615 2599 1743 2633 firmum
1766 2599 1988 2634 acimmobile
2010 2602 2071 2635 Ec-

2088 2228 2170 2275 Cap.
2181 2226 2238 2267 28.

1186 2647 1287 2680 cleliae
1298 2647 1420 2691 dogma
1435 2658 1502 2680 non
1518 2658 1557 2690 pe
1576 2649 1679 2682 tinere
1687 2666 1699 2690 ·,
1723 2648 1863 2692 ideoque
1876 2649 1916 2683 ab
1927 2650 1981 2684 illa
1994 2650 2069 2685 defi-

1187 2696 1306 2730 nienda
1318 2697 1464 2730 faustum
1479 2697 1675 2732 Concilium
1689 2699 1849 2735 abstinuit
1859 2725 1867 2733 .

1296 2793 1673 2832 CAPUT
1775 2799 1961 2834 XVII.

1183 2875 1362 2916 Exponitur
1388 2872 1508 2916 effemia
1536 2877 1705 2907 Attritionis
1728 2899 1738 2915 ‚
1771 2875 1826 2919 seu
1863 2878 2067 2911 contritionis

1535 2924 1737 2965 imperfedlae.

1288 3002 1443 3031 Ttritionis
1458 3009 1559 3031 nomen
1573 3023 1582 3037 ,
1609 3000 1718 3042 inquit
1732 3000 1920 3035 Gulielmus
1935 3003 2043 3038 Estius
2054 3029 2064 3045 ,

1303 3052 1461 3091 Scripturae
1475 3050 1508 3081 &
1524 3049 1670 3082 Patribus
1696 3056 1892 3095 incognitum,
1914 3056 1934 3086 ἃ
1955 3052 2066 3087 Scholae
2085 3035 2127 3092 L',
2152 3043 2184 3080 4⁸

1163 3100 1167 3124 1
1189 3099 1383 3138 Βοθονὶόιυ,
1402 3098 1596 3131 diffinc‘lioms
1625 3101 1658 3133 Θ·
1679 3101 1821 3135 domena
1840 3110 1948 3147 grana
1967 3129 1976 3143 ,
1995 3101 2064 3147 sirit
2082 3084 2167 3180 ξιξ
2183 3088 2235 3122 16⁸

1164 3154 1398 3193 ,excogitatum‚
1422 3149 1464 3180 ad
1481 3146 1701 3190 fignificandum
1723 3153 1849 3186 dolorem
1868 3155 1905 3187 de
1922 3163 2061 3196 peccato,
2083 3186 2141 3218 Att
2162 3188 2167 3192 .
2188 3185 2196 3192 .

2145 3196 2236 3221 riuo-

1164 3193 1169 3253 ‘l
1183 3197 1448 3241 seupoenitentiam
1460 3201 1622 3239 quamdam
1643 3201 1868 3243 imperfecqam.
1891 3206 1971 3236 sicut
1983 3213 2061 3236 emm
2106 3236 2111 3242 ,

1166 3262 1171 3333 ι
1189 3255 1221 3281 in
1234 3249 1429 3291 corporalibus
1441 3254 1580 3281 attritum
1592 3251 1719 3291 dicitur,
1743 3255 1825 3294 qnod
1833 3255 1932 3296 aliquo
1956 3256 2056 3295 modo,
2080 3245 2130 3267 ¹¹¹⁵
2155 3246 2209 3269 ω’

1188 3302 1290 3341 nempe*
1298 3297 1462 3341 forinsecas
1476 3300 1595 3331 tantam
1609 3324 1619 3339 ,
1630 3300 1716 3344 laesus
1728 3302 1765 3341 est
1777 3314 1829 3335 aut
1840 3311 2058 3344 comminutum,
2078 3297 2112 3319 ω
2120 3285 2234 3321 buhun

1167 3345 1171 3389 Ι
1188 3356 1346 3382 contritum
1356 3350 1429 3381 vero
1441 3370 1450 3385 ,
1470 3351 1551 3389 quod
1568 3359 1659 3383 totum
1672 3352 1752 3384 innir
1765 3355 1798 3385 Co·
1812 3353 1892 3394 foris
1908 3353 2059 3394 frac'liom·
2078 3335 2123 3369 est
2151 3347 2210 3380 ¹¹⁰³<

1174 3420 1175 3423 ,
1190 3404 1222 3431 in
1233 3406 1357 3432 minima
1369 3396 1522 3440 resolutum
1530 3398 1568 3437 est
1576 3412 1584 3442 ·,
1608 3406 1653 3433 ita
1665 3408 1697 3434 in
1714 3402 1922 3444 spiritualibus
1938 3408 2060 3438 Attritio
2080 3395 2155 3421 vum
2167 3410 2175 3419 '

1192 3450 1230 3484 ab
1244 3451 1304 3484 illis
1317 3449 1398 3484 decla
1408 3447 1444 3489 est
1451 3451 1590 3491 quadam
1607 3451 1779 3494 imperftc'ffa
1790 3476 1803 3496 ,
1823 3454 1856 3488 <it
1875 3453 2060 3497 aliquousque

1983 3513 2048 3538 lan·
