2366 3736
581 109 878 157 Ram—un

254 192 358 236 lagius
373 192 573 236 »approbatur
596 195 615 228 a
640 194 816 228 miserabili
844 196 984 238 Synodo
1008 196 1089 230 Dio·

256 243 433 284 spolitana.
466 243 541 280 166.
571 255 602 282 1,
629 244 780 289 Pelagius
802 246 835 280 δι
858 244 1026 281 Caelestius
1045 247 1091 279 in·

254 292 360 325 stante
386 291 490 326 Paulo
512 294 629 327 Orosio
656 295 855 328 damnantur
879 295 913 328 in
932 296 1092 330 Concilio

198 374 202 379 ,
255 341 501 385 Carthaginensi
516 367 526 383 ‚
553 342 642 386 quod
662 346 730 377 asta
755 345 810 377 sua
834 344 997 388 probanda
1021 345 1091 379 mit·

256 391 296 424 tit
316 392 357 426 ad
371 392 566 426 Pontificem
590 394 820 428 Innocentium
836 419 844 427 .
873 405 943 442 ¹70·
970 408 991 429 1.
1007 394 1092 428 Pon-

255 441 338 475 tifex
358 441 512 485 approbat
534 445 601 476 asta
618 468 629 485 ‚
673 445 965 478 excommunicans
999 444 1092 478 Pela-

254 492 346 532 gium
360 491 629 535 Caelestiumque,
656 494 762 527 donec
773 494 1049 541 refipiscantqyi.
1069 506 1092 527 1.

255 537 353 576 Idem
376 541 464 585 quod
486 542 639 585 Synodus
656 543 921 589 Carthagisienfis
935 569 945 584 ‚
972 544 1093 579 fecit&

256 591 454 625 Milevitana
483 618 492 627 .
543 592 621 626 ibid.
653 604 684 631 2.
712 594 927 627 Innocentius
949 594 1034 637 Papa
1058 595 1091 627 si-

254 640 334 674 mile
357 640 412 674 dat
431 643 635 685 responsum.
670 654 743 689 172.
767 653 787 676 1.
814 643 938 679 Contra
953 644 1091 687 Diospo-

256 690 390 725 litanam
411 691 582 733 Synodum
597 718 606 731 ,
634 693 708 728 Afri
726 717 737 733 ‚
764 694 846 727 inter
869 705 951 737 quos
962 695 993 729 S.
1006 693 1102 739 Aug„

253 740 421 775 celebrant
435 742 617 786 „Synodum
651 742 796 787 quinque
822 744 1058 787 Episcoporum
1086 756 1093 777 ε

253 790 488 825 concludentes
520 803 555 826 ut
589 793 745 826 Pontifex
779 793 827 826 vel
862 805 976 828 evocet
1004 795 1097 828 Pela—

247 841 346 885 gium
360 866 371 882 ‚
400 842 651 885 vesper-litteras
664 842 846 887 agendum·
880 852 958 890 172.
976 842 1094 888 Lseqq-

254 889 413 925 Pontifex
435 892 576 926 rescribit
602 893 743 927 sufficere
762 891 852 934 quod
878 893 932 936 ipsi
954 895 987 927 δι
1017 894 1094 937 dog-

255 952 344 974 mata
368 942 653 976 condemnentur.
971 953 1044 991 173-
1075 956 1114 983 2.

255 990 428 1025 Caelestius
454 991 682 1037 appellationis
702 991 782 1035 ergo
798 1015 808 1030 ‚
835 992 977 1027 Romam
1001 1005 1094 1027 vene·

257 1050 329 1080 rat,
355 1051 506 1075 oretenus
530 1040 722 1079 submittens
745 1040 1032 1082 sejudiciosanciae
1047 1045 1100 1077 Se·

255 1090 324 1125 dis.
354 1100 421 1137 ¹74·
451 1103 471 1122 ι.
498 1091 591 1125 Hinc
612 1092 680 1135 ejus
706 1091 957 1135 appellationem
981 1094 1095 1127 admit-

255 1149 329 1172 tens
340 1138 530 1183 Zozymus‚
555 1141 744 1175 innocentii
759 1143 932 1184 successor,
962 1142 1096 1177 Cartha·

256 1188 407 1233 ginenses
418 1200 551 1223 evocat.
580 1191 651 1223 ibid.
672 1191 751 1225 Non
764 1201 872 1225 tamen
886 1203 960 1226 cum
973 1194 1096 1226 clausu-

258 1299 345 1322 verat
357 1288 515 1334 Pelagius.
525 1291 596 1323 ibid.
610 1302 640 1325 2.
654 1290 811 1327 Pontifex
824 1292 941 1335 pariter
951 1293 1095 1329 admittit

256 1339 511 1381 appellationem
532 1341 565 1374 ὅ(
595 1343 794 1376 accusatores
813 1353 947 1376 evocat.
994 1354 1063 1391 ¹75·
1088 1352 1097 1377 1

257 1388 332 1422 Afri
357 1389 496 1431 acceptis
517 1390 691 1425 Pontificis
711 1392 950 1426 citatorialibus
963 1394 1097 1427 mittunt

238 1437 491 1486 ,Marcellinum
514 1440 762 1478 Subdiaconum
786 1453 861 1477 cum
872 1441 1095 1478 documentis.

257 1489 332 1522 ibid.
360 1501 391 1527 2.
1064 1526 1066 1528 ,

257 1538 426 1573 Caelestius
451 1537 469 1572 ὲ
487 1539 640 1584 Zozymo
663 1541 723 1576 rite
760 1542 978 1589 interrogatus
998 1543 1096 1586 cespi-

258 1597 326 1621 tat.
353 1588 475 1633 Fugit.
979 1593 1049 1638 ¹76·
1082 1604 1095 1627 1

208 1635 370 1673 Paulinus
391 1638 561 1674 Diaconus
581 1639 645 1678 hoc
667 1641 834 1676 intellecio
860 1640 1099 1685 Pontificiagit

258 1689 380 1732 gratias
399 1713 408 1722 .
434 1689 508 1721 ibid.
529 1689 613 1732 seqq.
632 1691 734 1722 Tunc
758 1690 940 1731 plenarium
964 1690 1098 1725 Cartha-

233 1761 238 1769 .
257 1738 338 1779 gine
360 1737 541 1771 celebratur
563 1737 760 1772 Concilium
773 1762 785 1778 ,
811 1750 879 1780 quo
893 1739 1012 1772 haeresis
1030 1740 1100 1770 uni-

233 1787 347 1817 .versa
380 1787 556 1818 damnatur
577 1809 586 1817 .
622 1796 689 1832 ¹77·
719 1795 751 1820 2.
783 1784 869 1829 seqq.
897 1786 1097 1829 Praecipuum

258 1833 322 1867 fuit
348 1834 438 1877 quod
463 1835 675 1880 promulgent
707 1832 897 1871 Innocentii
919 1835 1013 1879 Papae
1034 1837 1100 1870 sen-

232 1906 235 1908 >
259 1884 396 1917 tentiam
418 1905 425 1915 .
451 1895 519 1931 ¹79·
548 1895 567 1917 ι.
595 1886 697 1920 Hanc
728 1884 906 1930 plenariam
929 1887 1098 1929 Synodum

259 1933 468 1968 confirmavit
490 1933 658 1976 Zozymus
671 1959 678 1968 .
982 1936 1053 1970 ibid.
1069 1947 1099 1971 2.

210 1982 322 2019 Prima
346 1984 401 2018 lex
422 1983 572 2019 Honorii
595 1986 630 2021 ὅ(
650 1982 836 2020 Theodosii
862 1985 965 2029 lmpp.
988 1987 1096 2022 adver-

260 2034 314 2068 sus
333 2033 545 2078 Pelagianos.
1024 2036 1097 2070 ibid.

260 2083 450 2118 Caelestium
471 2085 747 2118 condemnaverat
776 2085 908 2120 Atticus
939 2085 1095 2120 Constan

230 2164 233 2166 .
260 2134 499 2178 titiopolitanus
532 2133 833 2180 Archi-Episcopus
855 2135 890 2169 in
919 2136 973 2170 sua
997 2137 1098 2223 Sgno-

259 2185 323 2218 do.
451 2193 459 2203 ’
1006 2198 1015 2219 1
1044 2198 1061 2219 ι.
1089 2196 1099 2219 1

226 2262 229 2266 .
258 2233 408 2270 Secunda
430 2233 483 2270 lex
516 2234 752 2278 Imperatorum
782 2235 932 2270 adversus
954 2235 1098 2280 Pelagia-

224 2312 227 2317 ,
259 2294 323 2319 nos
345 2309 353 2318 .
437 2293 446 2323 ζ
487 2308 490 2312 ,
978 2287 1049 2320 ibid.
1079 2299 1099 2324 2

225 2356 228 2358 -
255 2334 434 2377 *Aurelius*
456 2332 724 2378 carthaginensis
764 2334 1062 2380 Archi-Episcopus
1088 2361 1098 2376 ,

260 2383 414 2415 omnium
436 2381 572 2418 notitias
593 2384 695 2417 mittit
718 2385 758 2418 ad
772 2386 951 2430 Episcopos
965 2396 1019 2428 per
1036 2385 1098 2427 By-

258 2440 411 2465 zaceuam
430 2430 464 2463 δε
488 2430 704 2467 Azuritanam
717 2432 923 2469 Provinciam
936 2458 943 2467 .
969 2433 1036 2470 182.
1064 2444 1094 2468 2.

259 2480 370 2514 Etiam
395 2480 608 2522 Constantius
629 2481 808 2526 Imperator
829 2483 937 2527 Iegem
958 2485 1018 2518 fert
1048 2481 1098 2516 ad-

260 2528 371 2566 versus
392 2528 609 2573 Pelagianos.
1024 2533 1096 2565 ibid.

258 2576 385 2626 Legem
413 2576 604 2625 promulgat¹
621 2579 821 2619 Volusianus
834 2580 1100 2627 Carthaginenfis

260 2629 448 2665 Praefectus.
987 2630 1051 2679 ¹83·
1079 2646 1099 2665 i.

221 2697 231 2717 :
261 2680 374 2715 Etiam
397 2679 653 2715 Valentinianus
675 2680 811 2716 Tertius
842 2681 991 2717 adversus
1013 2682 1099 2718 Pela-

219 2759 222 2763 .
261 2730 379 2775 gianos
402 2730 510 2775 Iegem
534 2730 616 2764 fert.
990 2729 1055 2778 184.
1081 2739 1100 2764 1.

261 2779 454 2817 Caelestinus
485 2779 573 2823 Papa
606 2781 642 2816 in.
662 2780 815 2816 Romana
836 2780 975 2825 synodo
998 2782 1096 2817 Caele-

261 2829 359 2864 stium
387 2830 475 2873 pellit
496 2841 537 2864 ex
561 2830 674 2863 Italia.
920 2832 993 2866 ibid.
1013 2831 1097 2875 seqq.

262 2879 449 2915 Palladium
474 2881 664 2914 Diaconum
690 2880 792 2919 mittit
812 2879 845 2914 in
868 2882 1097 2924 Britanniam,

261 2942 298 2965 ut
319 2930 534 2974 pullulantem
556 2930 627 2965 illic
640 2931 1096 2977 Pelagianismumextingue·

262 2991 310 3015 ret
331 3004 338 3012 .
464 3015 467 3017 ,
973 2982 1046 3015 ibid.
1074 2994 1095 3020 2

262 3029 416 3072 Synodus
437 3029 611 3065 Gallicana
632 3031 748 3066 Incerti
768 3031 835 3066 loci
847 3031 996 3068 adversus
1008 3032 1096 3067 Pela-

261 3081 397 3124 gianos.
989 3079 1058 3127 185.
1086 3096 1096 3116 i

216 3152 220 3157 .
261 3130 422 3164 Generale
445 3128 644 3175 Ephesinum
671 3131 806 3166 damnat
829 3130 1026 3176 Pelagianos
1041 3157 1048 3165 .

261 3180 336 3212 ibid.
364 3191 396 3217 2.
415 3178 477 3222 seq.

259 3229 354 3262 Tum
376 3230 527 3264 adversus
543 3231 717 3276 Augustini
730 3230 960 3266 authoritatem
977 3234 1009 3266 in
1022 3233 1095 3267 Gal·

260 3278 312 3313 liis
335 3280 442 3312 astum
457 3302 464 3311 .
491 3280 551 3314 Sed
573 3282 763 3316 Caelestinus
788 3281 875 3326 Papa
898 3293 958 3325 pro
984 3283 1093 3327 Augu·

258 3330 347 3363 stino
366 3329 530 3363 rescribit.
979 3331 1045 3380 ¹87·
1078 3344 1093 3368 1

259 3379 350 3414 Huic
373 3379 529 3423 Epistolae
554 3380 674 3425 adjecta
696 3381 851 3426 Capitula
876 3382 1094 3427 suntProspe-

954 128 1036 157 ET
1103 113 1617 163 Vskssoaum.

258 1239 297 1271 lis
311 1240 343 1272 su
350 1240 507 1279 spensivis.
520 1241 590 1274 ibid.
600 1241 755 1276 similiter
767 1253 821 1284 per
831 1242 950 1276 litteras
962 1218 1116 1539 appella-⁸

1716 168 1724 174 ‚¹
1890 137 1985 182 405

1200 197 1226 231 ri
1247 222 1257 237 ‚
1286 198 1339 232 sed
1363 200 1456 233 simul
1476 211 1553 234 cum
1581 199 1726 244 Epistola
1753 196 1914 240 Caelestini
1938 210 2028 243 missa

1201 248 1294 286 sunt,
1320 250 1516 292 &probata.
1911 257 1982 290 ibzd.
2005 272 2028 296 2

1200 297 1320 332 Xixtus
1338 298 1395 332 111.
1419 300 1551 335 damnat
1571 301 1737 346 Julianum
1759 301 1859 347 insua
1872 304 2023 348 synodo.

1203 355 1212 378 1
1238 357 1268 381 0.
1293 359 1326 385 2.

1155 357 1367 439 Aqu9ilejensis
1387 398 1541 441 synodus
1562 399 1596 433 in
1619 399 1830 445 Pelagianos.
1930 413 1991 450 ¹9¹·
2005 415 2029 442 ,ι

1202 447 1231 480 8.
1259 446 1381 481 Gelasii
1412 448 1583 482 Pontificis
1614 451 1753 485 Decreta
1785 453 1818 484 in
1851 453 2029 496 Semipela-

1201 495 1318 539 gianos
1332 498 1422 530 .ibsd.
1433 496 1515 531 Item
1531 498 1724 536 Arausicana
1737 502 1888 544 Synodus
1898 527 1905 534 .
1921 503 1994 536 ibid.
2005 513 2029 542 2

1205 544 1281 586 Ejus
1307 545 1478 588 Capitula.
1912 562 1978 599 ¹93·
2006 561 2030 586 n

1203 594 1285 628 Item
1307 595 1463 630 Carisiaca
1484 596 1654 640 Synodus.
1921 613 1988 646 ¹97·
2017 614 2029 636 ι

1202 644 1357 688 Denique
1382 645 1559 680 valentina
1585 647 1756 689 Synodus.
1922 652 1988 688 106.
2017 663 2029 684 ι

1204 695 1314 740 Quam
1348 697 1553 730 confirmavit
1581 697 1739 732 Nic-olaus
1765 696 1789 731 Ι.
1914 711 1980 746 ¹99-
2008 711 2031 735 2

1156 743 1379 788 Peregrinatio
1411 756 1559 788 perpetua
1591 747 1654 781 fuit
1673 747 1755 781 olim
1782 758 1876 792 poena
1901 751 2030 792 aequalis

1204 794 1346 836 Capitali
1358 795 1531 837 supplicio.
1934 810 1984 835 11.
2008 812 2030 836 2
2062 804 2064 806 '

1157 843 1371 888 Philosophia
1395 846 1582 879 Gentilium
1595 847 1711 889 opinio
1721 845 1799 881 falsa
1814 848 1876 881 fuit
1890 859 1956 880 non
1969 861 2030 882 cer-

1206 905 1236 927 ta
1255 894 1412 931 scientia,
1443 905 1496 942 32.
1527 907 1554 932 1.
1583 897 1620 930 In
1647 908 1806 939 quantum
1829 898 1949 931 scilicet
1979 911 2033 932 ne-

1205 954 1363 987 gaverunt
1386 944 1461 978 fidei
1489 946 1722 980 neceffitatem.
1957 948 2032 980 ibid.

1158 993 1313 1034 Pisturae,
1339 994 1457 1037 quibus
1478 996 1508 1029 S.
1532 996 1679 1030 Michael
1691 996 1877 1040 depingitur
1888 1009 1963 1031 cum
1975 997 2035 1031 sta-

1207 1055 1273 1077 tera
1295 1045 1327 1083 in
1353 1055 1451 1078 manu
1474 1044 1507 1079 in
1529 1045 1583 1078 die
1601 1045 1735 1090 judicii,
1762 1058 1828 1079 non
1844 1048 2034 1089 suntrepro-

1207 1093 1337 1129 bandae.
1936 1106 1987 1144 39.
2013 1107 2036 1133 2

1159 1142 1336 1178 Poltronus
1357 1167 1369 1185 ‚
1403 1144 1437 1178 id
1455 1145 1500 1179 est
1524 1144 1644 1188 pollice
1665 1156 1795 1178 truncus
1823 1171 1835 1187 ,
1857 1147 2036 1188 appellatur

1206 1193 1362 1236 ignavus,
1389 1194 1431 1228 ab
1447 1207 1488 1230 eo
1508 1198 1568 1238 qui
1591 1196 1708 1230 bellare
1730 1207 1876 1229 metuens
1890 1198 1920 1229 se
1935 1195 2036 1239 polli—

1207 1243 1244 1279 ce
1267 1246 1450 1278 truncavit.
1943 1258 2000 1292 97·
2015 1258 2036 1283 2

1161 1292 1335 1328 Pontifices
1357 1293 1601 1337 reordinantes‚
1627 1307 1695 1329 non
1722 1295 1958 1335 definiverunt,
1983 1296 2038 1329 sad

1211 1345 1355 1378 fecerunt
1376 1344 1408 1378 id
1431 1346 1520 1389 quod
1544 1347 1606 1379 suis
1626 1345 1824 1387 temporibus
1837 1346 2037 1378 erattutius.

1209 1403 1265 1438 29-
1288 1403 1310 1426 ι.
1335 1394 1459 1430 Tutius
1480 1405 1588 1430 autem
1611 1407 1678 1430 non
1697 1394 1742 1428 est
1761 1396 1883 1438 semper
1912 1396 2037 1428 verius.

1213 1443 1283 1475 ibid.
1309 1442 1439 1486 &seqq

1161 1490 1331 1528 pontificis
1351 1493 1497 1528 Romani
1527 1494 1730 1538 Rescriptum
1764 1493 1852 1527 aliud
1872 1494 1916 1528 est
1943 1493 2042 1535 quam

1209 1542 1299 1576 Sedis
1325 1544 1521 1584 Apostolicae
1545 1546 1742 1582 Decretum.
1919 1544 1992 1576 ibid.
2020 1552 2044 1576 2

1129 1587 1131 1589 ¹
1164 1592 1388 1636 Praegnantem
1409 1595 1607 1634 cognoscere
1627 1592 1853 1633 proculdubio
1874 1604 2044 1635 peccatum

1211 1644 1276 1674 est.
1303 1640 1513 1686 29.2.Q0d
1534 1640 1566 1674 ὅ(
1590 1639 1685 1674 Plato
1697 1643 1843 1675 censuit.
1871 1652 1923 1687 30.
1957 1654 1983 1678 1-
2013 1643 2044 1675 S.

1214 1688 1370 1722 Clemens
1402 1688 1647 1722 Alexandrinus
1682 1698 1781 1732 grave
1803 1689 1954 1723 delictum
1982 1690 2045 1723 esse

1211 1735 1323 1780 probat
1347 1738 1364 1770 a
1387 1738 1514 1772 ratione
1539 1737 1675 1779 Physica
1692 1762 1700 1776 ‚
1728 1739 1746 1771 a
1771 1738 1942 1781 Scripturis
1963 1740 2045 1773 anti·

1211 1787 1306 1828 quis,
1329 1787 1362 1821 &
1384 1787 1454 1833 lege
1479 1799 1618 1822 naturae.
1647 1788 1718 1820 ibid.
1749 1788 2044 1823 Idemdocentalii

1213 1835 1320 1870 Patres
1338 1861 1344 1868 .
1365 1836 1439 1870 ibid.
1465 1839 1497 1871 (v
1515 1835 1601 1880 seqq.
1630 1839 1832 1881 Augustinus
1850 1849 1957 1873 tamen
1969 1842 2045 1874 asse·

1212 1886 1252 1919 rit
1275 1898 1341 1920 non
1365 1887 1427 1921 esse
1449 1887 1506 1922 nisi
1529 1888 1656 1922 veniale
1676 1913 1683 1921 .
1795 1898 1845 1936 29.
1878 1900 1907 1925 2-
1940 1899 1994 1937 30.
2022 1900 2046 1927 2

1165 1936 1381 1971 Praeliandum
1404 1949 1471 1971 non
1496 1938 1540 1971 est
1562 1939 1656 1973 omni
1681 1937 1754 1972 die.
1786 1949 1860 1986 ¹33·
1889 1950 1918 1975 2.
1946 1939 2045 1974 Diem

1212 1986 1378 2022 paschatis
1401 1987 1571 2023 interdixit
1600 1987 1838 2022 Constantinus
1860 1988 1909 2020 M.
1938 1988 2047 2023 ibidem

1214 2036 1329 2070 Postea
1354 2048 1412 2070 nec
1430 2037 1566 2071 Fesiivis
1589 2050 1648 2072 nec
1670 2037 1858 2072 Dominicis
1881 2037 1994 2073 diebus
2007 2039 2046 2072 li·

1211 2088 1277 2120 cuit
1302 2111 1309 2120 .
1343 2087 1414 2120 ibid.
1440 2087 1617 2123 Rationem
1652 2088 1691 2121 ad
1714 2088 1874 2132 Bulgaros
1910 2088 2048 2132 exponit

1211 2135 1374 2171 Nicolaus
1391 2137 1416 2172 1.
1448 2148 1515 2187 134
1551 2149 1581 2172 2.
1608 2138 1719 2172 Plures
1739 2138 1913 2181 castigati,
1939 2138 2045 2182 quiin

1213 2185 1370 2223 Pascbate
1394 2188 1523 2230 praeliati
1550 2188 1623 2222 sunt
1644 2213 1651 2220 .
1691 2188 1762 2221 ibid.
1795 2187 1944 2221 Praelium
1971 2187 2048 2222 vero

1211 2236 1408 2275 defensivum
1430 2247 1508 2272 tunc
1531 2237 1625 2271 licet.
1657 2245 1734 2286 135.
1757 2248 1784 2272 1·
1814 2237 1850 2271 In
1864 2237 2049 2284 Qadrage·

1210 2286 1285 2320 sima
1308 2298 1374 2321 non
1400 2285 1606 2329 praeliandum
1627 2287 1695 2321 sme
1725 2286 1904 2320 necessitate
1925 2310 1932 2318 .
1974 2288 2048 2320 ibid.

1210 2338 1244 2370 ὢ·
1272 2334 1332 2379 seq.
1366 2337 1465 2370 Avita
1486 2338 1587 2378 pietas
1612 2333 1786 2369 flaccessere
1805 2335 1903 2376 coepit
1916 2346 1956 2368 ex
1980 2346 2049 2370 uno

1215 2385 1350 2419 indulto
1370 2386 1456 2425 quod
1483 2382 1746 2428 GregoriusVH.
1762 2383 1916 2417 concessit
1937 2384 2048 2421 adver-

1212 2437 1261 2468 sus
1274 2433 1519 2467 schismaticos.
1550 2432 1622 2479 136·
1647 2444 1674 2468 1·
1690 2444 1720 2469 2-
1735 2433 1891 2467 Tandem
1906 2435 2046 2470 evanuit.

1215 2492 1287 2529 137.
1317 2492 1344 2518 1·
1373 2482 1426 2516 Est
1449 2483 1590 2516 omnino
1611 2482 1814 2517 restauranda
1836 2506 1844 2515 .
1974 2485 2047 2521 ibid.

1164 2533 1313 2569 Praelium
1338 2532 1529 2567 meditantes
1551 2532 1767 2575 praeparabant
1791 2535 1822 2566 se
1843 2532 2009 2568 Catholici
2035 2558 2047 2574 ,

1211 2582 1363 2626 jejuniis,
1390 2583 1614 2626 poenitentiis,
1641 2582 1840 2626 &Episcopi
1854 2583 2053 2619 benedidiio-

1211 2633 1326 2674 nibus,
1356 2633 1519 2675 totiusque
1543 2632 1652 2666 Cleri.
1683 2631 1723 2666 Et
1735 2632 1777 2666 sic
1789 2634 2048 2669 immittebantur

1211 2684 1245 2715 in
1270 2682 1397 2716 hostes.
1423 2682 1495 2716 ibid.
1522 2681 1622 2716 Varia
1634 2682 1800 2724 exempla.
1828 2682 1898 2715 ibid.
1922 2682 2044 2727 &seqq-

1212 2731 1384 2766 Vexillum
1406 2731 1656 2767 benedicebatur
1678 2754 1688 2769 ,
1715 2732 1748 2764 ὅ(
1780 2731 1948 2775 Principes
1965 2732 2048 2767 illud

1210 2782 1252 2816 ab
1274 2782 1381 2816 Altari
1399 2782 1601 2826 accipiebant
1622 2790 1787 2824 tamquam
1808 2781 1825 2814 a
1840 2782 1914 2815 Deo
1929 2806 1939 2822 ,
1964 2783 2048 2816 &sic

1212 2832 1429 2875 procedebant
1452 2856 1460 2865 .
1486 2832 1558 2865 ibid.
1583 2831 1611 2864 S.
1631 2830 1805 2874 Remigius
1826 2831 1946 2866 solebat
1972 2831 2048 2866 dare

1212 2882 1449 2922 benedistionis
1472 2883 1530 2917 suae
1552 2881 1700 2924 signum,
1728 2881 1875 2924 lagenam
1904 2882 1971 2916 vini
1997 2880 2049 2915 be-

1210 2932 1348 2967 nedisti.
1374 2932 1446 2966 ibid.
1474 2942 1503 2967 2.
1533 2930 1635 2963 Dedit
1660 2940 1758 2964 unam
1783 2930 1954 2965 Ludovico
1977 2931 2046 2965 Pri-

1209 2993 1268 3017 mo
1291 3006 1304 3024 ,
1340 2994 1382 3017 ex
1416 2992 1478 3024 qua
1511 2979 1590 3013 bibit
1617 2978 1672 3014 hic
1694 2990 1768 3013 cum
1791 2980 1852 3013 suis
1871 2990 1944 3014 toto
1968 2980 2048 3015 belli

1209 3044 1356 3077 ternpore
1379 3054 1390 3071 ‚
1417 3029 1504 3076 quod
1528 3030 1620 3074 geffit
1644 3040 1755 3065 contra
1778 3028 1911 3064 Gothos
1937 3055 1948 3071 ‚
1985 3042 2045 3064 nec

1210 3084 1266 3117 illa
1289 3082 1462 3116 imminuta
1483 3080 1564 3115 fuit.
1598 3091 1671 3128 137.
1699 3092 1726 3116 ι.
1755 3079 1854 3113 Varia
1874 3080 1935 3114 alia
1950 3080 2048 3122 pieta-

1210 3134 1250 3167 tis
1275 3132 1419 3174 exempla
1436 3155 1447 3172 ‚
1477 3130 1646 3173 praesertim
1663 3130 1885 3163 invocationes
1907 3131 2045 3163 Sancto*

1209 3194 1296 3217 rum.
1325 3181 1396 3215 ibid.
1423 3192 1456 3215 2.
1483 3180 1589 3214 Etiam
1614 3190 1655 3213 ex
1676 3178 1782 3214 Libris
1793 3178 1895 3212 Sacris
1918 3180 2045 3213 omina-

1210 3233 1326 3267 bantur
1344 3256 1355 3272 ,
1393 3241 1427 3264 ut
1454 3228 1532 3273 quid
1558 3229 1665 3272 primo
1694 3239 1872 3262 occurreret
1900 3229 1933 3261 in
1960 3228 2045 3262 libro

1208 3292 1337 3326 aperto,
1362 3280 1417 3315 fibi
1442 3281 1629 3322 usurparent
1651 3303 1659 3312 .
1689 3289 1761 3327 139.
1794 3289 1823 3314 1-
1849 3278 1897 3312 Ita
1921 3278 2045 3312 Clodo-

1210 3343 1314 3367 vaeus.
1342 3331 1409 3364 ibid.
1444 3330 1494 3364 lta
1514 3327 1703 3364 Chramnus
1723 3328 1870 3371 peffimus
1897 3328 2045 3362 Franco-

1206 3393 1278 3420 rum
1301 3382 1395 3416 Rex.
1421 3381 1494 3426 ibid.
1522 3380 1571 3415 Ita
1596 3380 1774 3414 Merovaeus
1794 3401 1802 3410 .

1687 3604 1740 3655 ⁴
