2366 3736
361 147 417 195 18

906 147 1540 196 Dtssultrnrxo

304 241 513 282 permittant,
539 237 608 277 quia
622 241 724 266 tamen
735 232 772 264 id
793 216 876 265 debet
883 232 953 274 fieri
973 244 1040 267 cum
1063 235 1192 268 modera-
1257 232 1356 268 beved
1391 235 1518 268 dicitur.
1547 237 1617 268 Haec
1657 233 1694 275 est
1705 233 1756 268 Iex
1792 236 1830 270 de
1850 236 1983 271 omnibus
1998 238 2110 282 utlaga
2137 262 2146 271 .

309 292 388 322 mine
407 285 565 325 inculpata·
591 283 692 318 tutelae
713 305 724 320 ‚
747 292 805 315 non
826 283 869 315 ad
884 281 1065 325 sumendam
1088 286 1192 318 vindi·

308 337 391 372 eiam
403 362 414 378 ,
436 334 493 379 sed
504 334 546 366 ad
560 335 705 373 injuriam
712 331 948 375 propulsandam
962 357 973 372 ‚
1001 345 1058 366 non
1071 335 1193 368 videtur

310 389 390 422 idem
406 385 548 421 Sacerdos
571 386 592 415 ὰ
610 391 701 427 paena
723 381 872 417 homicidia·
881 384 1004 425 penitus
1025 382 1159 426 excusari
1183 408 1191 417 .

310 436 463 472 Affirmat
477 433 542 468 tale
564 431 780 467 homicidium
795 457 806 473 ‚
832 432 1017 467 dummodo
1036 445 1114 468 cum
1137 434 1191 468 in-

309 488 444 530 culpatae
464 482 572 517 tutelae
593 481 819 517 moderamine
846 483 927 522 fiat,
954 483 1100 526 permitti
1137 495 1192 528 per

310 546 427 570 omnes
440 535 526 578 leges
539 555 552 571 ‚
576 542 633 574 per
644 532 758 567 omnia
770 532 856 575 jura.
879 532 1014 576 Utique
1027 533 1169 568 humana
1182 558 1191 574 ,

309 585 433 619 Divina
455 607 467 624 ,
495 580 656 616 naturalia
677 607 685 615 .
724 581 849 617 Ibidem
885 583 987 617 edicit
1018 584 1192 628 praecipuas

307 635 399 669 istius
421 631 651 669 moderaminis
662 632 891 667 conditiones.
923 632 966 666 Et
977 643 1018 666 ex
1041 631 1106 667 hoc
1130 632 1191 667 Re·

306 684 427 728 scripto
438 684 594 718 Clemens
610 682 746 726 quintus
758 682 1054 724 videtursanxiffe‚
1080 691 1115 716 ut
1141 694 1194 726 per

305 742 467 779 patratum
480 743 558 768 cum
571 731 629 766 tali
642 732 867 768 moderamine
892 730 1109 767 homicidium
1125 744 1191 768 non

303 785 487 826 incurratur
522 781 742 827 irregularitas
777 806 785 815 .
825 781 977 817 Eandam
1001 782 1192 817 sententiam

305 834 492 870 constanter
509 831 608 867 docet
628 832 741 867 dodior
777 830 961 877 Angelicus
982 857 994 873 ,
1017 833 1051 869 ὅς
1079 835 1193 868 cuneta

305 884 376 927 ejus
386 884 525 919 Schola·
552 880 664 917 Habet
675 883 709 918 δε
723 881 882 925 plurimos
901 882 986 917 alios
996 883 1175 917 Seffitatores
1188 908 1195 916 .

304 934 350 968 Et
363 934 496 978 optimas
519 928 686 966 memoriae
709 931 866 966 Pontifex
888 931 1079 967 Alexander
1101 934 1194 976 septi-

306 995 380 1019 mus
393 980 577 1027 nuperrime
600 982 706 1017 edixit
717 982 808 1016 istius
831 982 987 1028 dogmata
1000 983 1194 1018 effetutiffi-

306 1044 361 1068 ma
371 1058 378 1065 .
406 1034 517 1080 Qre
528 1032 602 1066 sunt
614 1032 648 1068 ἀ
660 1031 845 1076 probabilia
856 1057 863 1064 .
891 1033 984 1067 Hinc
997 1033 1032 1069 ὅ(
1046 1043 1160 1067 eorum
1187 1056 1197 1072 ,

304 1082 380 1118 licet
393 1085 501 1117 forsan
525 1082 682 1123 devient,
719 1083 895 1117 Sestatores
914 1083 990 1119 sunt
1011 1082 1161 1118 tutiffimi
1188 1106 1196 1114 .

305 1132 646 1180 Qodipsum'senfit
665 1133 700 1168 ὅ(
723 1133 848 1167 sanetus
868 1131 1095 1177 Augustinus.
1124 1132 1196 1166 Ete-

304 1183 378 1217 nim
405 1183 442 1216 in
479 1181 626 1217 adduciis
654 1181 769 1216 litteris
793 1181 973 1216 Publicolae
1003 1183 1196 1215 sententiam

304 1243 373 1267 non
387 1231 557 1266 damnavit
571 1254 579 1262 .
603 1229 825 1265 Solummodo
835 1230 941 1264 dixit:
964 1234 1038 1264 Non
1050 1228 1197 1272 mibipla-

304 1292 352 1316 cet
370 1281 539 1323 confilium.
566 1279 768 1323 Improhavit
791 1279 884 1314 istam
908 1279 1127 1320 sententiam,
1153 1290 1197 1314 at-

306 1333 418 1368 tamen
444 1328 653 1365 Publicolam
675 1328 859 1374 permifitin
885 1329 944 1364 suo
973 1329 1064 1366 seusu
1097 1329 1197 1367 abun·

306 1382 403 1417 dare.

358 1430 440 1465 Haec
452 1429 584 1474 quaestio
597 1429 642 1464 est
654 1441 719 1465 una
729 1441 771 1464 ex
787 1430 995 1474 praesentium
1006 1440 1193 1475 temporum

307 1481 548 1517 controversiis.
581 1481 677 1515 Hine
698 1491 813 1525 quaeret
836 1482 934 1524 quis,
959 1479 1039 1527 quid
1061 1480 1145 1515 mihi
1156 1480 1196 1516 de

308 1533 376 1575 ipsa
389 1529 536 1565 videatur
548 1530 567 1562 ἓ
590 1530 791 1575 Respondeo
802 1530 886 1565 mihi
910 1531 1057 1566 omnino
1069 1530 1197 1575 probari

310 1581 409 1616 saneti
423 1580 602 1626 Augustini
614 1581 806 1615 sententiam
816 1605 823 1612 .
853 1581 908 1615 Est
921 1582 1076 1623 antiquus
1089 1583 1196 1616 sensus

306 1631 406 1667 etiam
421 1631 594 1672 Gallicane
606 1631 745 1673 Ecclefie
762 1631 907 1666 Etenim
920 1632 955 1666 in
966 1634 1067 1675 prima
1082 1632 1122 1666 ad
1136 1631 1197 1665 Re-

306 1682 444 1726 ginonis
466 1680 664 1714 Prumienfis
693 1680 835 1716 Abbatis
857 1681 1057 1725 Capitularia
1069 1683 1198 1725 Appen·

133 1751 221 1789 can·
237 1745 292 1788 28-
308 1733 382 1766 dice
395 1730 551 1765 habemus
573 1729 660 1764 hunc
671 1731 844 1765 Canonem
858 1744 869 1765 .-
894 1733 924 1764 si
926 1731 986 1773 fur
999 1739 1053 1765 aut
1065 1733 1143 1765 latro
1164 1737 1198 1764 in

304 1783 416 1825 prada
427 1780 537 1826 absque
550 1779 680 1822 occisione
700 1781 789 1824 potest
799 1781 1028 1823 comprehendi,
1052 1782 1088 1815 Θ·
1096 1791 1198 1815 tamen

308 1831 486 1874 interficitur
509 1854 519 1870 ,
545 1836 621 1873 quia·
636 1831 679 1863 ad
701 1836 859 1874 imaginem
880 1834 940 1864 Dei
964 1837 1056 1865 creati
1065 1856 1077 1872 ‚
1102 1832 1136 1865 ἐν
1166 1836 1199 1864 in

310 1884 377 1923 ejus
396 1887 512 1914 nomine
521 1880 670 1922 baptizati
675 1878 749 1923 sunt
761 1905 772 1922 ‚
797 1880 999 1922 interfedores
1010 1893 1109 1915 eorum
1130 1892 1197 1924 qua-

310 1934 455 1976 draginta
468 1930 571 1964 diebus
583 1942 641 1964 non
657 1936 770 1965 intrent
784 1930 940 1973 Ecclesiam
953 1955 961 1964 .
987 1931 1054 1966 His
1077 1932 1197 1966 Canon

310 1982 446 2027 praefigit
460 1981 575 2016 duram
586 1981 814 2024 poenitentiam
825 2003 838 2020 ,
860 1990 960 2025 atque
973 1981 1197 2026 prosequitur:

309 2035 364 2066 sin
374 2039 473 2065 autem
484 2033 506 2063 ἃ
518 2031 659 2065 veridicis
669 2030 871 2072 comprobatur
881 2031 1001 2070 testibus
1016 2055 1028 2070 ,
1052 2033 1134 2071 quod
1135 2030 1199 2069 fine

308 2083 370 2114 odii
379 2082 570 2113 meditativae
581 2103 594 2120 ‚
615 2078 648 2123 se
656 2078 770 2122 suaque
784 2079 937 2112 liberando
947 2100 959 2117 ,
976 2078 1099 2112 Diaboli
1110 2089 1199 2111 mem-

310 2132 367 2164 bra
378 2129 558 2170 interficiunt
571 2153 582 2168 ,
604 2127 766 2170 secundum
778 2128 999 2167 indulgentiam
1010 2128 1196 2169 quadragin-

310 2177 346 2215 ta
357 2177 460 2212 diebus
474 2176 513 2210 ab
524 2175 671 2217 Ecclefiae,
696 2176 805 2216 carne,
832 2180 923 2216 vino,
944 2177 1098 2219 conjugio,
1127 2177 1199 2209 elee-

314 2226 461 2271 mosinam
495 2226 599 2270 lagiter
634 2224 771 2268 faciendo
783 2248 795 2265 ‚
821 2223 985 2264 abstineant
1006 2246 1015 2257 .
1040 2224 1198 2259 Notanda

314 2281 390 2313 sunt
401 2276 495 2312 verba
509 2290 520 2309 .·
547 2277 582 2309 5e
591 2272 703 2318 suaque
715 2275 903 2318 defendendo
916 2299 923 2307 .
944 2274 1057 2308 Palam
1067 2274 1198 2309 edicunt

315 2330 348 2363 se
359 2339 457 2373 agere
467 2326 509 2361 de
532 2326 678 2359 invasore
699 2326 904 2359 fortunarum
915 2336 954 2359 ac
975 2325 1066 2359 vitae.
1093 2325 1137 2359 Et
1149 2334 1200 2359 ta·-

315 2389 392 2413 men
407 2377 476 2421 ejus
493 2376 631 2410 occisori
650 2374 828 2419 imponunt
851 2374 1078 2418 poenitentiam
1090 2399 1101 2415 ,
1128 2386 1199 2419 quae

312 2429 419 2473 palam
431 2427 638 2470 imponinon
660 2425 753 2469 poffit
764 2449 777 2465 ‚
802 2423 859 2458 nifi
870 2424 915 2458 ob
940 2425 1079 2459 mortale
1091 2436 1197 2468 pecca-

313 2490 386 2513 tum
399 2503 406 2510 .
435 2474 536 2523 Qod
550 2477 654 2521 ipsum
667 2477 826 2509 evincunt
839 2474 934 2509 verba
949 2476 1112 2519 sequentia
1126 2488 1134 2507 ι
1158 2481 1199 2511 Et

308 2528 337 2571 fi
347 2527 501 2565 Presbyter
513 2526 551 2566 est
564 2550 576 2566 ,
600 2537 657 2559 non
669 2527 855 2568 deponatur,
879 2524 993 2559 cunHis
1003 2533 1102 2559 tamen
1113 2529 1190 2559 vitae

309 2577 336 2622 s
329 2589 376 2611 uae
386 2575 489 2613 diebus
501 2581 711 2617 poenitentiam
720 2584 794 2619 agat
804 2600 813 2608 .

364 2626 531 2671 Insignem
553 2626 658 2669 legem
682 2625 759 2659 tulit
782 2624 982 2660 Guilielmus
999 2650 1010 2667 ‚
1037 2626 1195 2670 Conquae-

315 2678 382 2712 stor
394 2675 573 2721 Anglicani
586 2675 721 2720 Regni,
743 2674 777 2708 in
792 2675 1021 2710 Ecclefiasticae
1031 2675 1119 2721 pacis
1132 2675 1197 2709 vio·

317 2728 436 2762 latores
448 2749 459 2767 ,
484 2725 518 2760 id
532 2724 578 2760 est
588 2750 600 2766 ,
628 2726 662 2759 in
676 2724 845 2759 sceleratos
856 2723 1026 2767 homines,
1051 2726 1109 2771 qui
1120 2726 1198 2760 veti*

318 2779 362 2821 tis
373 2786 450 2810 tunc
462 2787 517 2819 per
533 2775 711 2810 Ecclesiam
724 2773 837 2809 diebus
859 2784 1054 2809 attentarent
1076 2776 1198 2818 privata

318 2826 404 2862 bella
418 2850 429 2867 ,
454 2826 603 2870 adeoque
614 2827 687 2860 suos
695 2825 892 2859 adversarios
902 2825 1022 2868 rapinis
1033 2836 1069 2874 ac
1081 2825 1196 2859 violen-

318 2878 363 2911 tis
373 2876 470 2911 armis
482 2875 674 2910 invaderent
687 2887 695 2908 ι
715 2876 744 2908 5}
754 2880 820 2917 quis
826 2882 931 2918 pacem
938 2873 1055 2918 sanc‘Jae
1066 2875 1198 2916 Ecclesiae

315 2926 446 2971 fregerit
458 2927 602 2961 violenter
614 2950 631 2971 ,·
651 2923 862 2968 Epiftoporum
871 2924 907 2964 est
913 2924 1032 2966 Justitia
1043 2949 1050 2957 .
1078 2926 1172 2969 ,Quod
1178 2924 1202 2964 li

322 2987 427 3010 nocens
435 2974 616 3019 sententiam
635 2987 733 3009 eorum
755 2975 936 3019 defugiendo
953 2976 1005 3009 vel
1022 2983 1200 3018 arroganter

321 3027 526 3059 contemnendo
547 3025 715 3069 despexerit
725 3050 736 3066 ,
763 3027 873 3058 clamor
895 3026 932 3058 de
942 3036 974 3059 eo
996 3023 1148 3066 deferatur
1159 3026 1201 3058 ad

297 3116 300 3118 v
322 3079 433 3119 Regem
442 3084 498 3117 per
516 3077 719 3119 quadraginta
731 3076 796 3109 dies
807 3100 817 3116 ‚
844 3076 877 3109 Θ
889 3079 978 3118 Regis
983 3075 1103 3116 ¹iustitia
1112 3083 1200 3117 ponet

321 3137 389 3160 eum
392 3134 449 3168 per
460 3125 587 3159 vadium
598 3127 632 3159 (9
640 3126 769 3168 plegium
776 3148 787 3164 ,
809 3123 839 3166 fi
844 3124 952 3158 babere
955 3130 1067 3167 poterit
1078 3149 1089 3165 ,
1113 3123 1201 3167 usque

325 3177 388 3209 Deo
392 3179 537 3217 primitus
550 3200 561 3216 ,
589 3177 623 3209 &⁵
631 3174 726 3216 postea
738 3179 811 3217 Regi
828 3173 1003 3217 satisfaciat
1016 3199 1023 3207 .
1051 3177 1114 3218 ‚Qui
1120 3173 1149 3215 fi
1158 3176 1202 3208 i'n·

318 3225 377 3267 fra
388 3230 514 3269 triginta
525 3227 560 3259 ὁ·
571 3236 662 3258 unum
674 3226 753 3258 diem
764 3248 775 3264 ,
794 3223 858 3266 five
866 3233 922 3266 per
933 3230 1039 3258 amicos
1055 3227 1089 3258 (ν
1101 3234 1182 3257 notos
1192 3249 1202 3265 ,

321 3274 384 3316 five
392 3274 607 3318 perjustitiam
617 3278 705 3318 Regis
715 3279 846 3308 inveniri
857 3285 914 3307 non
928 3279 1040 3316 poterit
1050 3298 1061 3314 ,
1087 3276 1203 3318 utlaga-

326 3325 370 3357 bit
382 3336 446 3359 eum
456 3329 524 3359 Rex
542 3324 632 3358 verbo
652 3330 710 3357 oris
727 3323 795 3367 sui.
824 3326 854 3357 51·
865 3327 935 3357 vero
947 3324 1047 3366 postea
1070 3333 1204 3366 repertus

321 3372 420 3415 fuerit
430 3398 441 3415 ‚
465 3377 616 3418 &poterit
628 3379 721 3408 teneri
730 3380 825 3408 vivus
837 3397 849 3415 ,
874 3378 952 3417 Regi
962 3375 1104 3409 reddetur
1115 3398 1126 3416 ,
1153 3375 1205 3407 vel

329 3430 420 3464 caput
440 3427 526 3466 ejus,
546 3423 574 3466 Ji
586 3422 619 3468 se
639 3424 824 3466 defenderit.
851 3427 1003 3466 Lupinum
1026 3430 1104 3458 enim
1123 3429 1203 3468 gerit

314 3480 420 3516 *eaput
429 3473 449 3505 ἃ
458 3475 505 3509 die
517 3475 706 3519 utlagationis
712 3473 778 3518 suae
787 3498 798 3517 ,
827 3476 905 3517 quod
917 3476 1036 3520 anglise
1048 3475 1202 3510 Wullues-

1255 284 1365 319 Etiam
1380 283 1440 320 hos
1458 286 1601 319 latrones
1626 284 1733 318 occidi
1758 294 1866 325 vetat,
1894 287 1950 320 nifi
1973 288 2143 332 postquam

1255 335 1330 369 Rex
1340 345 1397 369 eos
1407 335 1629 379 exlegaverit,
1656 335 1690 368 &
1714 334 1787 377 ipfis
1810 334 1958 378 lupinum
1982 338 2143 380 imposue-

1255 384 1297 419 rit
1308 394 1404 428 caput
1417 399 1428 421 ,-
1454 383 1519 419 hoc
1530 384 1575 418 est
1590 408 1600 424 ,
1629 384 1771 428 posuerit
1794 395 1882 419 extra
1908 389 2144 428 protectionem

1255 434 1418 478 Regiam,
1445 435 1478 469 &
1497 433 1539 469 ab
1562 434 1656 467 omui
1680 433 1818 469 homine
1849 435 2146 478 permiserit-occidi

1255 482 1295 519 ad
1313 485 1413 520 instar
1432 484 1501 527 lupi
1523 508 1530 516 .
1559 483 1691 518 Exinde
1716 485 1828 518 omnis
1845 484 1947 519 horno
1975 483 2144 521 adversum

1256 534 1333 567 istos
1344 534 1389 568 est
1402 535 1497 568 miles
1512 558 1519 566 .
1547 533 1686 571 Exstant
1701 531 1749 568 hae
1764 534 1853 579 leges
1864 534 1949 578 apud
1973 533 2145 579 Roget-um

1256 581 1505 619 Hovedensem.
1532 582 1645 619 Palam
1668 584 1857 628 supponunt
1893 584 1993 618 etiam
2028 585 2107 618 tales
2134 607 2148 625 ‚

1255 634 1394 679 ideoque
1406 633 1515 669 nullos
1526 633 1668 667 latrones
1691 634 1813 675 privata
1836 635 1922 676 posse
1944 632 2146 669 authoritate

1254 683 1364 719 occidi
1388 708 1396 716 .
1435 685 1499 719 Eas
1515 683 1715 719 Guilielmus
1734 694 1776 718 ex
1798 683 1909 720 Gallia
1939 684 2080 728 portavit
2108 685 2145 718 in

1257 734 1433 780 Angliam.

1303 782 1428 818 Eadem
1439 783 1480 818 de
1500 796 1534 819 re
1555 785 1680 819 sanstus
1698 783 1913 819 Hidelbertus
1929 783 2139 819 Turonensis

1256 832 1359 869 Archi
1370 853 1382 861 -
1392 835 1570 878 Episcopus
1584 834 1624 869 ad
1637 836 1782 870 sanetum
1795 835 1931 869 lvonem
1954 834 2143 869 Carnuten-

1257 885 1321 918 sem
1334 884 1533 929 Episcopum
1564 883 1673 919 scribit
1696 885 1856 919 eruditam
1879 884 2068 926 epistolam:
2095 885 2142 917 st-

1255 943 1304 968 cut
1317 936 1512 969 parvitatem
1523 946 1620 969 meam
1647 935 1743 975 vestra
1755 936 1852 969 docuit
1857 939 1976 978 pagina
1985 930 2010 974 ,⁴
2023 936 2088 967 cum
2100 935 2148 967 la-

1255 990 1300 1016 tro
1320 985 1443 1027 quidam
1449 987 1625 1027 portitorem
1631 983 1828 1028 praesentium
1850 985 2031 1018 Sacerdotem
2054 990 2146 1018 inva-

1256 1034 1339 1067 deret
1350 1058 1361 1075 ,
1385 1035 1419 1068 (ν
1425 1040 1542 1077 pannis
1553 1038 1615 1077 eius
1626 1037 1729 1070 lancea
1734 1035 1904 1078 perforatis
1918 1037 1985 1069 eum
1995 1035 2088 1068 vellet
2100 1045 2147 1068 oc·

1256 1084 1372 1124 cidere,
1396 1086 1538 1119 sacerdos
1548 1087 1693 1120 latronem
1701 1087 1803 1128 lapide
1824 1086 1981 1127 percussit,
2008 1087 2042 1119 (ς’
2067 1084 2149 1118 {blus

1255 1133 1340 1176 ipsius
1349 1136 1561 1177 pei-cuffiam&
1583 1135 1720 1179 occafione
1742 1136 1821 1169 latro
1837 1143 1969 1169 mortuus
1989 1135 2049 1178 ¹effe
2058 1143 2151 1176 puta-

1256 1190 1325 1216 tur.
1353 1187 1413 1217 Pro
1434 1196 1490 1228 quo
1505 1184 1616 1229 fi‘ilicet
1629 1186 1733 1220 delicio
1747 1188 1820 1228 jam
1825 1194 1883 1228 per·
1901 1184 2092 1228 septennium
2104 1183 2146 1217 ab

1257 1233 1341 1273 officio
1359 1236 1522 1269 Dominicae
1544 1233 1652 1279 mensae
1676 1237 1876 1277 Providentia
1897 1235 1995 1276 vestra
2019 1235 2145 1268 eundem

1253 1279 1411 1324 suspendu
1434 1285 1637 1319 Sacerdotem.
1665 1288 1746 1320 sane
1759 1285 1847 1328 super
1869 1285 1920 1320 boc
1943 1287 2066 1330 dignati
2076 1283 2145 1324 estis

1257 1343 1354 1365 meum
1365 1343 1495 1373 quaerere
1505 1332 1666 1374 confilium.
1694 1334 1766 1374 Nifi
1764 1335 1884 1375 fallor,
1910 1336 1991 1368 &id
2015 1334 2148 1370 vestram

1257 1379 1377 1424 rescribi
1389 1381 1433 1414 ad
1441 1381 1674 1422 inquisitionem,
1694 1382 1723 1424 fi
1731 1385 1887 1417 Sacerdote*
1905 1383 1951 1416 ad
1963 1381 2084 1423 sacrum
2104 1383 2150 1415 li-

1258 1440 1322 1465 ceat
1331 1432 1429 1464 redire
1440 1431 1559 1472 officium
1570 1453 1581 1470 ,
1606 1432 1687 1473 quod
1694 1436 1720 1463 ei
1732 1431 1951 1467 medicinaliter
1963 1430 2126 1470 abstulistis
2136 1455 2148 1466 .

1259 1479 1463 1523 consideranti
1473 1486 1566 1525 igitur,
1574 1480 1652 1519 mibi
1664 1504 1676 1521 ‚
1701 1489 1817 1523 quanta
1827 1485 1861 1512 in
1877 1481 2031 1513 sacerdote
2053 1479 2152 1521 postu·

1257 1533 1333 1565 letur
1344 1537 1534 1573 innocentia,
1562 1532 1740 1565 &maxime
1753 1531 1835 1573 quod
1844 1535 1986 1563 immunis
2011 1530 2064 1573 effe
2091 1531 2149 1570 de·-

1258 1582 1359 1616 beata
1371 1579 1537 1626 sanguine,
1564 1591 1623 1614 non
1635 1582 1760 1615 videtur
1770 1582 2054 1620 =sacerdotembreurn
2076 1577 2152 1623 san·

1253 1637 1356 1676 guinis
1367 1639 1498 1673 oportere
1515 1632 1653 1674 deinceps
1677 1630 1867 1672 ministrare.-
1894 1635 2038 1673 quamvis
2067 1638 2155 1664 tuen·

1258 1683 1306 1716 dae
1325 1679 1437 1725 salutis
1460 1683 1618 1724 neceffitate
1637 1680 1822 1715 homicidium
1842 1685 2001 1715 occurrerit
2014 1704 2022 1712 .
2049 1679 2149 1723 ‚Quod

1257 1737 1335 1765 enim
1344 1737 1395 1765 vir
1412 1731 1599 1773 Christianus
1610 1743 1744 1775 quarere
1751 1730 1806 1774 fibi
1816 1736 1916 1766 vitam
1939 1731 2037 1765 aliena
2049 1738 2147 1770 morto,

1260 1793 1317 1816 non
1327 1781 1434 1816 debeat
1446 1806 1459 1822 ‚
1483 1781 1646 1824 Ambrofius
1657 1781 1707 1816 his
1719 1780 1840 1823 ostendit
1851 1780 1955 1816 verbis
1978 1794 1992 1815 .-
2017 1780 2149 1828 Quaerit

1258 1833 1376 1877 aliquis
1389 1856 1401 1873 ,
1426 1832 1632 1877 SiSapiens,
1656 1832 1691 1867 in
1707 1831 1882 1877 naufragio
1903 1831 2045 1875 politus,
2069 1829 2154 1866 lufi-

1259 1883 1363 1925 pienti
1399 1883 1568 1928 naufrago
1603 1881 1749 1918 tabulam
1787 1892 1983 1925 extorquere
2009 1880 2104 1924 poffit
2129 1877 2148 1912 ἒ

1263 1931 1388 1967 Utrum
1399 1932 1537 1967 debeat?
1565 1932 1654 1967 Mihi
1676 1932 1834 1978 quidem,
1859 1933 1916 1966 etii
1943 1929 2153 1976 praestabilius

1257 1984 1480 2018 communiter
1492 1981 1641 2018 videatur
1661 1984 1733 2017 usui
1757 1983 1947 2027 Sapientem
1969 1980 2010 2016 de
2023 1980 2157 2015 naufra-

1258 2033 1317 2073 gio
1332 2053 1343 2068 ,
1367 2033 1467 2071 quam
1480 2032 1691 2072 Iufipientem
1701 2032 1839 2063 evadere
1851 2053 1864 2069 ,
1891 2042 1969 2068 nqu-
1986 2039 2098 2063 tomen
2111 2027 2160 2061 vi-

1258 2079 1353 2113 detur
1378 2076 1467 2120 quod
1491 2078 1540 2110 vir
1558 2076 1629 2110 vere
1654 2076 1862 2112 Christianus
1874 2102 1899 2119 „
1914 2078 2040 2122 sapiens
2057 2075 2156 2119 &ju-

1259 2127 1349 2166 stus,
1374 2136 1511 2169 quaerere
1537 2125 1596 2160 fibi
1625 2126 1729 2161 vitam
1753 2127 1863 2162 aliena
1891 2137 1998 2163 morte
2019 2126 2156 2162 debeat:

1260 2173 1372 2219 utpote
1398 2174 1455 2218 qui
1475 2175 1530 2209 ets1
1547 2176 1583 2209 in
1603 2174 1763 2216 latronem
1787 2186 1949 2209 armatum
1970 2177 2149 2217 inciderit,

1261 2226 1430 2260 ferientem
1450 2224 1577 2260 referire
1599 2224 1668 2259 non
1692 2223 1787 2269 poffit
1804 2249 1817 2265 ,
1843 2236 1885 2259 ne
1907 2225 1987 2259 dum
2010 2225 2148 2261 salutem

1259 2275 1460 2314 defenderit,
1485 2275 1641 2318 pietatem
1663 2274 1870 2311 contaminet
1894 2299 1902 2309 .
1938 2277 1984 2309 De
2003 2274 2152 2316 reforma,-

1230 2361 1236 2367 ,
1260 2331 1338 2359 tione
1372 2330 1463 2369 igitur
1497 2327 1686 2366 Sacerdotis,
1711 2324 1787 2359 mibi
1810 2337 1872 2358 rem
1895 2330 2048 2366 intuenti,
2074 2324 2154 2359 nibil

1259 2377 1345 2409 aliud
1354 2377 1444 2418 quim
1452 2377 1533 2418 quod
1554 2375 1650 2419 supra?
1675 2374 1788 2409 diuum
1809 2375 1846 2415 est
1863 2400 1873 2415 ,
1901 2377 2045 2409 videtur:
2070 2376 2155 2418 quod

1258 2424 1374 2467 etiamsi
1404 2425 1517 2464 liceat,
1541 2437 1599 2459 non
1637 2434 1738 2459 tamen
1759 2417 1876 2466 expedit
1898 2450 1906 2459 .
1939 2418 2094 2469 Quoniam
2119 2427 2156 2460 ὀ·

1259 2477 1393 2517 exemplo
1404 2475 1529 2516 offendit
1544 2500 1556 2517 ,
1582 2477 1616 2510 ό·
1630 2474 1788 2519 ulciscendi
1793 2474 1984 2518 stcurisatem
1996 2511 1998 2513 ,
2008 2476 2136 2509 adducit
2147 2499 2157 2508 .

1259 2529 1291 2560 Si
1312 2533 1411 2559 autem
1426 2525 1523 2567 fimile
1545 2527 1668 2569 aliquid
1689 2531 1724 2559 in
1746 2526 1891 2569 commissa
1911 2524 1986 2558 mihi
2009 2524 2158 2561 Parocbia

1259 2578 1412 2620 contigisset
1423 2600 1433 2617 ,
1463 2587 1545 2609 reum
1559 2577 1602 2609 ad
1616 2574 1802 2617 Apostolicam
1812 2574 1940 2618 misissem
1953 2571 2153 2616 audientiam,

1258 2627 1406 2668 quatenus
1426 2636 1462 2659 ex
1475 2624 1584 2667 consilio
1600 2627 1681 2660 illius
1694 2627 1727 2660 Θ
1739 2637 1788 2670 ego
1797 2625 1958 2665 instrueres
1973 2649 1984 2666 ,
2011 2627 2045 2659 6·
2053 2633 2156 2666 pecca-

1244 2662 1304 2717 fftor
1318 2676 1355 2709 de
1367 2674 1578 2717 reformatione
1594 2674 1782 2719 sententiam
1792 2670 1956 2719 fitsciperet
1978 2680 2131 2708 certiorem
2144 2698 2156 2707 .

1244 2723 1246 2727 ’
1260 2725 1320 2760 Per
1335 2726 1448 2760 omnia
1465 2727 1632 2761 consonat
1646 2725 1787 2762 adducto
1797 2726 1861 2770 jam
1873 2736 1927 2769 per
1940 2724 2154 2770 Reginonem

1261 2776 1394 2811 Canoni
1414 2801 1423 2809 .
1818 2815 1820 2817 r

1309 2826 1457 2874 Qdam
1469 2827 1603 2861 censent
1623 2827 1760 2870 priorem
1775 2825 1832 2861 sub
1842 2823 2063 2869 Merovingiis
2084 2823 2150 2864 Re„-

1260 2876 1355 2921 gibus
1373 2875 1580 2911 Gallicanam
1605 2877 1784 2912 Ecclesiam
1807 2876 2058 2916 fuissealterius
2083 2876 2155 2908 sen-

1261 2927 1386 2960 tentiae.
1414 2927 1457 2960 Et
1470 2926 1609 2969 probant
1631 2938 1672 2961 ex
1694 2926 1858 2966 formula,
1884 2937 1948 2970 qua
1975 2925 2048 2969 quis
2070 2934 2149 2958 tunc

1261 2976 1300 3010 de
1313 2975 1517 3015 homicidio,
1547 2976 1637 3020 quod
1650 2977 1685 3010 iu
1699 2978 1769 3011 vitae
1780 2978 1840 3011 suae
1855 2973 2076 3010 defensionem
2102 2975 2148 3007 as-

1262 3025 1422 3060 severabat
1435 3034 1596 3070 patratum
1607 3050 1619 3067 ,
1646 3026 1759 3062 debuit
1774 3026 1961 3061 solemniter
1972 3036 2081 3059 coram
2093 3025 2146 3057 sa·-

1261 3077 1427 3111 crosanQo
1439 3076 1546 3110 Altari
1566 3077 1600 3111 <St
1613 3077 1803 3112 Sanctorum
1827 3075 1987 3119 Reliquiis
2000 3073 2148 3117 semetip-

1262 3128 1331 3161 sum
1345 3137 1544 3171 expurgare.-
1570 3127 1623 3160 Hic
1625 3129 1696 3168 juro
1702 3135 1757 3169 per
1779 3126 1856 3160 bunc
1880 3127 1969 3159 Iocum
1990 3123 2140 3168 fandum,

1263 3178 1297 3210 Θ
1308 3179 1401 3210 Deum
1413 3177 1581 3217 Alttfflmum
1592 3201 1603 3218 ‚
1629 3179 1664 3212 (ν’
1675 3183 1806 3212 virtutes
1820 3176 1921 3210 sancti
1933 3176 2015 3210 illius
2025 3200 2036 3216 ‚
2063 3173 2146 3217 quad

1262 3226 1344 3260 bomo
1362 3225 1472 3268 aliqut's
1490 3233 1605 3260 nomine
1627 3228 1698 3267 ille,
1724 3232 1770 3261 ita
1785 3226 1892 3269 fadus
1916 3250 1928 3267 ,
1963 3237 2027 3259 cum
2048 3228 2146 3257 armis

1260 3275 1323 3319 suis
1330 3276 1420 3319 super
1433 3287 1478 3310 me
1490 3282 1574 3310 venit
1587 3300 1598 3316 ‚
1623 3278 1764 3319 &colpus
1775 3276 1863 3321 super·
1884 3288 1930 3309 me
1946 3275 2019 3316 milit
2030 3298 2041 3314 ,
2066 3271 2145 3314 &fio

1265 3326 1339 3359 mihi
1351 3330 1495 3360 Dominus
1508 3326 1649 3361 dtreaum
1658 3329 1758 3361 dedit.
1787 3330 1853 3370 Ego
1868 3325 1963 3370 ipsum
1989 3328 2028 3359 de
2049 3327 2145 3355 armis

1265 3381 1339 3410 meis
1348 3377 1479 3417 percuffi,
1509 3378 1628 3411 &tales
1638 3379 1734 3419 colpus
1743 3382 1769 3410 ei
1781 3378 1851 3411 dedi
1867 3400 1878 3418 ,
1899 3386 1954 3419 pro
1963 3373 2068 3418 quibus
2078 3369 2142 3413 ipsi.-

1266 3435 1398 3459 mortuus
1408 3426 1445 3466 est
1457 3451 1465 3459 .
1493 3429 1539 3460 Et
1550 3427 1628 3469 quod
1631 3426 1694 3469 feci
1705 3452 1716 3468 ,
1737 3425 1826 3470 super
1844 3439 1890 3462 me
1902 3426 1977 3469 fecit
1990 3446 1997 3455 .
2027 3421 2141 3455 Exstat

1265 3476 1299 3511 ἀ
1311 3475 1422 3512 fimilis
1434 3476 1486 3513 lex
1499 3475 1732 3514 Ribuariorum
1743 3503 1751 3512 .
1778 3477 1906 3521 Lucide-
1917 3481 2030 3558 agunts
2043 3471 2084 3528 d?
2097 3471 2147 3505 in·

1971 3533 2010 3560 va
2026 3532 2092 3559 oris

2167 916 2227 962 Ep.

2261 920 2316 956 60.
