2366 3736
516 103 583 135 nn
619 84 1058 137 Com-airicus
1094 101 1155 133 ετ
1190 89 1600 134 ΑτττιιτιοΝε.

228 177 368 213 Nathan
388 174 554 219 fixbjunxit
577 190 588 211 .-
616 181 763 212 Dominus
782 177 930 219 transtulit
947 184 1100 219 peccatum

231 237 332 262 tuum.
360 227 403 260 Et
421 226 589 271 trigesimo
612 229 718 271 primo
740 228 876 261 Psalmo
898 239 906 258 :
934 226 1100 268 Confitebor

232 277 390 312 adversum
399 287 445 309 me
455 277 629 317 injustitiam
650 287 745 310 meam
773 280 920 316 Domtno,
945 276 978 308 (5
1000 285 1033 308 tu
1059 287 1103 309 re-

35 325 140 369 „Cap.
163 324 213 363 18.
233 326 521 369 mfifliiniquitatem
538 332 649 369 peccati
659 331 730 361 met.
762 327 813 360 Ex
827 326 920 368 Esaja
943 323 1103 369 Propheta

60 376 140 420 Cap.
161 385 217 423 30.
233 377 322 420 juxta
346 377 547 422 septuaginta
568 377 748 410 editionem
779 389 786 407 :
812 379 844 409 55
863 374 999 419 reversus
1021 381 1105 419 inge·-

233 431 359 465 muerr's‚
385 437 453 460 tunc
471 425 577 469 salvus
602 431 681 458 eris.
712 427 763 459 Ex
775 425 938 470 Propheta
950 424 1104 459 Ezechie-

234 476 284 510 le:
309 479 340 509 51·
351 483 460 519 impius
471 480 617 508 averterit
624 474 658 517 se
669 475 866 517 abinjustitta
886 474 967 519 sua,
994 481 1106 518 iniqui-

234 536 331 559 tatum
341 529 407 567 ejus
418 537 476 558 non
485 525 654 557 recordabor
664 527 795 568 amplius
805 551 812 558 .
841 527 891 559 Ex
905 525 1087 560 Proverbiis
1099 538 1106 558 ι

60 573 161 618 Epist.
186 587 215 611 1.
234 580 300 620 Ego
310 577 465 619 diligentes
475 585 521 607 me
538 575 626 617 diligo
639 600 646 607 .
676 576 727 608 Ex
751 576 869 610 Sancto
890 575 989 610 Petro
1010 575 1107 619 Apo-

24 653 27 656 4
58 634 126 670 cap.
158 634 189 673 4.
233 626 342 660 stolo.-
368 622 513 666 Universa
532 625 639 658 deltdia
662 631 755 667 operit
775 625 929 659 charitas:
959 626 1008 658 Ex
1034 626 1108 659 San-

231 674 417 717 fflJoannis
428 673 585 717 Apostoli
608 676 741 710 litteris:
768 677 927 708 Translati
946 674 1050 718 fumus
1073 677 1110 708 de

230 733 324 758 morte
348 724 391 756 ad
412 729 534 764 vitam,
559 730 700 766 quoniam
723 726 876 769 diligimus
892 725 1029 767 fratres.
1058 725 1109 758 Ex

230 773 372 808 Domini
397 774 494 808 verbo
514 776 599 817 apud
623 777 773 809 Sanctum
786 776 910 809 Lucam
936 775 1110 818 Evangeli-

230 826 312 859 ssam
327 837 338 857 .·
364 827 567 858 Remittuntur
577 830 605 858 ei
611 834 735 866 peccata
748 826 843 859 multa
854 849 864 865 ,
891 832 1029 867 quoniam
1041 826 1112 857 dile-

180 900 188 909 .
232 880 279 908 xit
289 875 414 907 multum
425 898 432 905 .
461 875 511 908 Ex
524 875 590 908 alio
604 874 672 917 ejus
684 875 767 916 apud
781 876 934 909 Sanctum
951 875 1110 917 Ioannem

232 923 331 958 verbo
344 936 351 956 :
378 926 444 967 ,Qui
455 925 555 966 diligit
565 934 612 956 me
626 947 636 962 ,
648 925 816 967 diligeturci
829 927 921 957 Patre
934 936 994 958 meo
1008 949 1015 957 .
1044 925 1111 958 Ad-

232 972 359 1007 ducunt
372 973 446 1006 loca
455 973 572 1006 similia
587 972 697 1015 plura,
727 985 826 1017 atque
839 986 878 1008 ex
893 975 955 1008 illis
967 975 1024 1008 fibi
1050 986 1113 1017 per·

233 1021 502 1056 suadentnuuam
511 1023 573 1055 esse
587 1034 693 1057 veram
706 1023 770 1057 Dei
783 1026 874 1068 super
886 1026 998 1058 omnia
1011 1022 1115 1058 chari·

233 1083 333 1107 tatem
348 1095 360 1111 ,
385 1071 438 1105 cui
450 1071 558 1106 statim
576 1072 668 1107 Deus
690 1086 759 1108 non
782 1074 938 1109 retribuat
961 1074 1114 1109 remissio·

232 1133 307 1158 nem
321 1130 526 1164 peccatorum
544 1147 551 1155 .

60 1146 213 1196 Qedm'
282 1171 365 1206 Dari
378 1171 475 1207 talem
485 1171 679 1208 charitatem
693 1198 704 1214 ,
718 1174 859 1209 omnino
871 1175 1024 1218 profiteor
1036 1198 1043 1205 .
1056 1173 1115 1207 Di·

57 475 136 520 Cap.
159 473 190 512 8.

58 1199 214 1282 quesim‘
236 1223 314 1256 serte
326 1222 414 1255 enim
427 1224 622 1256 sacrosancta
634 1223 836 1259 Tridentina
844 1225 999 1268 Synodus
1019 1222 1116 1257 docet

12 1289 14 1293 .
59 1258 140 1333 {ms
161 1261 215 1284 ¹¹¹⁸
236 1272 405 1306 definitam
416 1271 434 1304 a
447 1273 478 1305 se
492 1273 740 1308 Contritionem
752 1275 929 1317 aliquando
940 1276 1002 1309 esse
1015 1272 1117 1307 chari-

83 1310 166 1333 ³⁰‘³'
237 1332 302 1356 tate
314 1323 504 1364 peffestam,
531 1322 771 1368 hominemque
783 1337 837 1369 per
852 1325 950 1367 ipsam
976 1326 1051 1358 Deo
1073 1334 1115 1356 re·

55 1359 172 1406 mem?
191 1398 198 1409 ,
236 1372 429 1411 conciliari,
450 1373 632 1416 priusquam
646 1373 851 1408 Poenrtentiae
876 1375 1116 1408 Sacramentum

59 1409 203 1482 ,maium
236 1423 307 1457 astu
331 1421 537 1463 suscipiatur.
565 1421 723 1456 Notanda
746 1424 791 1456 est
817 1436 904 1463 vox,
933 1424 1117 1464 Aliquando:

59 1458 91 1496 ὐ
123 1448 171 1486 'fi'
236 1470 591 1514 Edicitperfeetionem
607 1473 699 1504 istam
712 1483 779 1506 non
801 1475 922 1516 semper
934 1473 1118 1506 Contritio·

59 1507 113 1535 ‘a‘
125 1522 133 1529 '
236 1521 271 1554 ni
287 1545 298 1560 ,
326 1522 378 1553 seu
391 1532 460 1554 non
472 1521 563 1554 omni
578 1545 588 1560 ,
617 1533 687 1565 quae
697 1533 800 1556 veram
816 1534 925 1556 tamen
941 1523 1005 1556 Dei
1029 1523 1118 1564 super

234 1571 381 1603 omniam
393 1568 583 1605 charitatem
598 1572 765 1606 includere
781 1573 895 1612 deber,
909 1572 1116 1607 Contritioni

235 1620 348 1654 adesse.
371 1620 435 1653 Dei
450 1621 539 1663 super
558 1620 671 1656 omnia
693 1623 800 1663 quoad
822 1623 971 1656 affectum
984 1621 1118 1656 dileffio

236 1671 335 1704 inesse
356 1669 451 1703 debet
474 1681 511 1704 ac
533 1671 743 1714 semperinest
758 1673 856 1706 etiam
876 1673 1066 1716 imperfeilae
1078 1683 1118 1704 ex

235 1718 458 1764 gehennarum
483 1731 538 1753 aut
562 1721 696 1756 aliarum
718 1733 884 1765 poenarum
899 1722 1004 1757 servili
1027 1733 1115 1755 metu

234 1780 400 1812 conceptae
415 1768 642 1812 contritioni,
673 1783 770 1813 quam
795 1782 903 1806 tamen
927 1774 993 1805 fine
1006 1773 1117 1805 Sacra-

235 1828 351 1852 mento
377 1830 446 1852 non
465 1819 638 1861 justificare
659 1845 670 1860 ,
696 1823 808 1855 eadem
827 1820 980 1864 Synodus
1001 1820 1116 1854 diserte

235 1868 370 1902 definit.
398 1867 445 1903 Et
466 1870 555 1913 quod
578 1870 753 1914 aliquando
772 1874 942 1905 dumtaxat
965 1871 1021 1904 fit:
1048 1871 1117 1903 raro

244 1918 302 1950 fit.
328 1919 412 1964 Qae
433 1920 545 1953 omnis
567 1920 713 1954 doctrina
734 1922 777 1954 est
791 1923 897 1957 Sancti
917 1920 1116 1965 Augustini.

61 1956 142 2014 150¹)
152 1966 219 1990 ΟΜ·
239 1967 372 2000 Etenim
390 1966 423 2000 in
439 1968 580 2003 librisde
604 1970 770 2013 Baptismo
787 1971 954 2004 adversum
978 1971 1117 2004 Donati-

59 2006 157 2063 ¹{151d
175 2005 220 2040 f³·
240 2018 303 2050 ssas
314 2016 396 2050 dicit
407 2018 563 2060 quosdam
576 2018 841 2055 Catechumenos
851 2023 911 2054 esse
925 2025 1040 2054 Divina
1051 2020 1114 2053 cba-

57 2065 104 2113 ⁶¹?
238 2068 497 2111 ritateflagrantes
510 2081 524 2110 ;
552 2070 584 2102 in
601 2069 684 2104 libro
697 2071 738 2104 de
752 2071 814 2105 fide
826 2071 859 2107 ὅ(
874 2071 1023 2115 operibus
1044 2072 1116 2105 scri-

59 2105 136 2139 L¹b·
158 2116 193 2152 4·
238 2116 287 2152 bit
299 2118 467 2160 plerosque
479 2118 592 2153 diebus
605 2120 692 2160 illis,
724 2121 841 2164 quibus
854 2120 1114 2161 catechizantur,

58 2167 196 2199 ‘³³P·21·
236 2167 484 2208 exorcizantur,
512 2169 664 2202 scrutinia
688 2171 824 2205 subeunt
849 2195 861 2212 ,
887 2172 919 2205 δε
945 2171 1113 2214 praesertim

238 2217 354 2260 quibus
366 2219 488 2250 sacrum
502 2218 642 2252 Fontem
658 2230 871 2263 competunt,
898 2221 960 2255 esse
980 2220 1111 2265 vigilan·

62 2279 214 2315 Ostendi,
236 2266 370 2299 tiffimos
381 2290 390 2305 ,
401 2264 566 2301 charitatis
579 2267 685 2303 fludio
696 2271 818 2304 fervere
829 2293 838 2309 ,
851 2270 943 2304 omni
955 2282 1027 2305 cura
1041 2281 1113 2314 pen-

59 2340 160 2365 turex
170 2331 214 2364 D⁴
235 2315 309 2349 dere
319 2313 359 2349 ab
372 2326 427 2349 ore
440 2316 671 2360 sacerdotum
699 2321 732 2352 in
747 2320 997 2354 Confeffionum
1023 2319 1113 2354 libris

61 2379 215 2424 Augusti,
235 2365 394 2409 collegam
408 2366 500 2400 suum
513 2367 661 2410 Alipium
673 2368 779 2404 laudat
791 2382 878 2403 tanta
892 2370 1023 2404 Divinae
1033 2370 1112 2404 dile-

60 2440 107 2465 no
117 2454 125 2462 ⁶
221 2416 352 2449 ilionis
363 2416 493 2450 flamma
507 2417 685 2459 caluiffe,ut
696 2419 821 2461 juvenis
834 2422 955 2454 nobilis
966 2421 998 2454 ὃ(
1012 2420 1108 2459 Aser,

236 2466 365 2508 frigoris
389 2476 443 2507 per
456 2477 601 2500 naturam
627 2469 798 2511 impatiens
809 2496 819 2511 ,
845 2472 1021 2515 glaciatum
1034 2471 1108 2503 Me-

234 2513 425 2547 diolanensis
433 2516 584 2549 territorii
599 2518 701 2551 solum
728 2531 782 2562 per
804 2532 938 2553 omnem
967 2520 1109 2566 Qadra-

234 2563 386 2607 gesimam
398 2565 474 2597 ausu
486 2565 620 2600 insolito
631 2567 767 2601 calcaret
792 2570 826 2603 &
853 2569 1030 2603 ambularet
1052 2581 1107 2602 nu-

234 2614 286 2647 dis
303 2613 462 2655 pedibus;
488 2616 586 2648 etiam
607 2617 742 2659 seipsum
755 2616 902 2653 adfirmat
914 2620 1007 2653 fuisse
1024 2630 1105 2652 ama·

234 2663 351 2697 riffima
371 2664 480 2697 cordis
493 2664 706 2700 Contritione
716 2667 873 2703 donatum
893 2694 903 2709 ,
920 2669 1104 2712 sagittatum

233 2713 299 2747 Dei
309 2711 482 2753 charitate,
511 2713 679 2750 liberatum
692 2718 788 2752 foedis
803 2719 1035 2762 cupiditatibus
1048 2742 1058 2758 ‚
1074 2720 1103 2752 ὅ(

232 2763 326 2797 antea
336 2764 491 2797 tenaciter
503 2764 632 2799 dilectas
645 2768 814 2801 suavitates
827 2780 901 2803 cum
923 2767 1046 2813 gaudio
1059 2769 1103 2802 di-

232 2812 356 2856 misisse3
367 2813 399 2846 in
415 2814 505 2847 sexto
516 2814 666 2849 adversus
678 2817 759 2860 Julia
767 2830 843 2852 num
856 2817 1102 2863 pelagianistam

230 2862 315 2896 libro
326 2864 370 2896 ait
383 2858 645 2899 Cathe'eumenos
657 2867 763 2909 plures
775 2869 837 2902 esse
859 2871 1019 2903 correctos
1030 2868 1047 2901 ὲ
1061 2869 1103 2901 vi-

230 2913 326 2946 tiis&
338 2913 419 2946 recte
432 2913 546 2956 vivere;
558 2914 590 2948 in
604 2925 718 2959 quarto
732 2919 823 2961 super
834 2919 954 2953 sanctis
966 2920 1101 2962 Joannis

230 2962 448 3007 Evangelium
460 2965 593 2999 trastatu
603 2966 762 3000 adseverat
774 2968 931 3011 quosdam
945 2968 1102 3002 abstinere

230 3010 271 3044 ab
281 3014 372 3046 omni
383 3013 563 3048 concubitu
578 3040 588 3054 ‚
601 3016 670 3049 vale
679 3016 782 3051 facere
793 3019 923 3060 saeculo,
935 3020 1100 3053 renuncia-

227 3070 261 3093 re
272 3062 516 3102 potseffionibus
529 3064 560 3097 in
575 3076 725 3108 pauperes
735 3067 912 3102 distributis
922 3094 932 3109 ‚
959 3071 1021 3103 esse
1034 3069 1101 3101 infi-

226 3110 284 3152 gni
296 3110 586 3148 Ecclefiasticorum
595 3115 788 3160 dogmatum
800 3118 1104 3162 peritiainstrustos‚

226 3160 380 3193 &multis
393 3161 544 3197 fidelibus
568 3176 622 3207 per
641 3169 754 3200 omnia
777 3168 947 3202 meliores:
974 3169 1102 3202 Multos

225 3209 324 3242 etiam
337 3221 410 3243 cum
423 3213 707 3250 Catechumenatu
719 3219 815 3251 etiarn
841 3218 1101 3252 monachismum

224 3259 393 3301 percepisse
405 3283 416 3299 2
441 3261 474 3293 ἀ
487 3265 634 3298 eumdem
647 3278 720 3299 cum
741 3266 986 3302 Christianitate
1010 3269 1101 3301 fuisse

222 3309 378 3364 professos
412 3310 444 3342 in
457 3311 624 3353 Baptismo
638 3339 648 3355 ,
674 3318 793 3351 laudati
807 3319 983 3364 Augustini
997 3342 1006 3358 ,
1022 3318 1100 3351 Pau—

224 3358 284 3391 lim
296 3358 449 3392 Nolenfis
474 3360 644 3406 Episcopi,
670 3367 703 3399 ὃς
717 3368 856 3402 aliorum
880 3369 1028 3411 exempla
1048 3366 1100 3401 de-

60 2806 137 2852 Cap.
161 2820 212 2855 19.

1898 104 2002 145 219·

1162 185 1228 209 tem
1241 185 1299 218 pro
1318 172 1450 208 Christo
1468 176 1617 210 Domino
1629 201 1640 219 ‚
1668 173 1843 219 fuissetque
1864 177 2042 221 gloriosos,

1163 237 1200 260 ac
1220 224 1254 258 in
1277 224 1342 258 Dei
1365 224 1537 259 dilestione
1551 237 1620 260 non
1645 225 1750 261 solutu
1764 225 1917 267 adustos,
1946 228 2045 262 sed&

1165 273 1314 309 robustos
1331 274 1492 315 Martyres
1513 277 1584 318 quis
1598 276 1798 321 Theologus
1818 277 1974 321 ignoret?
2002 279 2044 311 Et

1166 335 1274 360 tamen
1299 325 1340 358 de
1363 324 1449 357 bisce
1470 326 1590 359 cunctis
1613 327 1646 359 in
1668 327 1808 361 adducto
1825 328 1916 371 super
1940 328 2046 360 San-sti

1167 374 1301 419 Joannis
1344 374 1562 418 Evangelium
1592 378 1725 410 tractatu
1759 378 1864 421 pergit
1901 377 2047 410 laudatus

1170 424 1374 469 Augustinus
1390 437 1397 456 ε
1425 429 1534 456 Omnia
1544 425 1762 468 peccatasuper
1776 428 1839 460 illos
1852 426 1922 470 [unt
1933 452 1943 467 ,
1955 424 2053 467 &nisi

1168 480 1307 509 venerint
1318 473 1531 515 adsalutarem
1544 474 1734 516 Baptismum
1752 501 1761 515 ‚
1786 478 1835 509 ubi
1857 486 1980 519 peccata
1995 475 2051 519 sol-

1170 533 1303 564 vantur,
1330 535 1395 556 cum
1408 530 1486 556 omni
1492 523 1549 567 sua
1564 527 1738 557 excellentia
1754 538 1810 558 non
1817 528 1929 568 possent
1939 532 2052 559 intrare

1170 582 1201 608 in
1223 585 1343 617 regnum
1364 575 1515 606 coelorum.
1544 575 1586 607 Et
1600 575 1632 606 in
1646 576 1742 608 tertio
1755 575 1885 609 decimo
1899 578 2049 610 traciam:

1171 627 1440 668 ,Quantumcunque
1453 623 1686 656 catechumenus
1694 625 1832 666 proficiat
1846 650 1856 665 ,
1883 626 1978 659 adhuc
1987 625 2053 668 sar-

1170 685 1267 707 cinam
1279 679 1451 716 iniquitatis
1460 674 1524 716 suae
1533 683 1639 715 portat
1654 699 1663 713 ,
1675 685 1731 706 non
1745 675 1789 706 illi
1801 676 1966 707 dimittitur
1980 700 1990 715 ,
2003 673 2059 715 nifi

1173 730 1288 758 venerit
1299 722 1537 767 adBaptismum
1549 749 1556 757 .
1585 724 1627 757 Et
1640 724 1672 757 in
1688 724 1821 759 laudato
1835 725 1871 757 ad
1879 725 1984 758 versus
2005 726 2057 767 Ju-

1174 775 1295 808 lianum
1311 774 1393 807 libro
1406 775 1511 818 pergit
1525 773 1565 807 de
1576 772 1824 807 Catechumeno
1840 786 1846 805 z
1860 776 2057 816 Nea-damper

1173 825 1548 864 remiffionempeccatorum
1561 824 1597 863 est
1608 824 1754 857 liberatus
1772 849 1778 856 .
1810 825 1850 856 Et
1868 825 1899 856 in
1917 825 2006 858 libris
2017 825 2056 858 de
2077 833 2147 868 Lib.
2177 847 2205 871 f,

1174 874 1334 916 symbolo
1349 874 1388 906 ad
1405 874 1671 907 Catechumenos
1686 888 1696 907 .·
1725 873 1937 906 catechumeni
1958 886 2057 915 quam·
2075 895 2140 927 cap.
2172 882 2208 920 3,

1175 925 1224 956 diu
1233 922 1304 965 sunt
1320 947 1330 963 ,
1349 922 1436 965 super
1449 922 1592 966 illorsum
1603 930 1700 956 omnia
1711 933 1834 965 peccata
1846 925 1958 956 illorum
1969 948 1975 955 .
2003 925 2058 956 Et-

1177 975 1239 1007 iam
1252 974 1456 1016 temetipsum
1466 996 1476 1011 ,
1489 985 1584 1015 quem
1597 973 1708 1007 divina
1722 975 1894 1007 dilectione
1906 975 1938 1007 ἀ
1953 985 2061 1017 pecca-

1177 1034 1283 1056 torum
1308 1023 1522 1056 Contritione
1542 1023 1711 1067 insigniter
1733 1025 1833 1057 arsisse
1854 1024 1916 1066 jam
1939 1023 2061 1057 audivi-

1177 1084 1260 1113 muS,
1273 1085 1339 1106 non
1355 1074 1409 1106 nifi
1424 1075 1454 1105 in
1470 1073 1638 1115 Baptismo
1649 1074 1768 1107 fuiffea
1781 1085 1985 1116 peccatorum
1997 1085 2063 1108 ma-

1177 1123 1260 1156 culis
1271 1125 1322 1156 seu
1337 1122 1478 1156 reatibus
1492 1123 1666 1157 liberatum
1682 1148 1693 1163 ,
1719 1123 1827 1167 palam
1843 1124 2058 1166 profiteturin
2111 1163 2118 1170 ·

1179 1173 1269 1207 libris
1282 1173 1531 1207 Conf-:ffionum
1546 1199 1553 1206 .
1583 1174 1709 1208 Lucida
1718 1175 1791 1207 sunt
1805 1172 1873 1215 ejus
1882 1174 1993 1208 verba:
2010 1178 2061 1206 Ea
2080 1161 2152 1196 L¹b·
2173 1175 2207 1208 9·

1180 1235 1232 1265 per
1244 1221 1384 1266 superius
1398 1223 1560 1257 laudatam
1576 1223 1770 1257 charitatem
1781 1234 1918 1267 operans
1929 1226 2006 1257 fides
2018 1235 2064 1256 me
2080 1224 2149 1256 0³1²·
2178 1224 2210 1258 4·

1175 1271 1306 1315 securum
1328 1283 1385 1304 non
1399 1272 1535 1313 faciebat
1559 1275 1596 1306 de
1624 1278 1791 1314 praeteritis
1810 1280 1940 1314 peccatis
1964 1280 2037 1306 meis
2051 1299 2061 1314 ‚

1178 1334 1246 1364 quae
1269 1322 1343 1355 mibi
1370 1329 1425 1362 per
1458 1321 1648 1364 Baptismum
1680 1333 1764 1355 tuum
1795 1323 1910 1364 remissa
1933 1325 2061 1355 nondum

1179 1381 1266 1405 erant
1278 1397 1285 1405 .
1317 1372 1358 1405 Et
1371 1371 1487 1404 iterum
1502 1385 1508 1404 :
1538 1377 1648 1404 Nonne
1659 1374 1692 1405 (ν
1703 1371 1753 1404 boc
1765 1380 1917 1413 peccatum
1936 1383 2000 1404 cum
2012 1383 2066 1405 cae·

1179 1426 1250 1456 teris
1274 1421 1427 1454 horrendis
1440 1423 1473 1455 (9¹
1490 1420 1628 1462 funereis
1645 1428 1677 1454 in
1692 1427 1775 1462 Aqua
1782 1419 1891 1463 sanc‘la
1908 1422 2062 1464 ignovisti,

1180 1470 1458 1513 &remfistimib1'2
1487 1471 1684 1504 Etrursum:
1715 1470 2005 1513 Baptizatificrnus‚
2032 1473 2065 1508 <tt
2082 1486 2166 1530 Cap¹
2181 1497 2211 1523 2·

1172 1522 1257 1566 fugn
1280 1523 1300 1553 ἃ
1320 1520 1402 1553 nobis
1419 1519 1582 1563 sollicitudo
1607 1525 1681 1554 vitae
1706 1527 1875 1562 praeteritae
1896 1547 1902 1553 .
1934 1522 2064 1565 Utique

1180 1581 1310 1615 propter
1321 1570 1389 1603 illic
1402 1570 1553 1611 primitus
1566 1581 1746 1613 perceptam
1760 1571 1978 1607 remissionem
1995 1582 2065 1615 pec·

1179 1630 1346 1655 catorum.
1376 1619 1443 1653 Hic
1463 1619 1508 1653 est
1529 1620 1618 1653 enim
1645 1632 1782 1664 magnus
1808 1621 1962 1663 Baptismi
1990 1622 2066 1655 effe-

1180 1673 1267 1711 ctus,
1295 1681 1392 1713 quern
1417 1671 1515 1704 etiam
1542 1670 1844 1704 Reconciliationis
1856 1672 2066 1705 Sacramento

1179 1720 1329 1756 adscribit
1354 1721 1559 1753 Sacrosancia
1576 1719 1780 1753 Tridentina
1804 1721 1977 1762 Synodus:
2005 1725 2066 1755 Res

1179 1773 1211 1804 (5
1222 1770 1337 1810 effec‘lus
1352 1769 1443 1809 hujus
1456 1771 1639 1802 sacramenti
1651 1770 1688 1808 est
1700 1771 1891 1802 reconciliatio
1901 1782 1966 1803 cum
1982 1774 2042 1803 Deo
2053 1795 2064 1811 ‚
2080 1764 2155 1798 Sess.
2186 1773 2236 1809 14.

1178 1832 1268 1862 quam
1291 1812 1443 1851 interdurn
1458 1825 1490 1850 in
1512 1824 1589 1852 viris
1609 1824 1671 1859 piis
1685 1843 1696 1859 ‚
1723 1822 1757 1852 (θ’
1778 1831 1839 1851 cum
1849 1821 2001 1853 devotione
2013 1820 2063 1854 boc
2081 1825 2150 1858 CRP·
2181 1826 2211 1861 3·

1179 1873 1400 1903 sacramentum
1426 1868 1657 1910 percipientibus
1680 1893 1690 1909 ‚
1729 1868 1907 1911 conscientlae
1940 1879 2007 1911 pax
2029 1873 2063 1907 (9

1173 1919 1315 1963 securitas
1326 1931 1388 1952 cum
1400 1917 1568 1952 vehementi
1574 1918 1705 1962 spiritur
1717 1918 1910 1960 consolatione
1929 1919 2061 1963 consequi

1175 1969 1261 2012 solet.
1291 1969 1403 2012 Pergit
1429 1969 1633 2012 Augustinus
1655 1969 1688 2001 in
1713 1980 1829 2012 quarto
1843 1971 1933 2012 super
1954 1972 2061 2004 Sancti

1177 2019 1313 2064 Joannis
1338 2019 1555 2062 Evangelium
1570 2020 1726 2053 trastatu:
1755 2022 1906 2062 ,Quomodo
1931 2032 1987 2052 non
2011 2032 2062 2053 ca·-

1175 2077 1236 2105 ruit
1252 2071 1376 2112 populus
1400 2067 1492 2110 Israel
1514 2070 1622 2110 populo
1645 2072 1857 2114 AEgyptiorum
1879 2094 1890 2110 ,
1917 2069 1972 2111 nifi
1995 2072 2059 2103 sum

1175 2121 1294 2163 venisset
1315 2121 1357 2152 ad
1379 2131 1460 2152 mare
1481 2120 1623 2160 rubrum,
1649 2126 1694 2153 ita
1714 2121 1857 2162 pressuris
1873 2129 2057 2161 peccatorum

1176 2182 1257 2203 nemo
1276 2177 1372 2209 caret,
1397 2168 1453 2209 nisi
1467 2169 1531 2200 cum
1555 2171 1600 2201 ad
1613 2170 1754 2202 sanc‘lum
1777 2169 2056 2212 Bapttsmaperve-

1174 2226 1252 2253 neris
1265 2244 1272 2252 .
1300 2219 1343 2252 Et
1360 2220 1391 2251 in
1406 2218 1489 2252 libro
1499 2217 1540 2251 de
1554 2217 1617 2252 fide
1643 2218 1860 2261 &operibusz
1889 2223 1961 2251 Non
1980 2218 2051 2261 suffi

1172 2277 1212 2303 cit
1228 2269 1359 2312 profeffio
1384 2269 1534 2307 receffionts
1554 2268 1570 2300 a
1599 2267 1736 2310 peccatis
1760 2268 1973 2308 mortalibus,
2001 2270 2057 2310 mfi

1171 2326 1262 2353 etlam
1273 2320 1394 2352 lavacro
1404 2322 1642 2361 Regenerationis
1653 2318 1757 2351 cuncqa
1773 2324 1934 2359 praeterita
1945 2344 1955 2358 ‚
1983 2331 2050 2361 quae

1172 2372 1254 2403 velut
1274 2367 1491 2411 persequuntur
1514 2393 1524 2407 ,
1547 2376 1667 2409 peccata
1691 2369 1849 2401 deleantur
1869 2381 1876 2399 :
1899 2367 1972 2408 ficut
1993 2380 2052 2402 non

1164 2419 1282 2463 suffecit
1294 2418 1434 2461 Israelitis
1447 2419 1575 2451 recedere
1595 2418 1634 2450 ab
1657 2421 1807 2460 AEgypto,
1836 2416 1892 2457 nisi
1897 2429 1953 2457 ea,
1980 2430 2047 2460 quae

1169 2469 1372 2514 insequebatur
1384 2493 1393 2508 ,
1406 2468 1523 2505 bostium
1534 2469 1689 2500 multitudo
1701 2466 1830 2508 ejusdem
1842 2472 1933 2499 maris
1942 2467 2044 2508 fluc‘li·

1169 2520 1223 2553 bus
1235 2526 1390 2556 interiret,
1417 2524 1467 2559 qui
1480 2521 1536 2550 Dei
1550 2518 1654 2557 populo
1677 2515 1853 2557 tranfituro,
1879 2515 2045 2550 liberando-

1167 2577 1411 2612 quepaeuerunt.
1440 2568 1514 2612 Qua
1526 2566 1686 2610 allegoria
1710 2566 1962 2609 frequentissime
1986 2568 2047 2601 uti-

1168 2631 1218 2654 tur
1230 2631 1297 2654 non
1313 2620 1396 2651 solus
1413 2617 1477 2659 ipse
1489 2640 1499 2655 ,
1527 2617 1577 2649 sed
1592 2618 1699 2650 omnis
1711 2617 1898 2650 Sanctorum
1912 2617 2045 2650 Parrum

1165 2669 1283 2704 chorus
1295 2694 1304 2709 ‚
1325 2667 1508 2701 constanter
1518 2667 1556 2699 ad
1564 2667 1705 2700 sever-ans
1720 2666 2040 2701 catechumenorum

1166 2729 1293 2759 reatus,
1320 2718 1358 2751 ad
1380 2716 1623 2760 AEgyptiorum
1655 2717 1912 2759 persequentium
1938 2728 2043 2750 exem-

1166 2770 1252 2812 plar,
1283 2767 1410 2802 nonnifl
1423 2769 1456 2799 in
1468 2769 1558 2809 aquis
1572 2766 1697 2800 mori&
1714 2767 1859 2799 suffocari
1879 2792 1886 2800 .

1212 2817 1358 2852 Palmare
1380 2815 1475 2858 hujus
1495 2817 1637 2849 veritatis
1660 2816 1907 2849 fundamentum
1923 2816 2036 2859 produ·
2078 2814 2189 2856 Datur·

1162 2869 1208 2902 cit
1231 2869 1361 2903 Sanctus
1389 2867 1594 2911 Augustinus
1630 2866 1662 2898 in
1694 2864 1782 2898 libris
1804 2866 1843 2898 de
1866 2865 2034 2910 Baptismo
2052 2864 2135 2898 ratio
2166 2868 2184 2900 a

1160 2918 1328 2952 adversum
1350 2916 1539 2950 Donatistas
1559 2916 1704 2949 adserens
1726 2913 1831 2948 cordis
1856 2917 2034 2950 conversio·
2052 2915 2165 2958 priori.

1161 2980 1234 3002 nem
1257 2969 1289 3002 δε
1310 2967 1515 3010 Baptismatis
1536 2966 1779 2999 Sacramentum
1805 2966 1867 2998 esse
1897 2968 2036 3000 duasin·

1161 3020 1263 3052 vicem
1285 3018 1470 3051 necessarias
1500 3015 1650 3048 humanae
1684 3014 1921 3056 justificationis
1955 3029 2033 3050 con-

1159 3070 1287 3109 causas,
1313 3069 1344 3101 ὅ(
1369 3067 1553 3110 adjungens
1568 3077 1578 3096 .·
1607 3065 1739 3097 Alterum
1755 3064 1818 3106 fine
1828 3066 2034 3108 alteroparum

1157 3118 1194 3158 est
1213 3142 1223 3158 ‚
1250 3126 1404 3159 utrumque
1420 3117 1534 3159 perficit
1556 3123 1677 3147 aeternae
1718 3116 1914 3158 possessionis
1939 3116 2033 3150 baere-

1159 3170 1245 3201 dem.
1274 3169 1315 3201 Et
1336 3169 1367 3200 in
1384 3165 1471 3199 libris
1482 3164 1630 3197 adversus
1643 3164 1841 3198 petilianum
1871 3166 2029 3199 Conssan—
2049 3164 2120 3198 Lib.
2142 3174 2176 3210 4.

1158 3218 1317 3252 tinensem
1335 3214 1580 3250 Donatistarum
1604 3214 1822 3258 Episcopum:
1852 3217 1980 3247 Ain-rum
1996 3214 2031 3254 fi·
2048 3226 2115 3257 cap.
2143 3225 2202 3252 21.

1160 3280 1196 3301 ne
1216 3268 1307 3302 altero
1327 3278 1384 3299 non
1402 3266 1539 3306 perducit
1549 3265 1592 3298 ad
1611 3275 1730 3307 regnum
1751 3267 1900 3298 coelorum.
1932 3265 1970 3296 Et
1995 3266 2027 3296 in

1160 3317 1242 3351 libro
1261 3319 1302 3351 de
1327 3316 1450 3349 unitate
1478 3313 1641 3347 Ecclefiae:
1669 3319 1828 3356 Utrumque
1851 3314 2032 3354 necessarium
2051 3313 2122 3348 Lib.
2147 3325 2174 3362 3.

1158 3367 1195 3407 est
1205 3369 1249 3400 ad
1259 3373 1314 3401 Dei
1323 3376 1444 3409 regnum
1453 3364 1670 3407 capeffendum,
1697 3366 1730 3398 ἐν
1744 3361 1917 3405 Baptismus
1931 3364 2031 3407 &Ju-
2052 3376 2120 3406 cap.
2147 3364 2202 3410 56:

2074 2240 2152 2285 Cap.
2175 2253 2227 2279 11.

223 3408 424 3443 monstrant.
452 3409 544 3456 Qin
559 3412 700 3455 &plures
712 3421 843 3456 certasse
855 3419 1002 3464 usquead
1015 3429 1099 3454 mor·
1154 3418 1238 3459 stma
1262 3444 1268 3450 .
1298 3415 1421 3451 Ambas
1443 3415 1628 3462 concauflas
1651 3414 1696 3447 ait
1717 3414 1779 3447 effe
1804 3413 2036 3454 Evangelicam
2055 3414 2135 3458 Cap.
2149 3425 2204 3451 22.

321 3457 427 3499 Christ.
442 3462 522 3503 Lupi
532 3465 628 3504 Opera
639 3466 718 3498 Tom.
730 3469 761 3498 X
764 3471 785 3500 1.

1588 3463 1627 3496 T
1676 3475 1698 3501 2
1896 3462 1992 3496 Divi<
