2366 3736
1923 103 2013 150 281

580 373 1053 462 CAPUT
1131 372 1742 460 PRIMUM

444 544 694 585 Examinantur
725 539 947 588 fundamenta
982 549 1045 591 per
1086 543 1171 581 hunc
1209 543 1409 590 Scriptorem
1448 538 1596 579 addub'ia
1632 549 1698 594 pro
1729 540 1814 592 jure

447 622 449 625 .
551 597 555 602 ”
874 598 1094 650 Ecclefiarum
1122 598 1373 640 Parochialium
1387 627 1396 639 .

269 823 307 858 ἀ’
368 825 374 841 i
398 848 438 869 βξ

404 855 430 928 ,ξ
452 889 480 920 .‘,
517 877 623 911 firmat
654 876 783 909 fundari
816 875 850 908 in
885 874 1111 918 antiquissimis

403 920 430 966 J
519 924 669 960 Eeclefiae
697 924 895 959 Canonibus
917 948 928 963 ,
965 925 1111 967 adeoque

375 978 389 983 “
407 969 462 995 “⁴⁸
490 999 492 1001 ·
514 977 581 1009 esse
593 974 778 1008 institutum
793 974 1031 1018 Apostolicum.
1047 975 1112 1009 Ve-

220 1026 295 1061 rum
315 1027 432 1071 partim
454 1035 514 1069 pro
529 1023 733 1059 autenthicis
758 1025 952 1059 Canouibus
962 1025 1110 1058 obtrudit

221 1075 322 1111 nobis
343 1075 496 1110 stramina
515 1075 549 1109 ὅ(
563 1075 688 1118 paleas,
716 1075 833 1118 partim
846 1074 1129 1110 autenthicorum·

221 1125 403 1160 Canonum
414 1124 605 1160 stramineas
618 1125 914 1167 interpretationes.

273 1175 404 1210 Primus
423 1175 604 1210 istiusmodi
618 1176 737 1209 Canon
751 1175 841 1209 ests.
856 1175 1009 1218 Dionysii
1025 1174 1110 1208 Pon-

222 1225 325 1259 tificis
346 1226 527 1259 Decretum
551 1225 585 1259 in
607 1225 721 1259 litteris
744 1225 784 1258 ad
809 1225 963 1258 Severum
979 1225 1111 1266 Episco-

224 1286 307 1319 pum
339 1274 591 1309 Cordubensem
617 1287 625 1306 z

226 1324 412 1363 Presbyteri:
434 1325 573 1358 dedimus
588 1347 598 1363 ,
623 1325 786 1357 Parocbias
798 1327 832 1359 &
842 1330 1004 1358 caemeteria
1016 1333 1057 1357 eis
1070 1325 1114 1356 di-

225 1373 350 1416 vifimus
375 1399 386 1414 ,
413 1376 446 1408 (ff
469 1380 624 1417 unicuique
637 1377 695 1415 jus
708 1379 866 1415 proprium
887 1375 993 1407 habere
1008 1375 1115 1414 statui-

226 1434 295 1458 mus
319 1446 330 1463 ‚
353 1430 397 1457 ita
422 1418 562 1458 videlice}
579 1449 590 1464 ,
623 1432 655 1457 ut
682 1425 781 1456 nullus
807 1426 933 1457 alterius
963 1423 1116 1456 Parochi'ae

226 1481 327 1508 terras
340 1498 350 1514 ,
376 1479 536 1514 terminos,
567 1481 620 1505 aut
637 1475 689 1514 jus
710 1475 842 1507 invadat
855 1497 865 1513 ‚
884 1472 942 1516 sed
964 1471 1045 1515 unus
1042 1471 1116 1515 quis-

226 1535 286 1567 que
300 1519 367 1566 Juis
383 1529 521 1557 terminis
539 1522 579 1564 fit
599 1534 750 1556 contentus
761 1548 769 1555 .
797 1524 845 1556 lta
860 1524 890 1556 se
903 1535 1004 1565 nuper
1018 1525 1117 1567 egisse

428 816 475 875 ’ρξ’
520 825 619 861 chiali
644 826 782 861 Ecclesia
802 825 1043 870 obligationem
1070 824 1110 859 αἱ
1144 836 1147 837 ’

1169 725 1252 760 rium
1277 721 1449 758 admittere
1466 734 1533 758 non
1555 723 1692 766 possunt
1718 722 1783 755 sine
1803 721 2058 756 formataetesti-

1170 775 1300 808 monio.
1331 773 1455 809 Verum
1479 773 1558 815 quid
1581 771 1647 809 haec
1670 774 1709 806 ad
1724 772 1790 806 Dei
1805 771 1974 811 Verbum3
2002 773 2057 806 seu

1170 824 1211 859 ad
1235 823 1433 861 audiendum
1449 825 1567 857 sacram
1583 821 1819 859 Concionem?
1846 822 1943 865 Apud
1958 822 2058 856 Afros

1170 875 1252 911 olim
1273 874 1378 916 quivis
1392 873 1540 907 Ecclefiae
1550 873 1671 908 Retio:
1683 873 1722 906 ad
1737 874 1826 907 suam
1844 871 2054 906 Concionem

1172 922 1365 959 admittebat
1386 924 1489 957 etiam
1510 923 1698 963 hereticos,
1729 921 1877 965 Iudaeos,
1901 933 1939 956 ac
1952 920 2056 966 Paga·

1173 986 1232 1009 nos
1247 998 1259 1014 ,
1284 974 1432 1016 adeoque
1446 974 1480 1007 &
1504 984 1660 1018 vagantes
1680 973 1747 1006 sine
1769 973 1918 1006 formatis
1940 971 2056 1005 litteris

1173 1024 1343 1064 Clericos,
1371 1032 1427 1056 aut
1455 1023 1593 1057 Laicos.
1619 1021 1762 1056 Proinde
1787 1033 1853 1055 non
1866 1021 2059 1057 deConcio-

1174 1086 1215 1109 ne
1227 1100 1238 1115 ,
1264 1074 1317 1108 sed
1331 1073 1370 1108 de
1384 1073 1635 1107 Communione
1648 1073 1717 1117 agit
1732 1072 1862 1108 Canon·
1874 1072 1920 1106 At
1933 1072 2012 1116 quid
2024 1072 2058 1106 in

1175 1124 1244 1166 ipso
1256 1136 1319 1158 vox
1333 1148 1343 1163 ,
1369 1129 1530 1156 communio
1543 1148 1552 1164 ,
1581 1124 1760 1168 significet,
1786 1121 1883 1157 video
1894 1123 1912 1156 ὲ
1924 1122 2061 1165 Scripto-

1175 1186 1207 1208 re
1230 1174 1292 1208 isto
1315 1185 1383 1207 non
1408 1173 1574 1218 intelligi.
1607 1171 1721 1206 Etisto
1736 1182 1883 1215 tempore
1896 1173 2063 1209 Monaste-

1175 1228 1221 1258 ria
1244 1223 1379 1258 necdum
1406 1233 1497 1258 erant
1507 1223 1593 1267 apud
1606 1222 1728 1257 Afros:
1756 1221 1835 1257 hinc
1847 1220 2016 1258 adversum
2029 1222 2064 1256 il-

668 1273 808 1321 Ecclesiai
840 1274 972 1319 fingulas
988 1274 1112 1318 singulis
1175 1276 1204 1308 la
1219 1274 1338 1308 Canon
1353 1285 1419 1307 non
1436 1274 1540 1315 potest
1553 1273 1693 1307 sanxisse
1706 1298 1714 1305 .

1203 1322 1352 1357 Tertium
1367 1322 1457 1356 istius
1470 1323 1641 1366 Scriptoris
1659 1321 1912 1356 fundamentum
1923 1323 1967 1355 est
1981 1321 2068 1365 apud

1157 1381 1161 1411 ῑ
1176 1371 1352 1408 Burchardi
1365 1371 1530 1406 decretum
1542 1373 1671 1405 exstans
1682 1371 1862 1405 constituto
1870 1371 2070 1411 SrEutichia-

1158 1413 1211 1466 lni
1238 1421 1410 1457 pontificis
1426 1435 1437 1455 .·
1461 1426 1499 1454 In
1517 1433 1695 1464 unaquaque
1716 1420 1800 1463 plebe
1825 1424 1939 1454 Decani
1943 1421 2004 1463 fint
2011 1430 2078 1464 per·

1159 1474 1161 1508 l
1175 1475 1270 1507 villas
1286 1471 1432 1512 constituti
1444 1495 1455 1511 ‚
1482 1477 1545 1507 viri
1568 1483 1695 1505 veraces
1708 1496 1719 1512 ,
1746 1473 1780 1506 (⁸2⁶
1795 1474 1955 1506 Dominum
1966 1477 2071 1505 timen-
2084 1495 2087 1499 .

1160 1516 1246 1563 fres,
1273 1528 1323 1565 qui
1337 1530 1455 1554 caeteros
1477 1518 1679 1561 admoneant,
1707 1529 1740 1553 ut
1763 1522 1810 1554 ad
1820 1520 1979 1561 Ecclesiam
1999 1530 2073 1564 per·

227 1574 369 1608 affirmat
385 1573 418 1606 in
442 1573 592 1606 Romana
609 1574 748 1607 Ecclesia
763 1598 773 1613 ‚
801 1585 838 1607 ac
850 1573 935 1607 isiud
948 1574 1055 1615 ipsum
1065 1572 1117 1607 fie-
1159 1570 1163 1625 J
1172 1582 1250 1617 gant
1261 1595 1271 1611 ,
1300 1573 1341 1603 ad
1352 1574 1525 1602 Matutinus
1540 1595 1550 1610 ,
1579 1572 1624 1603 ad
1633 1569 1749 1611 Missam
1763 1593 1773 1609 ,
1788 1572 1822 1603 ό·
1835 1573 1880 1603 ad
1889 1570 2053 1613 Vesper-am
2064 1596 2074 1604 .

228 1624 259 1657 ri
284 1623 396 1657 suadet
415 1624 515 1657 etiam
529 1624 562 1656 in
576 1623 753 1656 Provincia
767 1622 969 1656 Cordubensi
982 1646 990 1654 .

281 1673 485 1716 Respondeo
511 1672 683 1715 epistolam
712 1674 779 1705 esse
808 1672 1013 1705 stramineam
1038 1683 1047 1703 :
1071 1671 1116 1704 est

228 1723 323 1757 enim
359 1722 378 1756 ὲ
405 1722 535 1756 famosis
560 1721 673 1755 Isidori
702 1721 898 1755 Mercatoris
923 1720 1081 1755 nundinis
1108 1745 1118 1761 ‚

228 1783 311 1816 quas
331 1773 399 1806 esse
411 1773 516 1815 spuria
527 1772 631 1805 octavi
647 1771 751 1805 saeculi
772 1773 926 1814 figmenta
938 1795 949 1810 ,
975 1772 1019 1803 est
1033 1772 1117 1812 apud

230 1833 350 1856 omnes
365 1821 592 1861 Eruditosjam
604 1820 726 1862 pridem
739 1821 945 1861 exploratum
957 1842 964 1850 .
980 1821 1022 1852 Et
1036 1819 1120 1852 hanc

230 1870 433 1906 nominatim
459 1868 627 1913 epistolam
651 1871 720 1904 esse
742 1871 848 1903 fictam
872 1872 1027 1903 evincunt
1039 1870 1117 1903 mul-

232 1932 286 1955 ta.
316 1920 431 1954 Primo
456 1918 547 1964 quod
561 1920 647 1953 dicat
663 1919 837 1954 parochias
850 1920 990 1962 primum
1013 1919 1119 1953 dividi

234 1980 358 2014 coeptas
379 1970 441 2004 aS.
453 1969 633 2012 Dionysio.
663 1970 764 2016 Quod
794 1970 850 2012 ipsi
867 1969 1019 2012 Apostoli
1036 1969 1119 2003 istud

231 2022 415 2064 poeperint,
442 2020 549 2063 posset
575 2019 682 2053 lucide
705 2019 936 2053 demonstrari.
967 2019 1119 2053 Secundo

234 2070 326 2112 quod
349 2066 505 2103 Romano
532 2069 743 2112 Episcopatui
758 2070 893 2113 assignet
907 2069 1049 2102 forenses
1061 2068 1119 2104 Pa-

234 2119 384 2154 rochias.
409 2119 515 2166 Qod
537 2120 625 2153 enim
642 2120 697 2153 ille
709 2130 797 2152 extra
812 2120 918 2155 Urbis
930 2130 1038 2153 muros
1051 2120 1121 2152 nul-

232 2169 302 2204 lam
323 2181 467 2214 unquam
479 2168 672 2203 Parochiam
687 2168 835 2203 habuerit
847 2193 858 2208 ,
884 2169 928 2202 est
943 2169 1043 2202 nimis
1055 2180 1121 2202 ma·

231 2220 412 2254 nifestum.
439 2219 562 2253 Tertio
586 2218 675 2263 quod
691 2217 892 2254 Cordubensi
907 2218 1052 2253 Ecclesiae
1066 2217 1117 2252 ad-

232 2270 352 2303 scribat
376 2269 606 2302 Provinciam.
635 2268 695 2302 Ista
716 2270 805 2302 enim
831 2268 929 2303 Sedes
939 2280 1116 2311 numquam

233 2319 299 2353 suit
320 2318 600 2362 Metropolitana.
630 2319 672 2351 Et
697 2320 797 2362 gratis
810 2318 923 2352 demus
939 2319 1116 2361 Epistolam

233 2370 302 2403 esse
315 2369 497 2413 legitimam
519 2393 530 2408 ,
555 2369 634 2412 quid
650 2368 723 2402 inde
734 2369 912 2403 educitur?
939 2377 979 2402 eo
998 2378 1116 2411 ternpo-

232 2430 270 2453 re
279 2419 418 2453 necdum
435 2428 524 2452 erant
539 2417 738 2452 Monasteria
753 2442 762 2457 ‚
790 2419 929 2462 ideoque
944 2431 1009 2451 non
1023 2419 1115 2452 Paro-

235 2467 327 2502 chias
345 2467 515 2501 adversum
539 2467 594 2500 illa
619 2493 630 2507 ‚
655 2469 706 2502 sed
727 2469 898 2503 dumtaxat
923 2468 1116 2502 parochiam

235 2517 385 2553 adversus
397 2516 589 2551 Parochiam
603 2518 694 2560 possit
707 2518 762 2552 illa
773 2517 951 2552 defendisse
960 2545 967 2551 .

289 2567 477 2602 Secundum
499 2567 749 2602 fundamentum
763 2568 807 2600 est
820 2567 975 2609 septimus
998 2568 1115 2602 Canon

235 2618 348 2662 primae
371 2615 637 2660 Carthaginenfis
648 2617 774 2659 Synodi
790 2641 797 2650 .
815 2616 1015 2660 Unusquisque
1025 2619 1116 2653 Cleri-

237 2679 288 2702 cus
312 2668 364 2700 vel
380 2670 486 2699 Laicus
509 2677 567 2699 non
593 2673 780 2701 communicet
801 2672 833 2699 in
848 2669 948 2700 aliena
957 2668 1042 2708 plebe
1056 2667 1118 2709 fine

238 2720 361 2751 licentia
380 2714 591 2759 Epiftopisui.
622 2716 820 2760 Respondeo
840 2715 928 2751 hunc
943 2718 1116 2751 Canonem

235 2769 280 2802 ab
291 2767 351 2801 isto
362 2766 522 2809 scriptore
531 2776 708 2809 numquam
720 2767 815 2800 fuisse
830 2768 933 2801 visum
947 2792 957 2808 ,
981 2769 1037 2801 nisi
1050 2769 1113 2802 for-

234 2820 292 2852 san
314 2818 349 2851 in
374 2816 487 2859 aliquo
511 2818 611 2848 Dormi
633 2814 749 2858 lettere.
778 2817 908 2851 Etenim
922 2829 1040 2858 voces,
1064 2819 1115 2851 vel

238 2871 349 2902 Laii-us
369 2891 380 2906 ‚
407 2867 474 2909 ejus
495 2867 656 2910 proposito
676 2866 820 2901 maxime
844 2867 939 2902 utiles
960 2893 971 2908 ,
996 2868 1113 2902 infelix

236 2918 448 2962 praetermisit.
475 2915 612 2951 Interim
635 2927 695 2950 nec
717 2918 861 2962 integer,
894 2929 954 2951 nec
979 2919 1114 2951 mutilus

238 2968 359 3002 Canon
371 2967 437 3010 ejus
450 2968 549 3010 scopo
560 2966 723 3000 ullatenus
732 2968 904 3012 congruit.
933 2968 1015 3011 Agit
1024 2971 1113 3002 enim
1129 2973 1134 3010 l

237 3016 405 3051 adversum
442 3027 596 3061 vagantes
628 3017 692 3050 sine
720 3018 868 3051 formatis
890 3019 937 3052 sui
959 3019 1113 3061 Episcopi

237 3067 351 3100 litteris
375 3067 522 3101 Clericos
544 3068 577 3100 ὅ(
599 3066 717 3100 Laicos
738 3090 748 3105 ‚
773 3070 894 3111 eosque
918 3069 1049 3102 mandat
1072 3067 1115 3102 ab

236 3117 415 3153 alienarum
439 3139 449 3154 ‚
476 3117 516 3150 ad
543 3128 622 3160 quas
646 3117 834 3150 diverterint
859 3144 868 3158 ‚
898 3118 1111 3152 Ecclesiarum

235 3177 291 3199 aut
312 3165 480 3200 Pie-hm
490 3167 657 3210 Episcopis
679 3179 734 3201 aut
757 3167 956 3211 presbyteris
980 3180 1045 3202 non
1058 3168 1113 3201 ad-

234 3216 325 3251 mitti
348 3216 388 3250 ad
403 3215 686 3251 communionem
710 3218 891 3261 integram,
920 3219 972 3252 sed
998 3218 1110 3252 donari

234 3265 302 3300 sola
314 3265 479 3309 peregrina
492 3292 500 3299 .
526 3267 668 3302 Innovat
681 3268 912 3309 Apostolicum
923 3269 962 3301 de
976 3268 1033 3302 isia
1047 3281 1108 3302 rna·

233 3318 313 3350 teria
325 3316 499 3349 Canonem
513 3340 524 3355 ‚
551 3318 606 3359 qui
619 3318 700 3350 olim
712 3318 830 3361 ligavit
845 3343 855 3357 ‚
881 3331 918 3352 ac
929 3319 1109 3352 etiamnum

233 3364 335 3400 hodie
347 3366 427 3410 ligat
440 3366 472 3399 ὅ(
485 3367 707 3401 Monasteria.
736 3368 867 3403 Nam&
882 3367 980 3402 hodie
992 3369 1109 3402 Mona-

233 3415 403 3453 {seriorum
421 3415 558 3449 Praefecti
582 3417 716 3459 ignotos
737 3418 884 3453 Clericos
909 3419 948 3454 ad
961 3418 1110 3453 Ministe-

332 3466 440 3507 Christ·
456 3469 536 3509 Lupi
547 3469 645 3507 Opera
658 3471 769 3502 TnmX
773 3473 795 3501 1.

1130 2860 1133 2870 i

1160 1630 1162 1677 i
1179 1626 1225 1655 Et
1249 1621 1325 1654 nibil
1343 1626 1438 1661 operis
1454 1626 1484 1651 in
1505 1619 1611 1653 die-bui
1619 1619 1836 1661 festisfaciant
1849 1644 1856 1650 .
1884 1619 1962 1661 Etsi
1970 1620 2075 1654 borum

1159 1670 1335 1742 {quisquam
1356 1671 1556 1713 transgressus
1573 1669 1673 1710 fuerit
1688 1670 1793 1709 statim
1820 1671 1995 1709 Presbytero
2021 1683 2075 1704 an-

1178 1728 1339 1755 nuntient.
1369 1721 1487 1753 Clarus
1513 1720 1765 1752 Demonstrator
1787 1719 1926 1753 advertit
1947 1731 2002 1762 per
2015 1721 2076 1754 Ec-

1160 1749 1305 1804 lclefiam
1322 1769 1467 1813 intelligi
1483 1768 1725 1803 Parochialem.
1754 1766 1955 1812 Respondeo
1969 1769 2074 1805 homi-

1180 1832 1255 1855 nem
1278 1821 1431 1860 cespitare
1455 1818 1488 1850 in
1505 1819 1666 1853 tenebris.
1697 1818 1829 1851 Etenim
1845 1820 1937 1853 istam
1951 1821 2074 1854 consti-

1179 1921 1313 1954 inseruit
1338 1920 1429 1952 sexto
1452 1918 1499 1951 sui
1516 1918 1648 1952 Decreti
1673 1918 1780 1958 libro,
1810 1920 1994 1955 &affirmat
2005 1923 2072 1956 esse

1179 1969 1317 2004 Novum
1331 1968 1505 2004 Canonem
1519 1968 1645 2013 Synodi
1662 1970 1918 2014 Rotomagensis
1933 1997 1941 2005 .

1179 2021 1282 2062 ipsum
1305 2020 1338 2052 in
1363 2019 1506 2053 secundo
1532 2019 1574 2052 de
1588 2017 2008 2069 Ecclesiasticis‘disciplinis
2033 2023 2071 2057 li-

1179 2070 1239 2105 bro
1262 2070 1340 2105 facit
1363 2069 1397 2103 &
1426 2069 1564 2102 affirmat
1575 2069 1709 2114 Regino
1723 2067 1838 2103 Abbas
1849 2069 2042 2106 Prumiensis
2061 2096 2070 2106 .

1179 2121 1262 2166 Qo
1287 2119 1402 2154 saeculo
1427 2118 1707 2153 fitcelebrataisla
1724 2118 1900 2163 Synodus,
1927 2122 2067 2166 ignoro:

1178 2171 1212 2204 ἀ
1237 2182 1305 2203 non
1329 2169 1407 2203 facit
1429 2167 1470 2202 ad
1494 2180 1559 2202 rem
1587 2170 1789 2212 pra-sentem.
1816 2169 1981 2205 Existimo
2002 2173 2070 2207 esse

1179 2218 1261 2253 noni
1281 2217 1384 2252 saeculi
1398 2243 1405 2250 .
1435 2218 1484 2251 En
1500 2219 1608 2261 quales
1623 2219 1777 2253 Canones
1805 2219 1910 2254 clarus
1921 2221 2069 2255 Demon-

1178 2269 1293 2303 strator
1317 2266 1516 2302 adscribats.
1535 2267 1758 2302 Eutichiano.
1788 2268 1839 2301 En
1853 2281 1894 2303 ex
1906 2271 1993 2315 quali
2008 2273 2067 2306 Ca-

1177 2331 1264 2354 none
1303 2318 1399 2353 nobis
1430 2317 1627 2352 demonstret
1651 2318 1861 2362 disciplinam
1881 2321 2064 2364 Apostolici

1175 2369 1350 2412 temporis.
1383 2367 1425 2400 Et
1449 2378 1506 2401 cur
1529 2368 1721 2402 Eutichiani
1737 2370 1910 2404 Canonem
1935 2372 2062 2414 postpo-

1176 2421 1237 2453 suit
1260 2419 1369 2462 primae
1396 2417 1645 2461 Carthaginensi
1658 2419 1794 2460 Synodo
1817 2420 1985 2454 celebratae
2008 2433 2062 2463 per

1176 2470 1314 2503 Gratum
1327 2467 1622 2509 Archiepiscopum
1636 2492 1646 2507 ,
1676 2467 1733 2501 sub
1756 2470 1788 2503 S.
1801 2468 1878 2511 Julii
1894 2469 2020 2513 Papatu
2046 2473 2059 2504 ?

1177 2519 1328 2552 Autumo
1360 2517 1448 2560 quod
1478 2517 1570 2550 illum
1593 2518 1754 2551 censuerit
1783 2517 1842 2552 hac
1866 2519 2027 2562 juniorem
2050 2546 2058 2554 .

1177 2569 1273 2603 Adeo
1294 2568 1339 2602 est
1362 2567 1483 2610 peritus
1506 2577 1710 2610 temporum.
1741 2568 1782 2602 Et
1808 2570 1926 2603 Canon
1941 2594 1951 2610 ,
1980 2570 2059 2605 licet

1174 2616 1411 2652 S.Eutichiani
1434 2617 1535 2656 esset,
1562 2618 1642 2661 quid
1666 2616 1765 2651 edicit
1781 2618 1953 2654 adversum
1967 2620 2058 2655 Con-

1176 2673 1290 2704 ciones
1312 2668 1347 2701 in
1370 2668 1604 2701 monasteriis?

1224 2720 1391 2762 Quartum
1412 2716 1479 2759 ejus
1503 2716 1754 2752 fundamentum
1768 2720 1841 2753 sunt
1855 2719 2054 2763 Apostolicae

1177 2763 1441 2802 Constitutiones
1466 2766 1608 2802 colleostae
1631 2780 1684 2811 per
1705 2769 1733 2801 S.
1759 2769 1962 2803 Clementem
1987 2769 2054 2803 Ro-

1175 2869 1289 2902 dicunt
1310 2867 1350 2902 ad
1372 2867 1589 2910 Episcopum:
1619 2866 1780 2909 Epist-ope,
1799 2866 1873 2908 jube
1892 2869 2052 2903 &hortare

1174 2920 1313 2960 populum
1338 2943 1347 2958 ,
1374 2916 1532 2956 Ecclesiam
1551 2917 1750 2959 frequentare
1773 2930 1859 2951 mane
1878 2931 1912 2952 ac
1933 2919 2052 2962 vespere

1174 2970 1301 3011 quotidie
1313 2993 1319 2999 .
1348 2969 1456 3000 Vericm
1468 2974 1500 2999 in
1512 2970 1558 2999 die
1570 2972 1718 2999 Dominico
1729 2969 1900 3011 diligentius
1912 2976 2050 3003 convent·

1171 3027 1213 3051 te.
1242 3022 1328 3050 Nam
1349 3029 1439 3059 quam
1460 3015 1675 3059 excusationem
1695 3017 1816 3058 adferre
1835 3020 1926 3060 potest
1950 3023 2012 3053 Deo
2036 3045 2049 3061 ,

1173 3074 1223 3111 qui
1245 3068 1300 3101 hac
1320 3068 1368 3100 die
1390 3080 1446 3100 non
1464 3074 1602 3099 convenit
1623 3069 1667 3099 ad
1686 3070 1867 3102 audiendum
1885 3067 2048 3111 salutarem

1172 3120 1209 3152 de
1240 3116 1458 3161 Resurrefi'ione
1475 3115 1636 3159 sermonem
1659 3118 1675 3148 ?
1704 3117 1901 3161 Respondeo
1923 3121 2046 3153 clarum

1173 3168 1474 3202 Demonstratorem
1498 3166 1551 3200 hic
1576 3168 1660 3200 varie
1683 3167 1766 3201 labi.
1795 3167 1928 3209 Primo,
1955 3169 2044 3210 quod

1173 3218 1246 3252 istas
1269 3217 1530 3251 Constitutiones
1541 3219 1646 3251 eredat
1663 3218 1729 3251 esse
1741 3219 1891 3253 veraciter
1906 3219 2045 3260 Aposto-

1173 3268 1250 3302 licas
1274 3293 1284 3308 ‚
1311 3269 1343 3300 ὅ(
1364 3267 1498 3308 ipsarum
1525 3265 1738 3302 Colleetorem
1756 3268 1850 3303 fuisse
1871 3270 1899 3301 S.
1924 3267 2044 3308 Papam

1171 3318 1393 3354 Clementem.
1423 3317 1477 3349 Est
1490 3327 1570 3359 opus
1581 3318 1686 3361 quarti
1701 3318 1805 3351 saeculi
1816 3330 1831 3358 ;
1843 3319 1875 3351 ὅ(
1889 3318 2045 3351 infestum

1173 3368 1349 3402 manifestis
1358 3365 1514 3399 erroribus
1527 3390 1534 3398 .
1563 3366 1609 3401 At
1622 3368 1724 3401 clarus
1736 3367 2045 3402 Demonstratorne-

1171 3418 1230 3453 scit
1264 3415 1463 3461 distinguere
1495 3416 1639 3452 triticum
1661 3417 1678 3450 a
1701 3416 1788 3460 palea
1810 3429 1821 3449 .-
1859 3418 1972 3451 omnia
1996 3418 2045 3451 illi

1546 3467 1698 3516 Aa3

1153 2808 1332 3454 Ῐῐτηηυω,
1361 2819 1392 2851 in
1415 2817 1532 2861 quibus
1558 2818 1588 2851 S.
1612 2817 1785 2851 Matthaeus
1807 2831 1844 2852 ac
1867 2820 1896 2852 S.
1913 2820 2053 2862 Joannes

1896 3478 1997 3510 arqua-

1179 1872 1342 1906 tutionem
1360 1869 1389 1902 S.
1403 1869 1465 1912 Jvo
1492 1868 1700 1903 Carnutenfis
1716 1868 1894 1912 Episcopus
1910 1871 2072 1916 integram
2089 1857 2149 1893 αἶ·
2162 1869 2239 1907 310.

1967 1972 2068 2019 (ζοοἀ
2088 1985 2146 2020 Ca.
2150 1993 2231 2032 390.
