2366 3736
625 103 692 135 ne
730 89 938 135 sienis
974 88 1533 139 Paocassroulnus.

204 179 259 206 eas
270 174 373 207 obeunt
384 197 394 213 ,
420 173 599 207 tneortitium
611 172 760 219 accensum
771 178 804 208 In
814 172 955 207 manibus
965 196 975 212 ‚
986 179 1082 215 capite

204 233 330 267 aperto,
348 221 477 263 ferant.
506 225 679 266 capitulum
702 231 799 258 autem
819 225 1086 265 decenttmagnitu-

206 276 278 308 dlne
288 274 510 313 &craffitudine
527 273 635 308 babeat
645 297 656 313 ‚
682 282 750 314 quot
760 278 971 306 Canonicorum
992 284 1090 310 nume·

207 334 241 356 ro
247 320 325 365 satis
333 321 392 364 sint
406 348 413 355 .
439 324 555 366 Reliqui
567 321 660 356 chori
671 323 803 362 Mlnistrl
811 333 900 357 certor
910 327 981 357 item
992 333 1090 358 accen—

203 370 254 416 sos
265 371 395 406 babeant
405 396 417 413 ,
442 371 542 415 cosque
551 371 693 412 informa
703 378 907 407 convenienti.
936 371 990 404 Ad
1006 373 1088 408 istud

207 423 314 464 ipsum
338 421 534 457 inducantur
543 432 659 456 omnes
670 422 781 458 idonei
795 422 886 457 Laici
899 446 906 455 .
934 419 1090 456 Sanfflffi-

207 483 279 505 mus
302 471 448 507 antistes
471 471 504 504 in
518 470 575 505 ista
587 471 724 514 Synodo
740 472 910 515 praescribit
924 470 1013 512 plura
1027 473 1090 516 pie·

207 523 284 556 tatis
297 523 403 557 officia
416 545 426 561 ,
447 532 500 563 per
512 533 580 565 quae
592 524 682 557 sacrae
693 534 769 556 cum
782 520 972 557 Venerabili
985 523 1087 555 Sacra.

207 582 323 607 mento
346 571 555 614 proceffiones
581 572 720 607 evadant
739 571 948 607 devotissima:
973 582 1009 605 ac
1020 573 1088 606 fru-

205 621 423 657 fluosiffimae.

259 671 408 705 Secunda
428 671 569 716 ejusdem
591 671 744 713 Synodus
761 670 856 706 habet
868 669 1000 707 &aliud
1014 671 1091 705 salu-

207 730 275 755 tate
287 719 462 756 Decretum
476 734 482 753 :
507 732 573 753 cum
585 721 763 755 Chriliianae
773 728 901 762 pletatis
925 727 1035 755 rationi
1055 723 1090 755 il-

206 771 263 805 lud
285 771 412 803 alienum
427 770 466 811 fit
486 773 530 803 ad
540 781 675 803 ornatum
693 773 867 812 templorum
887 771 1024 804 adbiberi
1035 782 1069 803 ea
1083 796 1092 811 ‚

205 832 272 863 quae
288 832 343 852 non
358 823 442 855 modo
454 823 632 865 Religionem
645 833 702 853 non
714 828 847 855 excitant
856 843 866 858 ‚
887 819 944 862 sed
956 830 1011 862 per
1025 831 1090 862 quae

206 876 388 903 intuentium
408 882 521 907 mentes
534 871 631 915 facile
640 873 751 904 cadum
763 878 796 902 tn
809 870 917 911 foedus
939 869 1093 914 turpesque

206 926 394 964 cogitationes
408 945 419 960 ,
441 924 599 963 propterea
624 931 660 952 ne
681 926 750 961 quis
762 922 806 951 ad
816 932 850 952 ca
863 922 999 952 ornanda
1013 922 1092 962 perl-

204 970 354 1011 stromatt’s
378 969 531 1013 Auletsque
540 978 645 1005 uratur
659 992 670 1007 ,
697 981 764 1011 quae
776 968 912 1012 ohscoem's
932 970 1039 1012 figuris
1050 976 1093 1002 in-

207 1029 295 1053 texta
301 1019 325 1063 s
321 1028 374 1054 unt
386 1044 397 1060 ,
421 1024 511 1064 neque
525 1025 596 1052 item
604 1018 702 1059 pravas
714 1023 862 1064 Imagines
873 1021 906 1054 ἐτ’
911 1019 952 1063 fig
959 1032 997 1053 na
1009 1020 1093 1052 adhi·

207 1070 299 1103 beant
311 1092 321 1107 ,
346 1081 414 1111 quae
427 1069 479 1103 vel
490 1069 683 1102 Etbnicorum
697 1068 846 1102 bominum
859 1094 868 1108 ‚
896 1071 947 1103 vel
967 1071 1093 1103 aliarum

207 1130 303 1153 rerum
321 1117 539 1160 locisanc‘litati
555 1125 798 1163 repugnantium,
821 1119 956 1161 formam
984 1121 1017 1153 <5
1029 1118 1094 1162 spe-

208 1175 279 1203 ciem
295 1177 363 1209 prae
380 1167 413 1211 se
426 1168 535 1212 ferant
548 1193 555 1200 .
583 1173 619 1200 In
640 1175 718 1200 omni
738 1170 888 1213 praetereci
908 1168 1094 1210 publicarum

209 1219 461 1260 Supplicationum
480 1228 533 1251 aut
551 1220 751 1259 processionum
763 1228 915 1260 apparatu
930 1242 940 1257 ,
965 1219 1094 1261 quae‘ob-

205 1267 374 1314 fhoenarum
386 1279 483 1301 rerum
492 1267 616 1311 speciem
627 1268 779 1307 ostendunt
793 1294 802 1307 ‚
817 1282 852 1302 ea
863 1281 918 1301 non
929 1269 1094 1301 adhibean-

210 1329 262 1352 tur
277 1339 284 1348 -
308 1319 350 1351 Et
373 1320 405 1351 in
430 1318 579 1353 Ecclefiis
592 1320 623 1352 ὅ(
639 1319 671 1351 in
686 1319 941 1362 proceffionibus
962 1318 1097 1352 subinde

211 1369 360 1403 videmus
381 1370 502 1410 exponi
516 1380 621 1402 textas
635 1380 690 1402 aut
703 1368 798 1412 pistas
813 1369 998 1404 Gentilium
1011 1370 1097 1404 Deo-

212 1430 284 1451 rum
307 1429 344 1452 ac
355 1419 621 1459 Sacrificiorum,
648 1420 726 1453 item
747 1418 990 1462 prophanorum
1008 1418 1098 1451 mili·-

212 1478 283 1502 tum
305 1479 343 1502 ac
356 1467 513 1502 bellorum
529 1468 689 1512 Imagines
702 1493 709 1497 -
736 1469 846 1502 Etiam
869 1469 953 1502 circa
967 1468 1078 1502 Altare
1089 1493 1099 1507 ,

211 1518 246 1552 in
259 1530 326 1561 quo
337 1519 381 1553 est
395 1519 499 1560 ipsum
513 1518 748 1551 sanctissimum
761 1542 768 1549 .
797 1518 878 1553 Haec
889 1521 1034 1554 amoveri
1049 1518 1099 1551 de·

212 1568 314 1610 bent,
342 1579 410 1602 non
425 1568 514 1603 sacrae
531 1570 692 1611 Reliquiae
706 1593 714 1608 ,
728 1579 782 1601 aut
796 1568 978 1611 Imagines:
1008 1567 1065 1600 issa
1091 1589 1101 1607 ,

213 1629 282 1652 non
297 1618 363 1653 haec
378 1619 505 1653 amotio
518 1620 634 1662 {pestat
646 1618 686 1651 ad
700 1618 847 1652 officium
863 1618 1014 1662 Episcopi
1030 1642 1039 1652 .

263 1668 478 1711 Apostolicus
491 1669 609 1702 Canon
621 1666 664 1700 de
677 1679 744 1700 non
756 1667 969 1700 enuntiandis
982 1665 1096 1698 nostris

212 1718 575 1760 Mysteriis'etiamnum
594 1713 734 1751 omnino
753 1714 898 1758 obligat.
930 1716 1040 1763 Quare
1053 1715 1091 1748 Sa

211 1768 414 1802 crosanstum
433 1764 642 1799 Eucharistiae
659 1766 903 1798 Sacramentum
927 1765 1102 1805 producere

213 1825 421 1859 nequaquam
442 1815 605 1857 postumus
626 1812 666 1845 ad
691 1811 806 1845 oculos
818 1813 850 1847 δε
863 1822 954 1846 aures
965 1811 1101 1855 propha-

215 1875 333 1900 norum
358 1863 533 1898 hominum
556 1887 564 1894 .
591 1861 767 1896 Praesertim
790 1862 972 1906 Judaeorum
994 1887 1004 1901 ‚
1044 1862 1099 1905 qui

214 1914 299 1949 istud
329 1914 482 1947 Sanstum
494 1911 715 1956 blasphemare
727 1922 793 1945 non
806 1912 925 1945 cessant
938 1936 948 1951 ,
974 1911 1008 1944 &
1033 1913 1101 1945 sce-

214 1962 399 1999 leratiffime
410 1965 544 1997 tractare
555 1987 563 1994 .
590 1962 699 2007 Quare
713 1961 860 1995 Ecclesia:
871 1986 880 2000 ,
909 1973 978 2004 quae
1001 1963 1033 1995 in
1048 1962 1100 1994 sua

215 2014 379 2053 Civitate‚
389 2013 530 2057 Oppidis
543 2037 553 2052 ,
565 2012 613 2045 vel
630 2012 727 2055 Pagis
741 2011 865 2055 Judaeos
874 2010 992 2045 habent
1004 2037 1014 2052 ,
1024 2010 1102 2045 obli·

214 2074 335 2110 gantur
355 2063 440 2106 ipsos
462 2063 503 2097 ab
525 2062 590 2097 istis
604 2061 886 2102 processionibus,
916 2063 1060 2108 itemque
1086 2062 1102 2097 ὲ

214 2114 396 2149 nostrarum
421 2113 628 2147 Basilicarum
649 2112 790 2156 ingressu
803 2112 945 2147 omnino
957 2110 1103 2156 prohibe-

215 2176 268 2199 re.
296 2162 520 2206 Disciplinatae
544 2161 690 2198 Ecclefiae
712 2162 810 2201 illos,
837 2161 915 2195 dum
935 2161 1014 2196 tales
1025 2162 1103 2205 Sup-

216 2214 412 2259 plicationes
424 2213 507 2248 fiunt
518 2235 528 2251 ‚
555 2211 659 2246 solent
672 2213 705 2245 in
717 2211 779 2245 suis
795 2210 959 2246 Domibus
970 2212 1102 2246 conclu-

217 2266 313 2299 dere.
341 2262 443 2310 Qod
469 2263 574 2305 ipsum
596 2261 665 2295 fieri
677 2261 805 2296 deberet
817 2262 857 2295 de
879 2261 1068 2296 Calvinistis
1096 2286 1103 2295 .

217 2315 351 2349 Horum
363 2313 452 2347 enim
467 2312 500 2344 in
512 2313 755 2346 Sacrosanc'tum
768 2312 1013 2346 Sacramentum
1037 2323 1104 2355 per-

217 2363 295 2399 fidia
317 2371 414 2406 atque
429 2359 629 2404 blasphemia
652 2361 851 2397 transcendit
864 2373 998 2395 omnem
1011 2361 1104 2395 coeci·

218 2424 319 2448 tatem
333 2423 370 2445 ac
383 2411 584 2454 impietatem
593 2410 774 2453 Iudaicam.
785 2410 822 2443 In
835 2411 942 2446 flente
951 2410 1105 2444 Christia-

219 2463 253 2497 ni
268 2486 279 2502 ,
304 2462 337 2495 in
352 2460 450 2499 corde
460 2461 533 2494 sunt
545 2461 711 2504 plusquam
727 2460 871 2505 Pagani.
906 2461 946 2494 Et
967 2460 1045 2494 hinc
1070 2461 1102 2493 in

219 2511 287 2547 istis
299 2508 499 2546 Civitatibus
513 2533 524 2549 ,
535 2521 672 2553 quarum
686 2511 740 2553 ipsi
753 2511 973 2543 Praefeuuram
987 2522 1023 2543 ac
1037 2510 1104 2542 Do-

218 2562 381 2597 minarum
394 2558 512 2594 habent
525 2582 536 2598 ,
565 2559 694 2593 forsitan
717 2559 867 2601 expediet
879 2557 1029 2592 abstineri
1042 2558 1059 2590 a
1072 2560 1105 2591 si-

219 2612 353 2646 milibus
381 2608 667 2644 Processionibus.
696 2609 792 2642 Certe
814 2608 932 2642 Clerici
948 2607 995 2641 illi
1011 2632 1020 2647 ,
1049 2610 1104 2650 qui

220 2660 401 2696 istiusmodi
415 2659 582 2694 Praefec‘tos
596 2668 655 2692 aut
665 2658 747 2693 alios
760 2658 901 2692 Nobiles
914 2658 1055 2692 invitant
1067 2660 1105 2693 ad

220 2714 290 2747 suas
302 2709 525 2745 Processiones
536 2719 589 2743 aut
603 2708 756 2743 sacrificia
769 2733 780 2751 ,
808 2706 946 2753 indigne
968 2709 1107 2752 praevari·

219 2772 335 2797 cantur
350 2786 358 2793 .

432 2807 708 2845 CAPUT
783 2807 909 2843 VIII.

221 2916 269 2946 An
287 2910 383 2954 sacrae
403 2912 548 2952 Reliquiae
568 2918 621 2941 aut
635 2913 784 2952 Imagines
791 2908 882 2950 fimul
889 2920 951 2943 cum
959 2907 1107 2952 sacrosan-

271 2962 315 2996 Ho
337 2964 356 2997 5
358 2970 525 2995 aeramento
548 2959 624 2994 rec‘le
636 2967 818 3001 exponantur
828 2966 861 2992 tn
874 2961 973 2993 eodem
988 2962 1081 2993 Altari
1091 2961 1107 2992 ,ἒ

316 3060 416 3103 Liqui
430 3070 551 3106 negant
563 3085 571 3094 .
599 3058 648 3099 At,
658 3069 782 3093 certum
794 3058 837 3092 est
861 3058 1007 3092 deviare.
1037 3060 1106 3093 Ete-

344 3109 411 3143 nim
424 3123 498 3146 cum
512 3110 709 3145 sacrosancto
720 3112 931 3144 sacramento
948 3110 1050 3143 adesse
1074 3111 1106 3142 in

222 3160 331 3194 Altari
360 3161 478 3203 semper
489 3161 583 3194 debet
599 3160 713 3205 Imago
726 3161 753 3194 S.
770 3159 886 3192 Crucis
899 3173 909 3192 .·
936 3158 1001 3192 fine
1015 3159 1107 3202 ipsius

223 3209 387 3255 praesentia
410 3211 522 3254 nequit
533 3211 641 3245 offerri
654 3209 875 3246 Sacrificium.
904 3209 1035 3252 Insuper
1053 3210 1106 3241 Al-

222 3261 303 3295 taria
316 3285 325 3300 ‚
354 3271 424 3301 quae
436 3259 550 3302 pictam
574 3271 629 3294 aut
645 3260 800 3303 sculptam
815 3259 1004 3293 Sanctorum
1018 3259 1107 3293 tabu-

222 3311 290 3344 lam
306 3320 370 3343 non
388 3308 552 3344 habebant
565 3333 576 3349 ,
603 3311 691 3344 nulla
705 3311 779 3343 sunt
794 3321 846 3352 per
860 3319 992 3343 omnem
1009 3310 1109 3341 Euro-

183 3361 197 3366 ”
222 3372 297 3402 pam
312 3385 322 3400 ,
348 3370 402 3393 aut
414 3370 498 3393 certe
513 3359 688 3393 rarissima.
719 3361 827 3394 Etiam
841 3360 907 3393 sine
919 3360 1106 3393 Sanctorum

221 3410 403 3454 Reliquus,
431 3408 558 3444 nullum
570 3408 669 3454 possit
684 3413 747 3446 effe
763 3410 872 3445 Altare
882 3433 893 3451 ,
921 3420 981 3445 nec
1000 3410 1107 3446 offerri

1890 111 1982 159 355

1144 173 1364 209 Sacrificium.
1393 176 1469 210 Sine
1492 175 1561 212 istis
1583 175 1751 220 nequeunt
1774 173 1899 214 Altaria
1910 182 2043 217 conse-⁷

1146 225 1224 258 erari
1239 248 1246 255 .
1275 224 1359 275 Qae
1379 223 1445 262 illis
1464 236 1574 261 carent
1587 250 1597 265 ,
1627 237 1694 260 non
1707 227 1781 261 sunt
1794 226 1918 262 Altaria
1932 254 1943 269 ,
1969 230 2021 265 sed

1147 274 1263 308 mensae
1274 285 1465 310 communes
1478 301 1485 310 .
1514 277 1555 310 Et
1567 286 1602 309 ut
1614 276 1646 309 in
1660 276 1716 310 tali
1731 276 1838 311 mensa
1848 278 1998 313 offeratur
2013 303 2026 322 ‚

1150 334 1209 357 nos
1230 323 1341 358 Latini
1357 325 1469 358 Altare
1478 326 1627 368 portatile
1638 349 1647 363 ,
1658 327 1763 360 Graeci
1777 324 1892 360 habere
1903 327 2023 362 debent

1151 373 1411 408 Antimenfium.
1442 376 1484 408 Et
1506 377 1585 409 dum
1599 375 1785 415 offerimus,
1812 387 1921 419 praeter
1949 376 2024 413 istas

1150 424 1239 459 sacro
1263 421 1384 458 Altaris
1407 425 1577 466 sepulchro
1593 425 1731 460 inclusas
1748 426 1935 468 Reliquias,
1961 427 2026 472 pas-

1149 473 1205 506 sim
1229 471 1434 516 adjungimus
1452 474 1578 515 publice
1589 474 1683 509 alias.
1715 474 1821 510 Etiam
1834 477 2027 512 Sandtorum

1151 523 1310 566 Imagines
1334 546 1340 554 .
1379 521 1535 557 Proxime
1567 525 1674 567 elapso
1701 523 1909 559 Pentecosses
1929 526 2027 559 Festo

1152 573 1357 607 Beatissimus
1368 570 1461 605 Pater
1474 573 1579 608 noster
1591 575 1805 608 Innocentius
1823 575 1854 608 X
1867 575 1890 611 Ι.
1921 574 2030 618 publi-

1151 633 1201 656 cas
1221 626 1327 664 preces
1353 621 1508 658 Romano
1531 621 1629 655 Clero
1649 634 1685 656 ac
1708 623 1970 667 Populoindixit
1993 626 2028 658 in

1152 671 1312 706 Vaticana
1335 671 1471 707 Basilica
1485 696 1493 703 .
1526 672 1567 706 Et
1579 672 1611 704 in
1624 672 1745 707 summa
1758 673 1823 706 Ara
1838 675 1925 717 supra
1938 674 2028 707 Prin·

1150 723 1261 764 cipum
1285 721 1518 764 Apostolorum
1532 722 1681 764 Corpora
1702 723 1874 757 celebravit
1895 722 2027 757 Missam

1153 771 1315 815 publicam
1337 796 1344 805 .
1376 771 1417 804 Et
1440 773 1673 807 sacrosanctum
1699 772 1939 806 Sacramentum
1962 783 2031 807 erat

1152 821 1332 864 expositum
1353 846 1359 852 .
1390 822 1438 855 At
1463 833 1539 856 vero
1564 821 1666 857 stabat
1686 821 1773 857 inter
1793 820 1964 857 duodecim
1987 832 2031 856 ar·

1151 882 1284 916 genteas
1305 871 1420 904 statuas
1442 872 1633 907 Samiorum
1659 871 1910 914 Apostolorum·
1938 871 2032 905 Anti-

1153 933 1215 966 qua
1240 921 1410 963 disciplina
1430 922 1621 958 Sanctorum
1644 921 1807 967 Imagines
1819 922 1901 955 adeo
1915 920 2032 954 dilexit

1153 971 1286 1014 adjungi
1299 970 1518 1004 Sacratissimo
1533 971 1714 1014 Mysterio,
1742 982 1776 1005 ut
1789 971 1893 1014 plures
1904 971 1935 1004 ὃ(
1950 971 2034 1007 Grae-

1152 1030 1262 1055 corum
1274 1021 1306 1056 &
1318 1020 1512 1055 Latinorum
1530 1021 1672 1055 Ecclefiae
1684 1022 1786 1062 ipsum
1804 1023 1895 1064 supra
1909 1021 2034 1054 Altaria

1157 1069 1380 1112 suspenderint
1411 1071 1444 1104 in
1476 1082 1571 1104 aurea
1599 1072 1649 1103 vel
1672 1082 1822 1115 argentea
1843 1070 1997 1104 columba
2023 1092 2033 1112 ‚

1156 1120 1297 1164 symboli
1317 1120 1514 1164 ablmagine
1526 1121 1662 1163 Spiritus
1671 1123 1700 1154 S.
1717 1122 1757 1154 Et
1767 1120 1905 1156 secunda
1918 1120 2033 1156 Turo-

1159 1171 1261 1203 nensis
1284 1170 1435 1212 Synodus
1448 1172 1573 1204 sanxit:
1600 1174 1638 1203 Ut
1649 1175 1764 1212 Corpus
1790 1172 1909 1203 Domini
1930 1176 1962 1202 in
1986 1171 2034 1204 al·
2051 1155 2130 1201 Gap·
2144 1152 2179 1192 τ’

1158 1225 1218 1253 tari
1231 1244 1242 1260 ,
1269 1231 1326 1252 non
1348 1225 1380 1251 in
1391 1223 1571 1266 Imaginario
1593 1222 1712 1261 ordine,
1733 1219 1791 1263 sed
1803 1218 1862 1262 sub
1879 1223 1981 1252 Crucis
1993 1226 2032 1255 ti-

1158 1271 1217 1303 tulo
1235 1277 1440 1312 componatur.
1469 1270 1608 1303 Mandat
1621 1272 1723 1314 ipsum
1740 1282 1805 1303 non
1821 1270 1854 1302 in
1866 1271 2038 1304 communi

1161 1322 1317 1354 sacrarum
1330 1320 1515 1364 Imaginum
1527 1321 1641 1354 ordine
1653 1344 1664 1359 ,
1693 1320 1745 1354 sed
1763 1319 1917 1352 collocari
1932 1320 1965 1351 in
1980 1319 2038 1352 fin-

1161 1370 1264 1414 gulari
1276 1380 1313 1402 ac
1323 1370 1517 1415 dignissimo
1529 1370 1621 1403 loco:
1647 1369 1684 1402 In
1700 1370 1767 1412 ipso
1781 1368 1902 1406 Altaris
1915 1367 2040 1408 medio,

1163 1420 1220 1453 sub
1241 1418 1340 1453 titulo
1350 1420 1469 1454 Sant'iae
1481 1419 1617 1453 Crucis.
1646 1419 1758 1453 Palam
1773 1418 1924 1462 supponit
1947 1419 2041 1454 simul

1163 1481 1238 1503 cum
1258 1470 1329 1513 ipso
1350 1468 1443 1502 fuisse
1464 1470 1497 1503 in
1517 1470 1633 1503 eodem
1662 1468 1766 1502 Altari
1793 1470 1894 1503 sacras
1924 1467 2044 1512 Imagi-

1165 1531 1220 1552 nes
1243 1541 1251 1550 .
1290 1519 1452 1560 Supponit
1482 1520 1568 1561 apud
1591 1519 1744 1562 quasdam
1769 1517 1926 1552 Ecclesias
1949 1518 2042 1552 fuisse

1168 1570 1201 1602 in
1224 1567 1423 1611 Imaginatio
1443 1567 1560 1601 ordine
1582 1590 1592 1605 ,
1619 1569 1672 1599 seu
1700 1568 1784 1600 inter
1806 1568 1908 1600 sacras
1926 1567 2046 1610 imagi-

1167 1629 1239 1650 nes.
1266 1617 1310 1650 Et
1321 1615 1410 1650 hunc
1424 1613 1560 1649 abusum
1574 1615 1691 1649 merito
1702 1615 1864 1657 improbat
1877 1627 1914 1648 ac
1924 1615 2044 1651 abolet.

1167 1667 1228 1699 Ista
1247 1667 1404 1699 sacrarum
1419 1666 1604 1707 Imaginum
1620 1688 1630 1703 ‚
1656 1675 1693 1696 ac
1704 1665 1872 1704 praesertim
1888 1666 2046 1700 sacrarum

1167 1715 1391 1756 Reliquiarum
1422 1713 1507 1755 apud
1541 1712 1781 1745 sanstissimum
1801 1713 1978 1747 collocatio
1997 1715 2045 1751 est

1165 1763 1390 1805 antiquissima
1412 1762 1616 1795 consuetudo
1636 1763 1787 1795 omnium
1811 1763 2044 1797 Ecclefiarum.

1167 1814 1314 1848 Eandem
1345 1812 1446 1847 hodie
1469 1811 1604 1858 probant
1628 1812 1777 1847 Rubricae
1800 1813 1944 1848 Romani
1966 1811 2045 1849 Mis·

1166 1864 1238 1899 salis
1250 1887 1257 1897 .

1215 1913 1401 1948 Audiamus
1428 1912 1698 1946 Adversariorum
1720 1922 1910 1955 argumenta
1933 1936 1940 1943 .
1970 1912 2046 1946 Pri-

1166 1975 1255 1999 mum
1267 1963 1333 1997 est:
1363 1962 1562 2004 Superioribus
1578 1961 1694 2004 saeculis
1714 1960 1825 2005 solebat
1845 1962 1896 2004 effe
1907 1968 1939 1994 in
1951 1967 2044 1995 omni-

1166 2016 1220 2047 bus
1241 2016 1270 2045 E
1277 2011 1376 2054 cclefic's
1399 2023 1462 2046 tam
1482 2017 1612 2051 innixa,
1636 2011 1848 2054 profundaque
1861 2018 2044 2053 reverentia,

1165 2074 1199 2100 ut
1219 2069 1252 2096 in
1273 2076 1305 2097 eo
1317 2064 1434 2102 altari,
1462 2063 1512 2096 ubi
1533 2064 1569 2094 de
1581 2063 1738 2095 Ordinarii
1760 2060 1892 2104 consensu
1911 2062 1988 2094 illud
1999 2069 2044 2095 vl·

1165 2115 1291 2148 debatur
1313 2112 1471 2155 expositum
1482 2114 1632 2145 Fidelium
1647 2118 1852 2150 venerationi,
1878 2124 1935 2144 non
1947 2113 2047 2146 liceret

1165 2165 1308 2199 celebrare
1318 2165 1436 2196 sacrum
1451 2163 1540 2205 Miffae
1551 2162 1731 2201 sacra-ficium
1741 2187 1748 2193 .
1781 2161 1822 2196 Et
1836 2161 1979 2195 maxime
1991 2162 2042 2194 de-

1167 2226 1243 2249 cens
1255 2214 1299 2247 est
1313 2237 1323 2253 ,
1350 2218 1394 2245 ait
1412 2213 1611 2245 Ceremoniale
1622 2210 1832 2254 Episcoporum
1845 2235 1855 2250 ,
1882 2221 1917 2244 ut
1940 2211 1972 2243 in
1989 2210 2048 2242 Al-

1167 2265 1227 2299 tati
1240 2288 1250 2303 ,
1276 2263 1331 2298 ubi
1341 2263 1582 2297 sanctissimum
1598 2263 1841 2294 Sacramentum
1853 2261 1898 2294 est
1912 2284 1922 2299 ‚
1944 2260 2049 2296 Miffae

1169 2326 1237 2349 non
1261 2313 1463 2347 celebrentur
1482 2336 1489 2343 .
1520 2311 1622 2357 Qiod
1643 2311 1823 2352 antiquitus
1846 2309 2047 2343 observatum

1168 2365 1230 2397 effe
1248 2362 1427 2396 credimus.
1462 2365 1504 2393 Er
1518 2361 1607 2400 hujus
1618 2362 1733 2401 quidem
1743 2365 1876 2400 antiquae
1887 2356 1940 2399 obs
1937 2370 2049 2391 ervan·

1169 2420 1221 2447 tiae
1239 2424 1273 2445 ea
1296 2410 1470 2454 quibusdam
1493 2409 1721 2453 Religiofioribus
1743 2407 1934 2446 Eucharistiae
1946 2410 2048 2441 Culto-

1169 2463 1250 2495 ribus
1273 2464 1395 2494 videtur
1411 2458 1549 2501 subfuisse
1572 2465 1668 2498 ratio,
1698 2460 1777 2498 quod
1798 2460 1875 2490 alius
1895 2457 1930 2497 fit
1955 2457 2045 2489 Chri-

1166 2511 1205 2551 sti
1224 2511 1318 2552 status
1337 2517 1369 2542 in
1382 2510 1472 2549 Missae
1495 2509 1662 2550 sacrificio,
1687 2508 1765 2539 alius
1789 2519 1859 2540 vero
1873 2509 1984 2539 damin
1999 2508 2045 2540 Al-

1172 2568 1231 2594 tari
1252 2571 1316 2593 cum
1343 2561 1529 2592 5olemnitate
1543 2559 1659 2600 publeci
1676 2563 1832 2598 exponitur
1853 2559 2023 2590 adorandus
2039 2580 2048 2588 .

1173 2612 1225 2652 Iste
1238 2609 1319 2654 quasi
1326 2610 1541 2643 humiliationis
1562 2619 1597 2642 ac
1607 2612 1706 2640 mortis
1720 2632 1729 2647 ‚
1754 2606 1800 2639 bic
1811 2618 1880 2639 vero
1892 2608 2049 2640 exaltatio-

1173 2668 1221 2695 nis
1230 2662 1378 2704 acgloriae.
1389 2661 1485 2699 Cujus
1499 2657 1679 2699 diverfitans
1692 2657 1921 2694 meditatio,cum
1932 2665 2004 2688 nata
2010 2655 2048 2696 fit

1173 2719 1297 2745 mentem
1319 2716 1350 2742 in
1372 2707 1493 2750 diversa
1517 2707 1697 2745 distrahere,
1723 2705 1890 2747 censuerunt
1915 2708 2047 2745 Majores

1173 2761 1258 2801 nostri
1279 2761 1394 2802 Missam
1415 2766 1447 2791 in
1470 2770 1500 2790 eo
1510 2759 1605 2790 Altam·
1629 2769 1684 2789 non
1705 2756 1756 2797 effe
1776 2755 2046 2795 celebrandam,1·n

1173 2822 1225 2854 quo
1247 2809 1354 2849 Christi
1379 2810 1530 2842 Fidelt‘um
1551 2810 1718 2840 adorationi·
1736 2804 1892 2845 expofitum
1916 2814 1980 2836 erat
1991 2808 2047 2838 Ve-

1174 2861 1300 2894 nerabile
1312 2862 1535 2893 sacramentum
1547 2881 1557 2896 ‚
1582 2867 1644 2888 cum
1662 2856 1794 2896 quadam
1815 2855 1900 2896 quasi
1915 2854 2045 2894 Coelestls

1167 2912 1269 2954 gloriae
1291 2910 1514 2942 adumbratione
1528 2931 1536 2945 ,
1563 2912 1594 2938 in
1605 2916 1691 2947 quam
1703 2906 1800 2937 eodem
1810 2906 1939 2938 totaliter
1949 2903 2046 2949 absor-

1169 2963 1230 2995 beri
1241 2963 1331 3002 qua‘m
1343 2961 1474 2992 maxime
1485 2957 1521 2996 est
1532 2961 1707 2990 conveniens
1718 2978 1726 2988 .

1221 3009 1417 3053 Respondeo
1438 3007 1502 3040 hoc
1526 3006 1766 3049 Argumentum
1791 3004 1855 3037 esse
1867 3003 2044 3037 mixturam

1170 3061 1248 3093 varii
1277 3060 1409 3093 erroris.
1438 3056 1627 3098 Antequam
1648 3055 1679 3087 id
1706 3054 1924 3088 demonstrem
1947 3077 1958 3094 ,
1992 3053 2045 3087 ad-

1170 3121 1261 3144 verto
1282 3107 1463 3143 Authorem
1488 3107 1591 3149 palam
1605 3104 1777 3139 recederea
1790 3105 1905 3138 SanCto
1917 3128 1927 3143 ‚
1947 3113 2044 3144 quem

1172 3161 1239 3202 jure
1257 3160 1374 3193 merito
1387 3166 1570 3195 veneratur,
1602 3155 1723 3188 Carolo
1737 3154 1926 3188 Borromaeo
1941 3176 1947 3182 .
1970 3152 2044 3185 Ete-

1171 3210 1238 3243 nim
1267 3208 1361 3251 hujus
1385 3209 1485 3250 prima
1507 3205 1660 3248 Synodus
1684 3204 1740 3237 sub
1761 3203 1857 3236 titulo
1879 3202 1920 3234 de
1942 3201 2044 3243 perti-

1171 3260 1323 3293 nentibus
1359 3257 1398 3290 ad
1434 3257 1677 3298 Sacramentum
1711 3251 1917 3287 Eucharistiae
1945 3250 2044 3284 habet

1170 3309 1233 3344 hoc
1260 3309 1452 3341 Decretum:
1481 3314 1513 3338 ut
1534 3300 1627 3350 oratio
1642 3331 1651 3347 ‚
1678 3315 1767 3344 quam
1789 3309 1894 3334 vocant
1915 3301 2045 3341 quadra-

1163 3367 1254 3404 ginta
1282 3358 1417 3390 horarum
1438 3379 1448 3395 ‚
1485 3358 1581 3387 coram
1607 3354 1780 3392 5anllifflmo
1820 3353 2006 3383 sacramento
2031 3373 2045 3390 ,

1148 3421 1224 3453 squo
1243 3406 1489 3452 frequentiffimus
1515 3406 1638 3448 populus
1665 3406 1817 3438 convenire
1839 3400 1914 3445 solet
1945 3423 1955 3438 ‚
1983 3410 2044 3440 qua

1883 3454 1996 3492 pietate
