2366 3736
611 134 696 181 Diz
732 119 1049 179 Ovinionn
1086 129 1454 176 Pitounssttt.

226 222 304 257 dum
324 218 433 255 tertias
456 217 489 251 &
512 228 641 261 quartas
668 213 818 258 probavit
842 212 970 254 nuptias
994 235 1005 251 ‚
1044 223 1111 245 non

222 269 375 316 ‚probavit
398 269 525 302 firmus.
575 266 647 300 Nee
672 266 750 298 item
778 262 945 296 veritatem
979 261 1019 294 de
1045 274 1112 296 non

227 319 386 356 solvendo
414 330 467 362 per
505 315 699 352 adulterium
733 311 905 357 conjugali
939 311 1075 354 vinculo
1104 337 1111 344 .

226 372 300 407 Nec
315 381 454 415 magnus
481 367 616 403 Basilius
634 363 800 397 veritatem
821 364 862 395 de
887 363 1042 396 firmitate
1067 363 1113 395 su-

228 422 282 464 pra
311 419 480 454 memorati
505 415 696 458 juramenti.
728 414 816 459 Qis
842 412 931 447 dicat
956 411 1021 445 haec
1047 411 1113 445 illis

227 471 320 504 fuisse
345 478 467 504 coeeam
491 464 716 502 felicitatem?
743 467 813 496 Aut
850 463 925 496 istas
965 461 1114 495 veritates

228 532 305 555 cum
320 516 494 554 formidine
508 514 666 550 tradendo
682 514 847 557 peccasse?
877 511 990 545 Absit.
1020 512 1115 546 Divi-

229 583 269 605 na
282 569 386 615 gratia
400 578 460 599 nos
473 566 675 609 pedetentim
689 566 852 596 illuminat
865 586 873 594 .
903 562 946 595 Et
968 563 1114 606 quando-

229 632 291 664 que
312 618 432 652 mentis
456 618 572 651 nostrae
593 616 732 653 oculos,
759 612 834 646 licet
854 611 918 654 jain
945 612 1076 645 videant
1106 634 1116 650 ‚

226 667 382 714 palpitare
407 666 565 709 permittit
589 665 628 698 ad
652 675 799 706 tempus,
829 674 896 696 nori
921 661 1028 696 statim
1070 663 1116 695 fir-

228 728 315 754 mat.
346 717 388 751 Et
410 715 475 752 haec
496 716 542 750 est
565 715 660 750 nobis
680 713 872 753 infirmitas,
899 723 966 745 non
996 713 1119 755 semper

227 770 341 811 culpa.
370 766 468 801 Certe
494 765 529 799 in
553 768 654 800 tantis
682 765 757 798 viris
769 763 955 798 nullatenus
968 763 1031 796 fuit
1051 763 1116 795 cul·

228 831 268 863 pa
291 817 441 852 lethalis.

278 867 425 914 Qaestio
433 866 525 903 tertia
538 865 582 900 est
597 889 608 906 ‚
636 865 693 897 An
706 861 893 906 probabiles
916 863 1037 897 docere
1051 863 1119 895 sen-

230 923 350 953 tentias
362 918 508 962 fitgrave
521 914 721 960 peccatum?
747 912 895 959 Qidam
919 913 1084 946 affirmant
1110 937 1117 944 .

230 969 335 1010 Ajunt
348 968 411 1001 effe
435 967 588 1011 graviuS,
618 965 715 1008 quam
740 963 823 1006 ipsas
845 964 1039 1006 prasticare.
1067 960 1119 996 Εὸ

230 1017 321 1062 quod
334 1016 515 1051 istiusmodi
528 1016 654 1052 Dostor
668 1013 823 1058 plurimas
833 1013 958 1048 animas
970 1013 1068 1048 ducat
1084 1013 1117 1045 in

228 1069 361 1103 foveam
373 1077 497 1103 aeternae
520 1066 655 1100 mortis.
684 1064 887 1106 Respondeo
908 1063 990 1097 hinc
1012 1063 1116 1106 palam

228 1117 339 1160 sequi,
367 1116 455 1162 quod
470 1127 608 1160 maguus
628 1114 848 1155 Athanasius,
874 1124 1013 1158 magnus
1037 1112 1117 1145 Basi-

228 1167 292 1201 lius
315 1190 326 1206 ,
354 1167 477 1201 sandius
497 1166 680 1210 Gregorius
705 1165 959 1203 Nazianzenus,
996 1164 1121 1197 sanetus

230 1217 439 1260 Cyprianus,
465 1216 591 1250 sandius
612 1216 843 1254 Firmilianus,
872 1216 995 1248 sanctus
1016 1215 1118 1255 Opta-

230 1278 283 1300 tus
297 1267 513 1302 Milevitanus
524 1291 535 1307 ,
563 1265 685 1309 aliique
698 1266 815 1299 similes
829 1262 1020 1298 Christianae
1033 1263 1120 1304 justi-

231 1319 304 1357 tiae,
332 1329 369 1350 ac
380 1318 529 1349 dossrinae
543 1314 847 1359 Coryphaeifuerint
875 1314 1021 1347 Eccleliae
1035 1313 1121 1344 sedu-

231 1369 354 1404 stores,
384 1377 482 1410 arque
508 1367 551 1400 ita
575 1376 642 1398 non
669 1362 879 1398 solummodo
898 1362 1082 1403 semetipsos
1110 1385 1120 1399 ‚

232 1415 286 1449 sed
300 1417 401 1448 etiam
413 1415 550 1448 ereditas
564 1414 621 1446 fibi
638 1413 798 1446 Ecclefias
810 1411 1119 1454 circumscripserint

232 1465 264 1498 in
283 1464 468 1507 gehennas.
498 1464 629 1495 Etenim
647 1463 830 1496 docuerunt
845 1462 1022 1495 sententias
1048 1472 1117 1504 pro-

232 1513 373 1548 babiles.
403 1514 441 1547 Et
459 1512 590 1556 quidem
603 1514 706 1551 tales,
735 1511 853 1552 quibus
877 1512 908 1545 se
931 1512 1119 1554 opponebat

233 1565 383 1598 Romana
401 1588 412 1603 ‚
437 1563 540 1596 immo
562 1563 672 1595 omnis
697 1561 923 1595 Occidentalis
946 1561 1083 1595 Ecclesia
1109 1585 1137 1611 ³,

232 1616 265 1648 ὅ(
278 1625 356 1657 quas
370 1615 535 1658 generales
545 1613 673 1655 Synodi
689 1611 863 1655 postmodo
874 1612 1120 1645 damnaverunt.
1135 1625 1138 1662 ἶ

233 1665 405 1698 Imitemur
418 1663 589 1707 pacificum
606 1663 813 1706 Cyprianum
827 1686 837 1701 ,
863 1661 955 1702 cujus
967 1664 1005 1695 ad
1030 1663 1138 1706 suam}

233 1714 405 1756 synodum
431 1712 523 1746 verba
546 1711 651 1746 rursus
676 1712 826 1746 adduco:
869 1711 1061 1752 proferamus
1086 1709 1139 1762 del

235 1764 290 1796 hac
303 1762 449 1807 refinguli
462 1766 538 1805 quid
556 1762 721 1806 sentiamus
734 1785 744 1800 ,
770 1767 915 1796 neminem
921 1764 1098 1803 judicantes
1114 1786 1123 1800 ‚
1135 1765 1139 1821 l

232 1823 285 1847 aut
296 1817 392 1854 &jure
403 1820 612 1846 communionis
636 1814 765 1854 aliquem
778 1836 788 1852 ,
809 1818 838 1853 fi
856 1811 1007 1854 diversum
1027 1810 1139 1854 sense-i

232 1871 298 1903 rit,
327 1874 498 1897 amoventes
525 1887 532 1896 .
563 1868 668 1904 Neque
704 1869 783 1895 enim
809 1860 968 1904 quisquam
996 1862 1123 1902 nostrum

234 1911 414 1956 Episcopum
422 1911 455 1956 se
468 1914 519 1956 effe
534 1914 744 1956 Episcoporum
755 1913 900 1952 constituit
917 1937 925 1951 ,
952 1923 1004 1945 aut
1026 1922 1122 1952 tyran-

235 1969 297 2001 nico
309 1973 417 1996 terrore
428 1966 473 1997 ad
494 1962 669 2005 obsequendi
695 1965 882 2002 neceffitatem
903 1964 1035 2004 Collegas
1054 1961 1122 2004 suos

235 2013 333 2054 adigit
348 2037 358 2052 ,
385 2015 505 2053 quando
517 2012 626 2043 babeat
640 2017 733 2042 omnis
748 2009 910 2052 Episcopus
928 2020 985 2051 pro
1002 2014 1123 2044 licentra

234 2062 383 2095 libertatis
397 2064 430 2094 (Ὗ
441 2062 596 2102 potcstatis
603 2059 666 2102 suae
677 2061 837 2092 arbitrium
849 2063 1004 2101 proprium
1018 2085 1026 2098 ‚
1055 2070 1123 2092 tan·
1138 2078 1141 2105 5

1138 2107 1141 2114 ι

235 2123 325 2154 quam
334 2113 470 2151 judicari
482 2111 519 2145 ab
535 2111 593 2144 alio
605 2121 661 2141 non
668 2111 748 2151 poffit
760 2133 770 2148 ‚
796 2111 887 2151 qudm
901 2121 950 2142 nec
966 2109 1124 2151 ipsepotell

235 2163 362 2196 alterum
370 2163 527 2200 judicare.
556 2160 634 2192 Haec
651 2162 742 2191 verba
757 2160 872 2201 probat
896 2170 991 2201 atque
1013 2160 1122 2192 laudat

236 2211 361 2244 sanstus
375 2209 577 2252 Augustinus
590 2232 597 2238 .
626 2208 760 2242 Interim
773 2219 896 2242 certum
907 2209 951 2242 est
965 2209 1122 2252 quosdam

237 2260 395 2293 variarum
413 2259 631 2302 probabilium
643 2260 880 2292 sententiarum
893 2259 1044 2292 authores
1054 2271 1119 2303 gra·

235 2311 318 2344 viter
332 2311 471 2353 peccasse
487 2335 493 2341 .

290 2361 417 2406 Quarta
432 2360 564 2403 quaeslio
577 2359 619 2392 est
632 2384 642 2399 ,
677 2359 730 2392 An
750 2370 840 2393 verus
862 2358 1123 2393 Christianorum

237 2411 362 2444 Dostor
377 2410 485 2453 potitis
507 2409 672 2454 obligetur
695 2421 796 2443 omne
814 2410 972 2452 judicium
1001 2411 1124 2452 suspen-

235 2461 332 2498 dere,
369 2460 464 2503 quam
488 2470 694 2503 prorumpere
717 2461 750 2493 in
774 2460 973 2502 probabilem
999 2461 1123 2493 senten-

236 2513 314 2544 tiam
331 2509 346 2539 ?
373 2510 521 2557 Qidam
534 2511 716 2543 affirmant.
747 2509 788 2543 Et
813 2511 920 2543 favere
949 2510 1122 2544 videturin

238 2559 321 2593 libro
334 2558 372 2591 de
385 2560 536 2592 credendi
562 2560 704 2593 utilitate
729 2562 854 2593 tanetus
880 2561 1084 2604 Augustinus
1113 2573 1124 2593 .·

236 2612 261 2643 T
263 2617 309 2641 rin
322 2608 390 2653 sunt
418 2611 501 2642 velue
520 2609 820 2650 finitimafibitnetin
849 2616 958 2642 animis
973 2609 1124 2642 hominum

237 2659 421 2699 distinaione
435 2660 597 2703 digniffima
611 2684 621 2698 ‚
650 2661 811 2704 intelligere
823 2686 833 2699 ,
859 2662 995 2699 credere,
1023 2667 1125 2701 opina-

22 2731 24 2733 ,
72 2723 154 2767 Cap.
169 2734 184 2759 1
196 2731 220 2755 ι.
236 2716 264 2743 ri
277 2734 283 2742 .
313 2712 393 2752 ,Quae
404 2708 484 2751 [iper
493 2708 591 2752 fhipfir
606 2709 817 2750 confideremur
828 2735 837 2749 ,
862 2720 996 2751 prunum
1006 2708 1122 2752 semper

230 2759 292 2803 fine
304 2767 377 2793 vitio
388 2759 425 2797 est
448 2784 457 2798 ‚
482 2758 644 2801 siccandum
666 2762 829 2803 aliquando
851 2772 915 2792 cum
939 2767 1035 2799 virio,
1064 2771 1125 2793 ter·

236 2817 311 2843 tium
329 2822 491 2851 numquam
504 2809 564 2850 fine
587 2815 663 2843 vitio
672 2810 708 2848 est
721 2835 728 2841 .
752 2811 805 2842 'At
821 2811 897 2843 vero
922 2810 1123 2853 probabilem

236 2861 352 2894 docere
376 2860 566 2893 iknoeminn
589 2860 633 2893 est
662 2862 811 2902 opinari.
843 2858 1041 2902 Respondeo
1057 2862 1123 2894 san-

236 2911 322 2943 stum
340 2909 563 2953 Augustinum
578 2910 649 2943 istic
670 2912 686 2943 a
703 2911 871 2952 semetipso
900 2913 1002 2952 palam
1029 2922 1124 2953 expo·

238 2961 294 2993 ni:
324 2963 398 2992 Duae
407 2959 539 3002 per-some
553 2967 585 2992 in
601 2959 827 3003 Religionesunt
839 2961 1004 2993 laudabilet
1024 2985 1030 2991 .
1059 2966 1124 2994 Una

238 3022 335 3044 eorum
364 3017 413 3052 qui
428 3013 498 3051 jam
522 3021 727 3044 mvenerunt:
756 3023 825 3052 quos
839 3019 929 3043 etlam
952 3011 1123 3051 beatissimos

235 3062 376 3101 judicare
396 3062 494 3102 neresJb
516 3061 552 3098 est
565 3086 571 3092 .
603 3062 667 3093 Alta
690 3072 785 3092 eorum
805 3073 856 3102 qui
878 3060 1065 3102 sludmfiffime
1092 3064 1124 3094 (θ’

240 3110 387 3150 rec‘ltffimi?
400 3118 554 3152 inquirunt
567 3135 574 3143 .
605 3110 778 3153 Prtmr'sunt
791 3118 879 3143 etiam
897 3119 927 3142 m
942 3111 1008 3152 tpsa
1027 3109 1125 3153 poffis-

236 3157 334 3200 stone,
360 3161 487 3195 alterim
504 3167 557 3193 vici
571 3186 579 3200 ‚
608 3174 668 3202 qim
691 3170 794 3193 tamen
819 3162 964 3200 certiffime
985 3166 1123 3202 perveni·

243 3219 311 3240 tur.
338 3212 408 3243 Tria
418 3209 490 3253 sunt
502 3212 564 3244 alla
589 3211 739 3244 hominum
759 3223 892 3254 genera,
917 3211 1048 3252 profec‘lb
1072 3217 1125 3243 im·

239 3258 399 3300 probanda
414 3273 447 3293 ac
459 3262 632 3302 detestanda
656 3287 660 3292 .
690 3266 784 3294 Unum
805 3261 842 3300 est
855 3267 1044 3302 opinantium
1056 3285 1065 3301 ,
1091 3263 1127 3293 id

241 3307 281 3347 est
296 3333 306 3348 ,
333 3320 427 3341 eorum
447 3317 495 3352 qui
516 3312 705 3344 arbitrantur
725 3310 760 3354 se
778 3310 854 3353 fine
866 3314 945 3353 quod
958 3311 1088 3354 nesciunt
1115 3336 1121 3341 .

244 3359 285 3391 Et
300 3359 379 3391 infra
393 3372 399 3390 :
428 3366 542 3400 opinari
552 3363 585 3394 ob
597 3366 671 3394 duas
686 3374 732 3395 res
744 3362 780 3402 est
802 3363 991 3403 turpfflmum
1004 3387 1010 3393 .
1037 3363 1126 3404 ,Quod

242 3407 368 3450 ediscere
381 3420 436 3440 non
446 3410 532 3449 potest
546 3436 555 3450 ,
582 3412 765 3454 qziifibijnm
774 3410 806 3455 se
816 3411 894 3455 scire
917 3412 1060 3455 persuaſsi·
1072 3437 1081 3452 ‚
1103 3411 1131 3452 fi

243 3460 331 3492 modo
344 3460 419 3492 illud
434 3458 506 3502 disci
516 3462 626 3502 potest.
655 3466 698 3494 Et
706 3462 802 3506 perse
812 3462 875 3505 ipsa
887 3473 1044 3498 temera-tas
1068 3472 1125 3496 non

1960 146 2017 190 33

1154 212 1244 286 'bene
1269 210 1368 252 affeffl
1388 215 1484 245 animi
1496 210 1612 255 signum
1635 211 1694 252 est.
1724 211 1765 245 Et
1787 210 1903 246 iterum
1917 225 1927 244 .-
1956 224 2054 246 eorum

1173 268 1222 304 qui
1234 269 1396 303 opinantur
1403 259 1436 302 se
1443 259 1516 302 scire
1527 264 1606 302 quod
1618 260 1746 305 nesciunt
1759 285 1768 300 ,
1794 261 1831 298 esi
1852 261 1982 302 proferiti
2004 270 2052 295 vi-

1156 289 1249 354 ¹msa
1262 312 1424 346 credulitas
1441 335 1447 342 .
1476 312 1555 344 Non
1569 315 1735 354 quamvis,
1763 312 1814 344 sed
1830 311 1894 343 line
1905 312 2052 345 formidi-

1178 375 1217 397 ne
1239 362 1491 405 praesumptivam
1521 362 1711 403 opinionem
1749 363 1902 396 damnat.
1943 362 2054 404 Super-

1179 413 1266 448 biam
1303 412 1478 456 gentilium
1517 411 1822 453 Philosophorum.
1851 411 2056 454 Opinionem

1179 462 1473 497 sanfiiFirmiliani
1488 484 1498 499 ,
1526 463 1580 503 qui
1596 461 1681 494 suam
1694 464 1733 495 de
1759 462 1972 504 Rebaptismo
1988 461 2058 495 sen·

1179 512 1314 546 tentiam
1341 523 1408 544 non
1434 511 1643 545 solummodo
1665 513 1790 544 censuit
1819 512 2018 553 probabilem
2046 534 2058 550 2

1179 564 1231 596 sed
1247 562 1344 595 sulam
1357 572 1475 596 certam
1489 562 1522 594 &
1538 572 1642 593 veram
1662 586 1671 602 ‚
1700 573 1796 603 atque
1809 563 1851 593 ita
1866 562 2059 605 praesumpsit

1179 615 1468 645 damniireinorem
1495 610 1654 645 Romanae
1680 611 1841 645 Ecclesiae.
1871 613 1960 644 Hinc
1985 615 2062 645 item

1181 661 1367 698 Patriarcha
1379 661 1540 694 Nicolaus
1551 663 1568 693 a
1581 662 1693 705 Sergio
1709 661 1805 694 tertio
1820 660 1879 693 fuit
1895 662 2064 704 jussuseji-

1181 713 1231 750 ci,
1258 724 1328 746 uon
1339 712 1427 756 quod
1450 721 1578 754 quartas
1601 711 1800 754 improbaret
1825 713 1953 752 nuptias
1974 736 1984 751 ‚
2013 710 2065 746 sed

1182 761 1274 807 quod
1301 763 1483 806 oppositam
1512 761 1639 795 Latitiae
1678 760 1825 795 Ecclefiae
1858 761 2065 804 disciplinam

1182 815 1371 847 damnaret.
1400 813 1492 846 Dum
1507 822 1679 855 utramque
1693 812 1884 844 sententiam
1911 812 2066 854 professus

1182 863 1225 897 est
1242 862 1442 906 probabilem
1456 886 1467 902 ,
1492 862 1526 895 ἀ
1540 873 1710 903 utramque
1725 861 1901 895 Ecclesiam
1927 861 2069 904 permisit

1184 915 1218 949 iu
1233 916 1289 948 suo
1300 913 1466 947 abundare
1478 914 1591 955 sensu,
1618 913 1682 946 fuit
1696 913 1712 944 ὲ
1725 911 1852 954 Joanne
1873 911 2003 945 decimo
2023 922 2070 944 re·

1185 964 1350 1007 pofitusin
1366 961 1584 997 Cathedram.
1613 962 1743 997 Eodem
1766 962 1868 996 modo
1880 961 1920 995 de
1943 961 2071 1004 Rebap-

1183 1015 1281 1049 tismo
1295 1014 1420 1048 santius
1431 1014 1618 1057 Cyprianus
1639 1024 1677 1046 ac
1696 1013 1820 1046 sanctus
1845 1012 2001 1052 Basilius,
2036 1012 2070 1045 dc

1183 1064 1238 1098 alii
1251 1062 1379 1098 adducti
1391 1063 1500 1098 Patres
1513 1063 1553 1096 de
1564 1062 1636 1096 aliis
1649 1062 1882 1107 quaestionibus
1896 1063 2070 1096 senserunt.

1184 1113 1346 1149 Etsanefi
1368 1115 1409 1147 de
1431 1113 1578 1149 tertiis&
1604 1115 1728 1157 quartis
1740 1115 1863 1156 nuptiis
1891 1112 2031 1146 Ecclesia
2059 1136 2072 1152 ,

1184 1164 1314 1199 nonnisi
1334 1165 1507 1198 consecuta
1522 1165 1754 1198 certitudinem
1768 1188 1778 1204 ‚
1805 1163 1929 1205 aliquid
1950 1162 2072 1205 judica-

1183 1225 1216 1250 re
1235 1214 1362 1256 potuit,
1388 1214 1497 1248 omnis
1517 1213 1578 1254 sub,
1595 1214 1681 1248 coelo
1695 1239 1705 1255 ‚
1732 1215 1765 1248 δι
1787 1212 2016 1247 Occidentalis
2036 1213 2071 1246 &

1181 1264 1361 1298 Orientalis
1390 1263 1533 1296 Ecclesia
1566 1263 1637 1306 egit
1661 1264 1853 1303 temerarie,
1882 1263 2071 1304 &graviter

1182 1313 1338 1354 deliquit.
1367 1312 1584 1350 Scirevelim,
1613 1313 1669 1345 An
1684 1310 1986 1354 probabilisjudicii
2016 1311 2073 1344 ho-

1183 1362 1450 1405 stessintsemper
1471 1362 1548 1394 certi
1572 1361 1612 1394 de
1637 1361 1870 1403 suisjudiciis?
1900 1361 1953 1393 An
1980 1361 2072 1394 istam

1185 1415 1285 1458 ipsam
1307 1413 1540 1447 certitudinem
1565 1410 1726 1453 habeant,
1754 1423 1852 1457 quam
1874 1410 2073 1454 protoplasti

1185 1466 1217 1497 in
1232 1463 1409 1496 paradiso?
1437 1462 1491 1494 Ao
1506 1462 1579 1494 aliis
1595 1462 1625 1493 in
1639 1462 1760 1497 casibus
1772 1462 1831 1495 sint
1850 1464 1969 1503 semper
1996 1462 2075 1503 Pyr-

1185 1513 1328 1547 rhones?
1355 1512 1408 1546 De
1421 1513 1490 1555 ipsis
1504 1512 1537 1545 in
1551 1513 1693 1544 adducto
1707 1516 1779 1546 loco
1794 1513 1873 1546 reste
1888 1513 1993 1545 scribit
2009 1514 2076 1544 san-

1184 1565 1251 1598 etus
1267 1564 1492 1606 Augustinus:
1521 1564 1707 1604 ‚Quanquam
1720 1569 1752 1595 in
1765 1564 1825 1595 illis
1838 1570 1929 1594 etiam
1944 1586 1953 1600 ,
1982 1559 2077 1603 quise

1184 1622 1214 1645 in
1227 1615 1340 1656 agendo
1348 1612 1520 1653 probabilia
1529 1611 1620 1653 sequi
1634 1613 1756 1653 dicunt,
1782 1612 1858 1654 scire
1879 1613 1980 1653 potius
2000 1611 2078 1643 nihil

1181 1665 1257 1706 posse
1271 1689 1279 1701 ,
1306 1666 1398 1705 qudm
1410 1662 1489 1695 nihil
1496 1665 1614 1694 credere
1629 1665 1735 1695 volunt
1747 1666 1869 1696 videre.
1898 1664 1980 1705 ,Quis
1997 1667 2078 1694 enlm

1185 1716 1264 1756 qnod
1272 1714 1380 1754 probat
1395 1735 1405 1751 ‚
1428 1724 1485 1744 non
1497 1713 1613 1745 credit?
1643 1718 1701 1745 Aut
1713 1716 1853 1756 quomodo
1863 1712 1899 1752 est
1913 1713 1989 1745 illud
2001 1712 2082 1754 quod

1182 1763 1317 1809 sequitur
1335 1788 1345 1802 ,
1366 1762 1397 1807 fi
1405 1774 1461 1795 non
1472 1762 1638 1805 probatur,
1661 1764 1843 1803 probabile?
1871 1764 2023 1796 Affirmat
2036 1763 2080 1796 ab

1188 1816 1255 1855 iplis
1267 1815 1366 1847 etiam
1391 1814 1533 1855 antiquis
1559 1813 1769 1848 Academicis
1793 1825 1860 1847 non
1886 1815 2008 1855 semper
2032 1814 2081 1846 su-

1188 1865 1335 1906 spensum
1349 1888 1359 1902 ,
1387 1863 1437 1897 sed
1454 1864 1639 1906 frequenter
1652 1865 1795 1897 omnino
1810 1865 1991 1906 impensum
2004 1862 2081 1895 fuis-

1187 1916 1216 1949 se
1240 1914 1422 1956 judicium.
1451 1912 1513 1946 Sed
1534 1923 1609 1946 curn
1637 1914 1839 1947 formidine.
1871 1913 1977 1947 Aliter
2010 1924 2079 1946 non

1188 1965 1291 2006 potest
1309 1963 1371 1997 vivi
1387 1965 1418 1996 in
1437 1962 1500 1998 hoc
1515 1975 1568 2004 per
1580 1975 1710 2005 peccata
1727 1966 1841 1998 vitiato
1855 1975 1892 1997 ac
1907 1963 2079 1997 tenebrato

1187 2014 1327 2046 saeciilo.
1357 2014 1430 2046 Nos
1445 2010 1626 2046 Christiani
1647 2014 1763 2048 nostris
1775 2014 1999 2057 probabilibus
2011 2025 2081 2046 mo·

1187 2074 1257 2096 rum
1279 2062 1413 2104 judiciis
1438 2060 1588 2095 addimus
1600 2062 1861 2097 studiosissimam
1883 2075 1921 2096 ac
1945 2063 2080 2096 restissi-

1165 2102 1272 2149 imam
1295 2111 1439 2144 veritatis
1463 2111 1711 2153 inquisitionem
1726 2137 1736 2153 ‚
1765 2125 1863 2155 atque
1885 2114 1930 2146 ita
1950 2112 2081 2146 lethali-

1164 2167 1168 2202 ξ
1186 2172 1233 2195 tei·
1251 2173 1317 2193 non
1334 2172 1504 2202 peccamus
1521 2184 1527 2192 .

1164 2212 1169 2243 l
1236 2211 1384 2257 Qiaestio
1398 2212 1512 2254 quinta
1525 2210 1569 2244 est
1586 2236 1596 2251 ,
1625 2210 1681 2244 An
1697 2211 1767 2255 quis
1787 2210 1886 2244 libere
1897 2212 1961 2245 sine
1985 2212 2078 2255 gravi

1164 2258 1321 2304 {peccato
1339 2262 1428 2304 sequi
1454 2270 1565 2294 contra
1592 2263 1758 2303 proprium
1790 2262 1951 2304 judicium
1986 2263 2080 2304 pol'lit

1164 2306 1167 2326 ⁴
1186 2311 1378 2345 sententiam
1391 2310 1462 2344 aliis
1481 2311 1681 2352 probabilem
1696 2314 1712 2344 ,ἓ
1743 2313 1941 2354 Rclporideo
1955 2312 2041 2355 posse
2069 2337 2079 2352 ‚

1185 2361 1264 2394 dum
1288 2362 1381 2405 cogit
1401 2361 1511 2403 aliqua
1539 2362 1776 2402 dispensatoria
1801 2364 1967 2396 necessitas
1994 2385 2000 2391 .
2030 2361 2079 2396 Ita

1164 2442 1169 2463 ἱ
1188 2412 1315 2445 sanctus
1330 2413 1532 2445 Dracontius
1545 2411 1691 2444 obedivit
1708 2413 1834 2454 judicio
1857 2413 1952 2445 santii
1978 2414 2081 2445 Atha-

1165 2462 1264 2499 lnafii
1281 2472 1394 2496 contra
1410 2463 1577 2503 proprium
1599 2486 1605 2492 .
1636 2462 1676 2495 Et
1690 2464 1828 2504 quisque
1839 2463 1983 2495 subditus
1996 2463 2083 2495 simi-

1187 2511 1441 2554 literimperanti
1463 2511 1598 2545 Praelaro
1615 2523 1668 2543 ant
1683 2511 1828 2554 Principi
1851 2512 1947 2545 debet
1969 2512 2079 2545 obedi-

1187 2574 1219 2595 re
1235 2586 1240 2593 .
1269 2562 1316 2595 Ita
1331 2562 1363 2595 ὅ(
1376 2563 1501 2595 sandius
1529 2562 1739 2606 Augustinus
1766 2561 1851 2595 bona
1867 2562 1930 2595 fide
1951 2573 2080 2595 contra-

1185 2614 1242 2646 ciis
1256 2612 1324 2654 post
1338 2611 1500 2645 dimissam
1518 2612 1700 2645 adulteram
1725 2613 1845 2653 nuptiis
1861 2613 1996 2652 permisit
2010 2611 2079 2646 dari

1188 2661 1335 2695 Ecclesiae
1347 2662 1553 2695 Sacramenta
1570 2672 1576 2693 :
1604 2662 1683 2694 dum
1699 2662 1813 2705 nempe
1826 2663 1872 2695 illi
1889 2687 1898 2701 ,
1921 2664 1991 2696 sulti
2009 2675 2080 2705 pro-

1188 2711 1287 2745 babili
1316 2711 1500 2750 sententia,
1530 2712 1656 2745 nollent
1681 2713 1834 2755 separari.
1864 2712 1936 2745 Nec
1958 2713 2078 2746 dubito

1187 2763 1266 2804 quin
1283 2760 1583 2805 Augustinusistud
1601 2763 1704 2803 ipsum
1726 2763 1906 2806 aliquando
1928 2762 2038 2796 fecerit
2067 2786 2078 2802 ‚

1186 2822 1283 2855 atque
1323 2813 1370 2845 ita
1396 2811 1627 2853 dispensatorie
1648 2813 1750 2856 egerit
1775 2821 1885 2846 contra
1913 2814 2077 2855 propriam

1187 2862 1403 2896 sententiam.
1434 2861 1650 2895 Ecclefiarum
1690 2861 1854 2904 Praepositi
1894 2864 1938 2895 ob
1963 2873 2077 2907 graves

1186 2913 1294 2946 causas
1308 2912 1446 2955 possint,
1477 2913 1579 2945 immo
1592 2910 1730 2944 debeant
1745 2914 1944 2954 quandoque
1974 2915 2077 2945 decer·

1187 2974 1261 2996 nere
1273 2975 1309 2995 ac
1323 2963 1447 3004 operari
1471 2974 1509 2994 ex
1536 2961 1646 2994 alieno
1669 2962 1810 3003 judicio.
1842 2963 1927 2995 Nam
1953 2963 1984 2996 ὅ(
2008 2963 2079 3004 qui-

1185 3014 1258 3047 dam
1283 3011 1622 3046 RomaniPontilices·
1647 3014 1802 3045 dicuntur
1823 3013 1868 3046 ob
1889 3013 2005 3046 similes
2033 3025 2079 3046 ra-

1183 3064 1291 3095 tiones
1304 3073 1417 3095 contra
1433 3063 1592 3104 propriam
1612 3063 1801 3095 sententiam
1827 3064 2020 3104 dispensasse
2043 3064 2077 3096 in

1183 3124 1253 3146 rato
1278 3113 1508 3146 matrimonio.
1539 3113 1667 3144 Locum
1707 3124 1786 3145 tunc
1814 3115 1942 3147 obtinet
1982 3114 2076 3146 sanc'ii

1183 3162 1339 3205 Cypriani
1370 3162 1498 3204 Regula
1527 3175 1538 3195 :
1568 3163 1692 3194 arbitrii
1709 3161 1758 3205 sui
1775 3164 1954 3203 potestatem
1989 3163 2077 3195 habat

1184 3211 1305 3255 quisque
1321 3211 1496 3253 Praepofitus
1511 3212 1594 3243 aelus
1603 3210 1652 3253 sui
1665 3223 1811 3245 rationem
1840 3217 1966 3245 Domitio
1980 3213 2078 3244 reddi-

1187 3271 1291 3296 turus.
1322 3262 1363 3295 Et
1376 3262 1455 3305 quin
1473 3262 1554 3305 ipsas
1570 3263 1693 3296 Divina
1708 3262 1894 3296 Clementia
1907 3262 1942 3295 sir
1956 3262 2078 3295 admis-

1187 3314 1278 3353 sura,
1304 3312 1459 3346 existimo
1497 3323 1565 3344 non
1601 3312 1837 3346 dubitandum.
1867 3315 1913 3347 At
1938 3310 2012 3345 vcro
2035 3322 2077 3355 eit

1186 3365 1313 3406 propria
1327 3366 1408 3396 citra
1439 3363 1657 3396 necessitatem
1680 3364 1838 3398 ele·‘lione
1863 3373 1961 3395 nemo
1982 3363 2078 3404 poffit

1185 3413 1311 3456 operari
1335 3422 1449 3446 contra
1478 3412 1639 3455 propriam
1678 3414 1871 3447 sententiam
1896 3435 1904 3443 .
1942 3412 2077 3447 Etenim

1188 3463 1316 3508 propria
1337 3464 1495 3497 sententia
1521 3463 1564 3498 est
1591 3463 1678 3507 quasi
1703 3463 2078 3506 qna-dambconsciemiae

1907 3511 2039 3555 sfeclk's,
