2366 3736
351 134 451 181 224

298 653 438 687 Ecclesia
465 652 619 689 Romana
639 677 647 690 .

293 803 455 837 munione
476 803 567 841 fuere
579 803 676 848 gavisi
692 827 703 843 ,
725 803 864 846 ideoque
877 814 1044 847 tamquam
1056 804 1090 838 in
1102 817 1186 839 eam-

291 852 367 887 dem
391 865 445 897 per
465 863 643 887 extremam
668 854 702 887 in
728 855 800 886 vita:
833 863 980 888 extremo
1002 855 1186 890 Contritio-

291 914 367 937 nem
382 929 393 944 ‚
418 905 450 937 ἃ
472 903 489 936 ὲ
514 905 639 937 Divina
655 904 864 938 miseratione
885 902 1077 947 adjunctum
1101 906 1185 940 defi-

290 954 406 987 cientis
431 955 627 988 Sacramenti
651 954 909 997 supplementum
932 955 1095 996 restituti,
1116 957 1184 1001 pos·

290 1004 350 1038 sint
371 1003 452 1042 fasta
473 1005 512 1037 ad
533 1003 701 1038 recitatum
726 1004 866 1047 ipsorum
880 1015 1002 1038 nomen
1013 1006 1184 1040 oblatione

290 1050 471 1096 honorari3
499 1063 532 1088 at
557 1055 634 1089 vero
657 1053 895 1089 Catechumcni
919 1057 1121 1096 morientes,
1149 1055 1184 1091 li-

289 1115 341 1138 cet
361 1103 471 1138 eadem
499 1104 549 1138 via
569 1104 726 1145 justitiam
748 1105 918 1148 acquirant
946 1129 957 1144 ,
983 1117 1052 1139 non
1075 1106 1182 1148 acqui·

289 1163 367 1187 runt
389 1152 602 1191 charasterem
628 1154 883 1197 Baptismalem,
908 1155 1061 1189 omnium
1073 1157 1182 1189 Sacra-

289 1214 478 1236 mentorum
498 1203 630 1245 januam
647 1228 657 1243 ‚
685 1204 827 1246 ideoque
838 1215 897 1247 pro
909 1203 981 1246 ipfis
993 1206 1101 1239 offerri
1113 1216 1180 1239 non

290 1253 389 1293 licet,
418 1253 469 1286 seu
494 1253 636 1295 ipsorum
661 1265 781 1287 nomen
809 1252 842 1287 in
857 1253 1014 1288 sacrificio
1030 1255 1180 1289 recitari.

288 1303 465 1350 Qidquid
489 1303 525 1335 fit
547 1328 557 1344 ‚
595 1302 725 1337 addusti
750 1302 905 1341 Canones
927 1303 1037 1342 lucide
1062 1306 1178 1340 confir·

288 1363 380 1387 mant
395 1355 537 1387 nostram
551 1354 605 1386 hic
616 1353 832 1388 adsertionem
846 1376 854 1385 .

126 1409 268 1449 Effestus
340 1403 467 1451 Qarta
489 1404 621 1445 quaestio
644 1404 713 1443 est,
741 1406 797 1437 An
821 1404 906 1438 istud
930 1403 1113 1439 deficientis
1127 1407 1180 1440 Sa-

110 1464 166 1498 hic
180 1465 267 1498 vide,
287 1454 445 1488 eramenti
466 1453 724 1496 supplementum
739 1453 861 1488 Divina
875 1454 1040 1490 miseratio
1055 1466 1109 1497 per
1121 1456 1177 1489 sta-

107 1526 163 1548 tur
196 1525 265 1548 non
287 1513 354 1537 tam
375 1514 472 1547 atque
496 1504 704 1537 infallibilem
715 1503 819 1548 legem
832 1503 929 1538 faciat
942 1505 1179 1540 omniContri·

105 1565 177 1597 dari
217 1554 374 1598 in.‚tioni
397 1554 591 1597 imperfeflae
616 1577 627 1594 ‚
653 1554 837 1597 cuneisque
860 1554 1118 1590 catechumenis
1143 1567 1185 1592 ac*

105 1614 257 1650 fiffibffi-
286 1603 551 1642 poenitentibus,
578 1603 655 1637 licet
677 1603 806 1638 tantum
830 1600 1031 1648 imperfeeie,
1058 1606 1179 1640 contri·

103 1653 155 1701 ‘'ffi-
166 1689 175 1704 ,
284 1656 350 1690 tis?
377 1654 457 1688 Haec
470 1653 513 1687 est
528 1654 662 1697 quaestio
676 1655 759 1688 inter
768 1656 932 1693 ottonem
944 1655 1177 1700 Frifingensem

282 1704 487 1748 Episcopum
512 1703 546 1737 ὅτ.
570 1705 714 1738 sanetum
736 1702 1044 1742 Bernardummma
1057 1705 1178 1748 praeser-

284 1756 345 1790 tim
359 1779 370 1794 ‚
396 1755 485 1797 c‘ujus
508 1753 563 1789 hic
585 1753 822 1787 adfirmativam
836 1757 1097 1797 partemtenuit‚
1122 1755 1178 1789 ille

289 1805 498 1850 negativam,
530 1804 603 1839 Nec
623 1802 713 1838 aliud
737 1802 859 1839 sensisse
872 1804 1082 1844 existimoS.
1105 1805 1178 1839 Ful·

283 1856 457 1900 gentium,
483 1864 539 1887 aut
563 1855 709 1889 sasseium
732 1853 931 1898 Gregorium
957 1853 1142 1899 Nyssenum
1169 1877 1177 1887 .

283 1906 370 1949 Agit
389 1905 478 1938 enim
507 1903 558 1937 hic
570 1903 738 1937 adversum
752 1904 899 1937 morosos
910 1904 1070 1947 Baptismi
1094 1904 1178 1938 ultra

285 1956 482 1990 consuetum
498 1953 796 1991 Catechutnenatus
819 1953 996 1989 terminum
1011 1954 1177 1994 dilatores,

283 2003 370 2039 &de
382 2005 525 2048 ipsorum
539 2006 733 2043 dumtaxat,
753 2003 829 2038 licet
841 2005 1001 2039 converso
1013 2006 1054 2039 ad
1068 2006 1176 2042 Deum

283 2055 383 2090 corde
399 2055 604 2090 Sacerdotem
619 2055 652 2089 ἀ
665 2055 909 2090 Sacramentum
929 2053 1117 2089 moribundi
1132 2055 1175 2089 in-

284 2106 430 2139 clament
444 2130 454 2146 ,
476 2107 577 2141 salute
591 2106 621 2139 se
633 2104 773 2140 multum
785 2103 935 2141 dubitare
945 2103 1026 2139 dicit
1037 2130 1047 2147 ,
1073 2104 1174 2149 ipsam

285 2156 334 2189 eis
348 2155 466 2190 diserte
487 2168 555 2190 non
580 2154 765 2199 abjudicat.
794 2156 837 2190 Et
860 2155 1030 2198 quomodo
1053 2157 1177 2190 sanetus

287 2205 503 2248 Fulgentius,
530 2206 619 2246 cujus
643 2214 750 2239 tamen
770 2204 867 2240 verba
892 2203 1023 2239 duriora
1046 2207 1152 2239 fateor
1167 2230 1177 2246 ‚

279 2255 387 2298 *possit
409 2254 426 2287 Ξι
452 2256 557 2288 san-sto
582 2255 770 2298 Augustino
791 2252 975 2288 discordare
999 2255 1022 2286 ,ἶ
1042 2256 1177 2289 Sanstus

288 2307 412 2348 quippe
434 2303 638 2349 Augustinus
651 2315 707 2346 pro
722 2304 796 2337 solis
809 2304 874 2338 illis
888 2328 898 2344 ,
924 2315 1006 2347 quos
1021 2316 1089 2338 non
1101 2316 1182 2347 con·-

290 2364 434 2396 temptus
454 2355 506 2387 seu
528 2356 634 2398 gravis
645 2354 807 2398 neglenus
819 2379 828 2393 ,
855 2354 909 2388 sed
922 2366 1008 2388 mera
1021 2354 1100 2389 citra
1114 2355 1180 2389 cul-

291 2414 367 2447 pam
394 2403 556 2439 necestitas
570 2402 781 2439 sacramento
803 2404 918 2447 spoliat
931 2428 942 2444 ,
968 2405 1002 2438 in
1017 2404 1108 2447 supra
1123 2404 1177 2439 ad-

291 2453 394 2489 ductis
409 2453 488 2487 locis
501 2453 634 2494 definit,
645 2454 838 2497 adeoquede
852 2453 1096 2499 negligentibus
1107 2479 1118 2494 ‚
1144 2454 1181 2487 li-

280 2505 340 2538 eet
359 2504 390 2536 in
416 2504 570 2536 extremis
584 2503 819 2547 negligentiam
831 2514 969 2548 purgent
983 2530 996 2545 ,
1020 2505 1054 2538 δε
1064 2516 1104 2538 ex
1118 2504 1181 2538 ani-

290 2565 348 2589 mo
369 2554 408 2587 ad
432 2552 617 2588 Dominum
644 2553 809 2591 clament,
836 2554 937 2588 videri
965 2554 1061 2598 possit
1081 2555 1182 2588 etiarn

278 2605 359 2647 ipse
392 2603 550 2638 dubitasse
574 2628 581 2637 .
619 2604 701 2637 sane
727 2605 760 2637 in
782 2602 884 2637 literis
905 2603 946 2637 ad
969 2604 1181 2640 Honoratum

291 2652 571 2688 Thabennensem
599 2653 797 2697 Episcopum
821 2654 919 2687 docet
931 2652 1060 2688 hostilis
1077 2654 1182 2688 incur-

289 2705 388 2738 sionis
399 2714 542 2747 tempore
554 2729 565 2745 ,
577 2715 643 2746 quo
658 2703 789 2747 plurimi
800 2703 1011 2738 Contritione
1019 2704 1058 2738 ad
1072 2706 1182 2740 Deum

227 2761 231 2763 “
290 2755 434 2788 conversi
447 2754 747 2798 Regenerationem
758 2763 816 2787 aut
834 2753 1157 2791 Reconciliationem
1172 2779 1183 2795 ,

291 2815 406 2839 omnes
418 2805 678 2838 consolationem
692 2803 796 2837 solent
807 2805 980 2846 exposcere
990 2828 1000 2843 ,
1029 2805 1182 2838 Sacerdo-

292 2864 340 2888 tes
351 2866 388 2889 ac
402 2854 485 2888 alios
497 2854 643 2889 Ecclesiae
655 2854 830 2888 Ministros
845 2865 913 2887 non
934 2855 1021 2896 posse
1035 2856 1145 2898 sugere
1173 2880 1184 2896 ‚

119 2908 183 2952 Ep.
198 2903 275 2943 180⁴
294 2904 327 2937 δ(
350 2904 499 2947 adjungit
520 2905 649 2938 causam
663 2918 674 2938 .·
700 2907 731 2937 Si
748 2902 875 2942 ministri
900 2902 1013 2944 defini,
1040 2906 1184 2945 quantum

272 2978 277 2981 -
295 2959 420 2988 exitium
441 2951 573 2995 sequitur
595 2966 662 2993 eos,
691 2953 786 2996 quide
801 2951 961 2996 iflosaeculo
974 2955 1026 2987 vel
1036 2966 1093 2986 non
1105 2967 1184 2997 rege·

297 3007 394 3036 nerati
417 3013 543 3044 exeunt,
569 3004 620 3037 vel
642 3005 753 3047 ligati?
778 3005 923 3046 ,Quantus
936 3002 975 3043 est
986 3010 1077 3036 etiam
1088 3005 1184 3037 Iuc‘lus

294 3054 428 3097 fidelium
440 3051 555 3094 suorum
567 3079 577 3094 ,
603 3059 654 3095 qui
663 3064 708 3087 eos
714 3052 812 3096 secum
824 3058 857 3086 in'
867 3059 943 3087 vitae
954 3061 1075 3087 aeternae
1085 3060 1184 3096 requie

268 3110 275 3130 “-
298 3114 358 3137 non
377 3101 549 3135 habebunt?
576 3103 641 3137 Eos
664 3103 681 3136 a
695 3104 760 3138 vita
780 3113 894 3138 aeterna
915 3114 984 3138 non
1006 3103 1153 3138 excludit
1171 3129 1181 3144 ,

274 3189 276 3191 .
298 3152 354 3190 sed
377 3151 416 3185 ad
438 3150 568 3191 Divinae
591 3153 808 3187 miserationis
830 3154 992 3187 incertum
1013 3153 1184 3188 dumtaxat

273 3214 278 3231 ;
298 3199 478 3245 suspendit.
507 3201 620 3241 Essiam
639 3202 671 3235 in
686 3202 786 3237 literis
798 3203 840 3237 ad
852 3201 1072 3238 Theodorum
1085 3205 1184 3239 Foro-

278 3276 291 3294 z.
299 3252 472 3297 junensem
497 3245 694 3295 Episcopum
707 3252 813 3287 scribit
824 3253 865 3287 de
876 3253 1011 3287 infirmis
1023 3253 1185 3288 Poeniten-

294 3304 354 3346 ,tiae
372 3299 535 3345 afflone'm
552 3301 592 3341 ἀ
615 3301 911 3338 Reconciliationis
933 3303 1069 3347 gratiam
1091 3304 1184 3339 fimul

302 3347 534 3396 poscentibus,
559 3350 594 3383 ἀ
615 3361 693 3384 ante
715 3350 808 3392 hujus
819 3355 1060 3395 perceptionem
1070 3353 1185 3389 defun-

118 3405 208 3457 Ep‘j*
226 3397 284 3459 ἐι,
303 3403 360 3437 &is
374 3426 384 3441 ‚
410 3403 441 3436 S.
463 3399 533 3451 Leo
552 3399 717 3445 Magnus.-
741 3404 814 3434 Non
826 3404 928 3446 neceffe
938 3404 976 3444 est
986 3415 1037 3438 nos
1047 3415 1146 3438 eorum
1173 3428 1185 3444 ,

264 3483 274 3491 ,
303 3450 398 3500 quific
409 3449 558 3494 obierint,
584 3455 692 3489 merita
702 3449 840 3495 adusque
860 3452 1003 3498 discutere
1017 3479 1030 3498 ,
1051 3454 1115 3490 cum
1125 3457 1182 3490 Do·

865 112 1277 164 Dlssearn'uo
1313 118 1684 167 DoGMAncA

301 203 411 247 piismi
434 203 632 245 rodempiione
643 199 790 243 defunHIs
802 211 894 242 neque
904 201 1063 236 oblationis
1074 213 1194 237 comme-

305 261 432 288 mor-atio
443 278 454 295 ‚
482 264 573 295 neque
579 251 729 295 psallendi
741 253 932 293 impendatur
945 253 1082 294 officium.
1107 258 1195 287 Nam

308 306 342 338 ό·
364 304 414 338 boc
427 313 485 346 per
505 307 703 346 ignorantiam
714 299 887 343 usurpatum
897 302 951 342 est.
978 303 1194 346 Nequaquam

304 366 363 399 pro
374 356 440 389 illis
451 352 604 387 sacrificia
614 361 669 384 aut
682 350 747 385 alia
761 352 909 387 Ecclefiae
921 353 1071 397 suffragia
1087 363 1171 388 vetat
1184 379 1195 395 ,

304 403 358 443 sed
371 405 540 438 dumtaxat
560 401 704 444 ipsorum
716 402 852 437 nornina
864 428 876 444 ,
904 405 991 446 quod
1002 414 1127 439 certum
1142 403 1194 437 ad-

305 454 419 488 versari
439 450 576 494 antiquo
598 451 730 485 Canoni
744 477 754 493 ,
776 453 921 488 recitari.
949 453 1115 498 Nequeid
1127 454 1192 489 exi·

302 506 398 537 stimo
410 502 528 534 fastum
551 501 569 534 ὲ
592 503 702 537 sancto
728 503 923 537 Ambrosio.
953 504 1027 538 Nec
1042 505 1120 538 item
1134 516 1191 547 pro

301 552 497 595 Presbytero
518 562 585 584 non
616 552 781 596 baptizato
807 554 875 587 fieri
900 554 1018 597 jussum
1040 554 1082 588 ab
1096 555 1193 588 lnno·

298 603 411 636 centio
436 601 495 636 111.
517 601 653 638 Etenim
673 604 770 637 etiam
794 602 892 638 hodie
918 605 1021 647 ipsum
1033 615 1100 638 non
1113 604 1192 639 facit
1215 616 1233 619 ‘⁷

686 653 764 688 Alia
796 656 841 688 cst
867 654 1188 688 Catechumenorum

295 704 387 737 causa
400 727 411 743 ,
438 702 502 736 alia
513 701 751 739 Poenitentium
765 727 772 735 .
785 703 833 737 Hi
849 704 1047 747 quandoque
1060 704 1189 739 obtule-

295 753 400 786 lerunt
413 777 423 793 ,
449 763 657 797 perceperunt
674 753 910 789 Eucharistiam
920 778 931 794 ,
943 754 977 787 ἀ
990 755 1084 796 plena
1098 766 1187 790 com·

1254 207 1354 237 minus
1375 207 1457 237 Deus
1473 203 1587 244 noster,
1612 206 1697 245 cujus
1710 203 1828 244 judicia
1849 213 1996 248 nequeunt
2006 214 2143 249 compre·>

1256 253 1348 288 bendi
1357 280 1368 295 ‚
1395 255 1476 297 quod
1493 254 1678 287 sacerdotale
1687 252 1875 294 ministerium
1885 258 2004 299 implere
2015 269 2071 292 non
2077 266 2131 300 po·

1256 311 1315 341 ruit
1324 328 1335 345 ,
1355 303 1419 349 suae
1421 308 1451 348 J
1456 302 1559 344 ustitiae
1569 302 1769 346 reservaverit
1780 327 1792 344 ,
1817 310 1862 337 ita
1869 306 2131 352 potestatemsuam

1256 361 1352 387 timeri
1374 357 1476 389 volens
1488 379 1499 394 ‚
1524 363 1556 387 ut
1578 354 1625 388 bic
1634 366 1713 388 error
1730 354 1973 398 omnibusprofit,
1998 360 2033 394 (rt
2052 359 2133 401 quod

1255 404 1426 448 quibusdam
1446 404 1557 446 tepidis
1579 412 1631 436 aut
1651 404 1870 449 negligentibus
1892 408 2020 447 accidit,
2045 419 2129 443 nemo

1256 465 1313 488 non
1324 464 1437 488 metuat
1452 479 1459 487 .
1473 455 1600 487 Multum
1609 461 1687 487 enim
1697 456 1771 488 utile
1781 465 1816 488 ac
1827 455 2012 497 neceffarium
2021 457 2059 497 est
2072 481 2083 498 ‚
2093 467 2130 492 ut

1250 512 1434 546 peccatorum
1447 514 1547 540 reatus
1561 514 1634 537 ante
1642 505 1864 540 ultimumdiem
1874 506 2052 539 Sacerdotali
2060 506 2130 549 sup-

1251 556 1407 595 plicatione
1412 554 1558 598 solvatur.
1570 554 1607 586 ln
1620 554 1836 597 synodalibus
1845 556 1922 590 item
1934 555 1974 589 ad
1987 556 2129 591 sanctum

1279 605 1449 639 'ornelium
1473 599 1592 648 Papam
1604 603 1703 638 literis
1721 616 1837 639 ornnes
1856 606 1961 649 lapsos
1988 605 2131 641 instante

1255 666 1340 688 nova
1363 655 1582 698 persecutione
1602 654 1793 698 reparandos
1813 657 1847 691 δε
1869 656 2140 691 reconciliandos,

1252 705 1380 738 censuit
1393 706 1516 739 sanstus
1524 704 1706 747 Cyprianus
1721 729 1733 744 ‚
1759 703 1949 750 addiditque
1965 707 2092 740 causam
2118 718 2143 746 ε,

1251 756 1281 788 5}
1300 762 1367 798 quis
1378 754 1486 789 relic‘lis
1498 755 1632 788 omnibus
1645 755 1730 788 rebus
1737 754 1799 798 fitis
1817 755 1936 800 fugerit
1949 780 1960 797 ,
1984 758 2018 791 ὀ*
2041 762 2074 790 in
2083 758 2127 790 la·
2145 761 2206 807 Ep,
2234 760 2301 811 '54

1250 805 1343 839 tebris
1363 815 1453 848 atque
1479 804 1637 848 solitudine
1652 804 1823 846 constitutus
1846 812 1880 839 in
1900 807 2028 840 latrones
2042 806 2127 848 forti?

1249 861 1408 889 incurrerit
1420 879 1430 895 ,
1456 862 1550 888 autin
1558 854 1697 896 febribus
1711 864 1764 888 aut
1777 859 1810 888 in
1819 855 1958 901 languore
1969 857 2124 899 decesserit,

1249 916 1343 939 nonne
1351 906 1436 938 nobis
1453 905 1653 948 imputabitur
1664 929 1675 946 ,
1700 906 1849 948 quodiam
1861 908 1952 939 bonus
1964 907 2048 939 miles
2059 910 2127 949 ,qui

1247 962 1344 988 omnia
1351 954 1408 998 sua
1421 956 1578 998 dereliquit
1591 980 1601 995 ,
1627 957 1660 989 <zi
1670 964 1837 998 contempta
1850 957 1932 990 domo
1941 981 1952 997 ‚
1974 956 2008 990 Θ
2015 964 2128 998 paren-

1248 1005 1325 1038 tibus
1337 1029 1348 1045 ,
1378 1016 1413 1038 ae
1428 1006 1530 1039 libens
1544 1029 1555 1045 ,
1577 1004 1667 1048 sequi
1680 1009 1836 1048 Dominum
1846 1006 1970 1047 maluit,
1996 1005 2059 1048 fine
2069 1016 2131 1050 pa-

1245 1065 1275 1088 ce
1299 1055 1332 1088 (9'
1347 1053 1410 1095 fine
1429 1061 1686 1090 communicatione
1709 1055 1856 1101 difteffli?
1883 1055 2014 1092 Acriter
2033 1065 2129 1101 urget

1245 1104 1404 1147 ejusmodi
1418 1104 1641 1146 confessores,
1667 1105 1743 1140 licet
1755 1103 1870 1151 infigni
1882 1104 2038 1141 charitate
2051 1117 2130 1140 con·

1247 1155 1360 1195 tritos,
1386 1156 1471 1189 mori
1488 1166 1563 1190 cum
1573 1154 1794 1191 damnationis
1806 1158 1948 1200 periculo
1962 1181 1974 1197 ,
1985 1156 2128 1200 ideoque

1246 1215 1379 1244 eorum,
1409 1204 1465 1247 qui
1489 1206 1596 1240 forsan
1619 1206 1772 1248 perierint
1786 1231 1796 1247 ,
1824 1204 2130 1242 animasaduriori-

1248 1257 1304 1289 bus
1315 1280 1326 1296 ‚
1355 1254 1654 1289 Reconciliationis
1677 1256 1923 1289 Sacramentum
1935 1256 2000 1290 illis
2010 1266 2128 1298 oppor-

1247 1306 1325 1339 tune
1338 1305 1598 1349 denegantibus,
1626 1305 1799 1348 Episcopis
1812 1306 1846 1338 in
1861 1304 1989 1339 Divino
1997 1304 2130 1348 Iudicio

1246 1355 1471 1398 requirendas.
1504 1355 1622 1397 Neque
1643 1354 1737 1388 refert
1748 1354 1839 1399 quod
1849 1353 1885 1388 in
1895 1354 1968 1389 aliis
1979 1355 2022 1389 ad
2044 1351 2129 1389 Thi·
2144 1352 2207 1399 Ep.
2242 1363 2298 1401 39.

1247 1406 1426 1440 baritanam
1453 1404 1631 1439 Ecclesiam
1666 1405 1768 1439 literis
1797 1403 1945 1439 adfirmet
1966 1404 2130 1450 fugitivos

1245 1455 1321 1491 istos
1334 1455 1560 1494 Consessores,
1592 1455 1674 1489 acin
1689 1456 1767 1499 fuga
1780 1456 1955 1490 morientes
1966 1479 1978 1496 ,
2003 1454 2066 1490 effe
2075 1466 2129 1490 ve·

1244 1505 1276 1540 re
1295 1517 1332 1539 ac
1352 1504 1447 1548 plene
1468 1504 1648 1547 Martyres:
1677 1504 1842 1548 Loquitur
1862 1506 1953 1540 enim
1965 1499 2005 1540 de
2016 1505 2130 1550 fugiti-

1245 1557 1293 1590 vis
1321 1555 1456 1598 integris
1478 1578 1490 1594 ,
1526 1554 1645 1598 quibus
1680 1553 1968 1590 Reconciliatione
2000 1566 2069 1589 non
2091 1556 2129 1589 fit

1244 1606 1326 1648 opus
1336 1629 1343 1636 .
1370 1603 1478 1650 Qare
1491 1604 1617 1638 videtur
1629 1604 1749 1639 incerta
1759 1605 1823 1641 effe
1834 1604 1901 1639 haec
1914 1616 1964 1640 res
1987 1629 1998 1646 ,
2022 1615 2128 1649 neque

1245 1653 1409 1700 profunde>
1425 1654 1523 1691 nimis
1543 1654 1754 1698 inquirenda.
1781 1655 1973 1691 Omnicura
1987 1656 2128 1699 satagere

1244 1716 1304 1740 nos
1325 1714 1455 1747 oportet
1471 1728 1481 1743 ‚
1510 1715 1544 1740 ut
1559 1714 1666 1748 neque
1677 1704 1743 1739 line
1754 1705 1930 1739 necessario
1942 1706 2128 1739 Sacramen-

1242 1767 1278 1790 to
1298 1756 1338 1789 ad
1355 1755 1541 1791 Dominum
1562 1754 1714 1790 abeamus
1734 1755 1814 1798 ipsi,
1839 1756 1981 1790 &nemo
1993 1765 2049 1800 per
2068 1766 2127 1790 no-

1243 1805 1337 1838 stram
1357 1804 1593 1848 negligentiam
1602 1803 1695 1839 abire
1705 1815 1843 1851 cogatur
1854 1830 1862 1838 .

1295 1854 1451 1891 Attamen
1497 1854 1584 1896 apud
1620 1854 1745 1889 Lucam
1784 1852 1986 1890 Dacherium
2000 1886 2002 1889 .
2021 1853 2125 1890 exstat
2151 1857 2303 1901 Imperfe-

1242 1899 1431 1938 Theobaldi
1444 1903 1635 1947 Stampensis
1646 1929 1657 1945 ,
1685 1905 1741 1949 qui
1753 1904 1811 1939 sub
1825 1903 1975 1939 Pa'schali
1988 1903 2124 1939 ll-Pon·
2139 1909 2188 1942 &a
2203 1907 2300 1941 Con·

1244 1954 1329 1989 tifice
1342 1954 1455 1987 floruit
1471 1978 1482 1994 ‚
1507 1953 1549 1988 ad
1562 1954 1829 1990 Lincolniensem
1843 1955 2042 1999 Episcopum
2054 1965 2122 1989 non
2139 1957 2231 1992 tritio
2256 1958 2293 1992 in

1243 2005 1403 2039 inerudita
1419 2003 1565 2046 Epistola
1579 2029 1590 2045 ,
1615 2005 1707 2048 cujus
1717 2002 1782 2039 hoc
1793 2005 1984 2039 exordium:
2011 2007 2122 2047 siquis
2139 2007 2258 2041 mortis

1238 2053 1390 2098 praeiiicat
1402 2079 1413 2095 ,
1437 2054 1471 2091 ((7
1488 2056 1685 2096 praedicando
1708 2058 1816 2090 temere*
1839 2057 1972 2098 diffiniat
1993 2057 2123 2097 aliquem
2139 2056 2278 2091 articulo

1242 2117 1299 2140 non
1319 2105 1392 2148 poffe
1409 2102 1552 2148 salvari,
1579 2117 1759 2149 quacumque
1771 2105 1843 2139 bora
1853 2113 1961 2139 manus
1970 2104 2044 2148 suas
2058 2109 2120 2139 Poe·
2139 2107 2262 2150 semper

1242 2161 1379 2189 nirentiae
1406 2156 1522 2189 dederit
1539 2154 1686 2199 fallitur,
1713 2167 1763 2191 nec
1774 2156 1925 2192 Catholici
1931 2154 2044 2199 sentit.
2067 2155 2123 2190 De
2138 2156 2254 2202 justifi-

1241 2204 1469 2248 consequenda
1495 2216 1549 2247 per
1563 2206 1661 2238 solam
1676 2207 1741 2240 fine
1749 2207 1960 2242 Sacramento
1971 2207 2006 2239 in
2017 2208 2121 2240 extre‘
2140 2216 2212 2242 cat.

2258 1231 2263 1250 .⁴
2292 1235 2302 1251 ἰ

1233 2267 1298 2289 mo
1321 2255 1394 2288 vitae
1419 2255 1531 2297 spiritu
1544 2254 1792 2289 Contritionem
1805 2257 1907 2290 salute
1919 2256 2026 2299 palam
2040 2257 2123 2300 agie,
2140 2257 2243 2291 Tom.
2261 2266 2281 2304 3
2292 2233 2308 2287 .-

1242 2307 1395 2349 suamque
1417 2303 1634 2339 adsertionem
1660 2304 1731 2338 vult
1751 2305 1815 2338 effe
1826 2315 1970 2345 certam5
1995 2304 2126 2338 &adeo

1242 2355 1456 2389 universalem
1471 2378 1482 2394 ,
1510 2363 1546 2388 ut
1559 2352 1713 2398 adjungat
1725 2368 1736 2388 .·
1756 2354 1931 2398 Augustinus
1943 2355 1982 2386 de
1997 2354 2126 2386 Sodomi-

1242 2410 1283 2439 tis
1298 2411 1330 2437 in
1354 2405 1418 2437 laco
1440 2403 1595 2446 submersis
1615 2404 1749 2437 tradam
1768 2406 1840 2437 dicit
1858 2428 1870 2444 ,
1898 2404 1978 2446 quod
1996 2402 2127 2446 quidam

1242 2465 1278 2487 ox
1296 2455 1356 2487 illis
1381 2452 1495 2497 salvati
1513 2452 1584 2496 sunt
1604 2478 1615 2494 ‚
1637 2461 1695 2495 per
1716 2455 1823 2487 bonam
1844 2453 2089 2495 compunfflonem
2113 2477 2127 2494 ,

1243 2506 1277 2540 ὦ·
1299 2515 1404 2538 verum
1414 2505 1508 2537 cordis
1522 2510 1667 2547 gemitum
1683 2527 1694 2544 ,
1719 2509 1790 2546 quia
1801 2515 1858 2536 non
1864 2502 1960 2546 solum
1967 2501 2127 2546 superflue

1243 2559 1429 2598 cogitationes
1450 2572 1462 2594 ,
1485 2553 1542 2596 sed
1563 2559 1657 2589 etiam
1678 2562 1790 2595 pravae
1809 2553 1942 2587 ac‘liones
1968 2562 2040 2586 ante
2059 2557 2126 2586 vim

1242 2603 1472 2646 compunc‘lionis
1494 2603 1622 2646 fugiunt
1641 2627 1649 2636 .
1680 2599 1805 2638 Verum
1826 2614 1895 2637 non
1921 2602 2058 2637 memini
2074 2613 2128 2637 me

1244 2654 1328 2688 istud
1350 2653 1384 2687 in
1399 2652 1589 2698 Augustino
1611 2652 1720 2698 legisse
1742 2678 1750 2686 .
1780 2651 1892 2686 Multo
1915 2652 2046 2687 interim
2067 2652 2130 2686 Pa-

1244 2715 1328 2738 trum
1354 2702 1545 2738 testimonio
1563 2705 1677 2738 omnia
1688 2700 1754 2738 haec
1763 2703 1940 2737 confirmat
1959 2701 2129 2737 Theobal·

1244 2755 1323 2794 dus,
1352 2754 1385 2788 &
1406 2752 1598 2787 concludit:
1625 2755 1716 2788 Pam
1736 2754 1817 2796 quod
1833 2757 2006 2796 quicumque
2019 2752 2133 2786 bonam
2191 2767 2194 2772 ·
2238 2761 2242 2766 ’
2279 2749 2283 2758 ’

1243 2806 1428 2837 voluntatem
1446 2803 1568 2836 babebit
1591 2809 1625 2836 in
1645 2809 1735 2837 terris
1753 2827 1764 2843 ,
1798 2811 1904 2845 pacem
1923 2800 2138 2849 indubitanter!

1243 2856 1414 2898 &gloriam
1425 2852 1611 2896 consequetur
1625 2859 1659 2886 in
1671 2855 1751 2887 coelis
1763 2878 1770 2885 .
1784 2856 1898 2886 Ameria
1925 2855 2037 2894 siquis
2048 2851 2126 2886 banc

1245 2904 1409 2945 epistolam
1428 2903 1594 2945 improbare
1615 2905 1763 2944 voluerit,
1789 2905 1824 2939 ό·
1846 2902 1898 2935 bos
1905 2901 2056 2944 praefatos
2068 2906 2126 2935 Do-

1216 2954 1219 2956 ’
1244 2954 1335 2987 Horas
1358 2953 1524 2987 catholicas
1542 2959 1671 2995 recipere
1694 2954 1841 2993 noluerit,
1865 2952 1966 2994 lapide
1975 2958 2127 2999 percutia-

1243 3015 1293 3038 tur
1304 3027 1314 3043 ,
1338 3006 1487 3047 percuffus
1506 3008 1722 3039 comminuatur
1734 3027 1745 3044 ,
1769 3006 2006 3037 comminutusin
2015 3002 2127 3044 pulve-

1243 3065 1307 3087 rem
1326 3055 1501 3098 redigatur.
1529 3053 1676 3088 Eandem
1699 3053 1889 3088 sententiam
1910 3047 1944 3086 in
1963 3052 2125 3095 opusculo
2166 3060 2169 3064 ’
2198 3057 2203 3064 '

1242 3104 1283 3139 de
1303 3105 1407 3139 forma
1431 3104 1667 3139 sacramentalis
1680 3102 1909 3137 Absolutionis
1917 3101 2016 3137 tradit
2029 3103 2126 3146 Joan-

1245 3165 1301 3188 nes
1315 3154 1442 3188 Gerson
1455 3178 1465 3194 ,
1492 3156 1525 3189 ἀ
1545 3155 1580 3188 in
1603 3154 1694 3197 supra
1718 3151 1857 3187 laudatis
1869 3153 1910 3188 ad
1923 3153 2131 3188 Cremonen-

1243 3205 1307 3238 sem
1325 3204 1639 3249 Episcopumliteris
1650 3203 1866 3238 Innocentius
1889 3203 1945 3238 111.
1967 3202 2126 3237 Pontifex

1245 3254 1373 3288 videtur
1398 3256 1595 3299 supponere.
1624 3251 1798 3300 Qidquid
1820 3253 1856 3288 sit
1880 3277 1890 3294 ,
1916 3254 2009 3297 pium
2034 3251 2125 3286 hunc

1242 3302 1282 3339 de
1304 3304 1430 3346 Divina
1452 3304 1488 3339 in
1513 3315 1575 3339 nos
1595 3313 1781 3347 peccatores
1802 3303 1979 3340 clementia
1995 3302 2122 3337 sensum

1244 3354 1491 3399 paffim'omnes
1511 3352 1611 3391 hodie
1633 3361 1781 3390 tenemus
1795 3377 1806 3388 .

1915 3481 2081 3544 'cni
