2366 3736
60 565 134 602 Lib.
155 577 186 615 3.

53 618 104 651 tit.
129 618 181 654 16,

691 91 774 137 Du
810 92 1125 137 omniomi
1164 89 1528 136 PitouAurti.

237 182 494 227 muscitantium,
518 178 548 221 fi
556 179 712 220 repudium
721 182 866 215 mittunt,
892 174 956 207 baec
975 180 1037 207 tria
1058 180 1113 206 cri-

237 241 319 267 mina
338 236 450 274 inquiri
460 236 612 265 conveniet
624 243 635 262 .-
653 225 850 269 fimo-cham,
874 223 901 265 fi
918 227 1110 259 medicamen·

235 289 349 317 tariaerm
360 304 372 322 ,
397 283 451 314 vel
455 283 672 315 conciliatricem
681 278 838 317 repudiare
850 277 977 310 voluerit
991 299 998 307 .
1025 275 1114 311 Con-

233 333 381 367 ciliatrix
395 331 440 365 est
455 332 555 372 laena,
581 327 771 371 productrix
787 350 796 365 ‚
825 329 929 371 pretio
952 325 1112 358 condusta

231 374 314 428 Sa-ga
325 406 335 418 ,
362 383 433 418 Lex
445 382 519 416 data
528 380 572 412 est
586 377 681 411 ssaffo
693 377 725 410 δε
744 377 887 411 Ablavio
913 374 1114 411 Consulibus

229 444 319 467 anno
341 433 504 477 trigesimo
523 429 630 473 primo
650 427 756 470 quarti
777 425 958 461 Christiani
971 426 1076 460 saeculi
1106 450 1112 458 .

230 474 651 523 Constantinusergoiunc
667 487 734 511 erat
757 478 850 521 plene
874 476 1080 511 Christianus
1110 501 1116 508 .

229 534 436 575 Hinclegem
464 530 522 562 suo
545 527 664 563 Codici
690 529 730 561 ad
753 527 887 561 titulum
898 527 939 560 de
955 526 1115 570 Repudiis

227 583 360 619 inseruit
372 581 480 623 junior
491 578 704 619 Theodosius
713 602 720 609 .
747 578 790 614 Et
799 576 920 614 ibidem
931 588 1020 612 extat
1033 578 1114 610 fimi-

226 633 266 672 lis
284 632 337 665 lex
358 630 565 674 Imperatoris
586 628 752 666 Honorii,
790 627 1005 672 impartientis
1018 628 1111 661 'diser-

226 693 293 717 tam
306 681 494 717 facultatem
508 690 667 714 novarum
683 677 752 723 post
764 679 894 720 repudia
907 678 1092 721 nuptiarum
1106 701 1113 708 .

225 731 430 774 Huiusmodi
442 731 607 765 adulteros
626 729 861 764 commiseratae
885 728 1029 771 quaedam
1056 727 1116 760 Ec·

224 783 326 816 clefiae
338 781 545 818 crediderunt
563 779 638 813 istas
652 803 663 819 ,
690 778 809 824 quibus
822 789 992 812 tantorum
1017 777 1114 811 Prin·-

224 834 337 876 cipum
360 833 448 879 leges
486 830 667 875 praebebant
703 829 853 864 fomenta
871 853 881 869 ,
909 829 1116 864 infirmitates

225 885 315 926 posse
329 882 458 927 purgari
469 881 502 914 in
515 881 626 915 futuro
638 878 752 915 saeeulo
765 903 776 919 ‚
804 878 944 923 ideoque
956 878 989 911 ὅ(
1000 874 1116 913 admit-

224 933 339 967 tebant
357 932 398 965 ad
419 931 636 976 Baptismum.
674 928 840 973 Praecipua
874 930 1116 965 commiseratio

223 981 288 1016 fuit
299 992 375 1027 erga
390 991 510 1025 patrata
523 980 568 1015 ob
580 979 812 1014 fornicationis
832 981 960 1012 causam
983 979 1115 1023 repudia

221 1043 261 1066 ac
274 1032 433 1067 adulteria
443 1055 452 1064 .
483 1030 548 1067 His
559 1031 648 1066 enim
661 1041 729 1065 non
741 1030 815 1064 solae
832 1030 1006 1063 hominum
1017 1031 1117 1074 leges,

221 1081 321 1117 sed&
342 1082 410 1127 ipsa
424 1083 531 1119 favere
558 1079 757 1114 videbantur
773 1079 953 1124 Evangelia
974 1105 980 1112 .
1021 1080 1116 1114 Hinc

220 1131 323 1176 longe
335 1133 442 1176 plures
466 1132 531 1175 ipsa
558 1142 624 1164 uon
646 1131 820 1164 dumtaxat
843 1129 1079 1164 miserebantur
1104 1155 1116 1171 ‚

220 1182 276 1217 sed
286 1182 320 1217 δε
330 1182 426 1229 plene
437 1180 619 1228 purgabant
633 1205 640 1217 ,
671 1180 714 1214 Et
728 1181 845 1214 horum
868 1181 1067 1224 opinionem
1087 1188 1106 1219 ⁴,

222 1232 301 1266 licet
339 1231 480 1269 omnino
510 1231 705 1274 improbarit
717 1255 728 1271 ,
760 1231 885 1264 sanstus
909 1230 1116 1275 Augustinus

221 1292 291 1316 non
307 1283 498 1328 praesumpsit
511 1282 685 1315 damnare.
804 1318 808 1321 ,

273 1333 438 1379 Qaeuam
452 1333 530 1364 vero
548 1332 671 1365 fuerint
696 1330 763 1364 istae
774 1330 1043 1364 commiserantes
1059 1330 1115 1363 Ec-

221 1380 344 1422 clefiae,
372 1381 580 1424 Augustinus
621 1391 690 1413 non
729 1379 835 1412 edixit
847 1402 855 1410 .
884 1378 986 1411 Haud
1016 1378 1114 1413 dubie

221 1431 362 1472 ipsarum
387 1430 502 1471 aliquan
531 1430 650 1463 fuerint
678 1429 712 1461 in
728 1427 850 1461 vAfrica
873 1451 881 1458 .
909 1429 951 1461 Et
974 1430 1113 1474 ipsarum

221 1478 417 1522 sententiam
430 1477 619 1512 constanter
633 1478 741 1510 tenuit
767 1478 923 1512 Ruffinus
936 1503 947 1518 ,
971 1481 1028 1522 qui
1052 1481 1113 1522 pas-

219 1530 278 1564 sim
291 1529 432 1563 creditur
447 1528 618 1570 Palestinae
631 1527 824 1570 Presbyter.
854 1528 985 1562 Etenim
1000 1531 1033 1563 in
1048 1532 1116 1569 sua,

221 1590 277 1624 per
291 1579 450 1622 Jacobum
464 1578 679 1612 Sirmondum
707 1578 839 1622 vulgata
856 1603 866 1617 ‚
895 1578 972 1611 fidei
997 1581 1114 1623 profes-
1154 1620 1156 1623 v

220 1631 312 1662 lione
329 1630 422 1672 ponit
438 1628 526 1661 hunc
539 1629 681 1670 primum
696 1628 870 1661 articulum
886 1641 892 1659 :
921 1631 985 1672 ,Qui
1009 1632 1123 1664 dicum*

223 1678 620 1718 Diabolo&Daemonibus‚
647 1678 815 1719 &impiis‚
839 1677 892 1711 boc
920 1678 978 1718 est,
1006 1684 1116 1714 Genti-

220 1730 297 1764 libus
313 1753 327 1771 ,q
341 1730 470 1773 Judaeis
486 1752 496 1767 ,
523 1731 732 1761 samaritanis
748 1753 759 1768 ‚
786 1728 973 1771 omnibusque
997 1730 1115 1764 haeretl-

221 1782 428 1822 eis(excepn⁴1
439 1778 621 1821 Christianis
638 1802 649 1820 ‚
676 1785 727 1821 qui
750 1779 860 1811 reblam
880 1781 969 1822 fidem
988 1779 1112 1823 sequun-

219 1838 270 1863 tur
282 1855 292 1870 ,
318 1832 352 1864 &³
364 1838 533 1873 peccatores
544 1829 617 1872 sunt
631 1834 643 1870 )
668 1830 832 1871 aliquanda
845 1832 1028 1871 parcendum
1042 1856 1053 1871 ,
1081 1833 1114 1866 &t

215 1889 326 1923 poenas
356 1891 453 1913 eorum
480 1891 537 1912 non
563 1880 614 1923 effe
630 1888 796 1921 perpetuas
821 1903 831 1920 ,
858 1879 1020 1913 anathema
1037 1881 1076 1922 fir
1104 1906 1111 1914 .

221 1927 488 1964 Anathematizat
502 1931 687 1974 Origenem
701 1954 711 1969 ‚
737 1930 793 1974 qui
806 1929 898 1964 istam
914 1931 1112 1965 Daemonum

221 1990 260 2013 ac
272 1980 446 2023 impiorum
470 1981 646 2014 hominum
671 1981 911 2021 reparationem
936 1981 953 2013 a
975 1982 1114 2015 Platone

220 2039 389 2062 mutuatus
399 2030 705 2064 tentavitinducere
719 2030 751 2060 in
769 2028 941 2061 Ecclefiam
957 2053 964 2061 .
994 2031 1036 2063 Et
1061 2042 1115 2063 ex·

166 2098 169 2105 Χ
220 2078 301 2122 cipit
315 2077 544 2117 Christianos,
570 2078 757 2121 quireftam
770 2079 948 2120 sequuntur
975 2079 1073 2114 fidem
1102 2105 1113 2119 ‚

190 2155 193 2157 .
220 2130 254 2162 ὅ(
279 2129 353 2164 sunt
374 2138 577 2172 peccatores.
605 2126 744 2169 'Utique
763 2137 891 2171 >graves
911 2151 919 2159 .
949 2129 1015 2162 His
1042 2130 1111 2172 post

220 2180 341 2222 longos
354 2179 385 2210 in
402 2179 511 2211 futuro
540 2175 654 2210 saeculo
668 2176 761 2220 ignes
772 2177 936 2219 promittit
957 2188 1111 2222 expurga-

219 2229 348 2261 tionem
363 2239 398 2261 ac
419 2230 517 2261 viram
531 2236 702 2260 aeternam.
732 2226 794 2261 lssa
816 2238 890 2260 aetas
911 2225 1027 2262 habuit
1050 2241 1112 2262 tres

220 2278 375 2313 Ruffinos
386 2291 396 2310 .·
424 2288 540 2310 omnes
556 2275 764 2319 presbyteros
776 2300 786 2316 ,
812 2288 929 2311 omncs
941 2279 1087 2313 eruditos
1103 2303 1112 2319 ,

219 2340 335 2362 omnes
347 2329 386 2361 de
398 2331 479 2362 reela
494 2328 556 2360 fide
569 2328 726 2369 suspestos
738 2352 745 2360 .
774 2325 902 2361 Primus
926 2329 987 2362 suit
1011 2330 1112 2363 famo-

221 2380 273 2413 sus
302 2379 398 2413 saneti
438 2376 641 2420 Hieronymi
664 2378 876 2412 Adversarius
888 2403 897 2418 ‚
937 2378 1110 2422 Presbyter

221 2429 441 2474 Aquileiensis
456 2428 603 2463 Ecclesiae
615 2452 622 2459 .
653 2427 820 2463 Secundus
833 2428 894 2461 fuit
917 2430 945 2462 sa
953 2431 1014 2463 nt‘ti
1029 2430 1109 2463 Hie-

221 2479 353 2520 ronymi
365 2480 488 2512 amicus
500 2503 510 2518 ‚
537 2476 650 2521 utp0te
663 2476 703 2510 ab
715 2479 784 2521 ipso
795 2488 834 2511 ex
846 2480 937 2520 Syria
952 2480 1061 2513 missus
1073 2482 1106 2513 in

222 2530 441 2562 Occidentem
455 2531 495 2561 ad
507 2538 555 2561 res
567 2529 744 2567 maximas,
773 2528 875 2562 homo
889 2530 1027 2564 Latinus
1039 2554 1048 2570 ,
1075 2531 1108 2565 &

222 2578 394 2621 Presbyter
407 2579 515 2611 nescio
527 2577 617 2619 cuius
630 2577 662 2610 in
690 2578 848 2621 palestina
874 2580 1033 2614 Ecclefiae.
1065 2581 1105 2614 Et

221 2629 318 2672 hujus
329 2628 520 2672 quibusdam
534 2627 662 2661 videtur
682 2630 742 2662 esse
764 2629 828 2671 jam
849 2628 933 2663 ditia
956 2632 1106 2673 professio

218 2678 464 2723 atque'op'inio.
493 2678 631 2712 Tertius
655 2679 716 2712 fuit
743 2678 846 2712 bomo
871 2681 970 2722 Syrus
983 2705 992 2718 ,
1020 2681 1096 2715 Pres

219 2730 311 2773 byter
320 2728 584 2771 Mopsuestienfis
597 2729 631 2762 in
651 2729 788 2762 secunda
802 2729 921 2764 Cilicia
934 2730 1081 2764 Ecclesiae
1096 2757 1106 2771 ,

217 2793 255 2814 ac
270 2779 411 2813 scelerati
424 2778 598 2812 Theodori
612 2778 735 2813 ibidem
752 2779 903 2825 Episcopi
915 2805 923 2814 ‚
951 2782 1102 2815 Huncin

217 2830 671 2872 Commonitorio‚postquam
684 2829 900 2863 Celestianam
912 2830 952 2863 de
962 2832 1104 2874 origina-

218 2881 240 2914 li
255 2891 388 2923 peccato
402 2880 538 2912 haeresim
551 2879 722 2914 affirmavit
735 2890 841 2913 ortam
855 2880 895 2913 ab
908 2881 968 2914 isto
990 2882 1101 2916 Theo-

217 2931 319 2968 doro,
348 2940 438 2963 notat
467 2930 592 2963 Marius
628 2931 797 2963 Mercator
819 2943 826 2963 ι
857 2937 943 2966 Hanc
966 2938 1102 2974 ineptam

215 2981 401 3024 quaestionem
413 2978 590 3022 subsanc‘lae
614 2982 829 3012 recordationis
851 2980 1018 3022 Anastafiffi
1046 2987 1099 3015 Ro·

211 3038 317 3064 'manae
340 3030 467 3070 Ecclefiae
486 3029 599 3073 summo
626 3029 763 3070 Pontifice
776 3055 786 3070 ,
821 3033 955 3073 Ruffinus
978 3035 1102 3075 quidam

217 3088 335 3114 natione
344 3083 426 3119 syrus
439 3084 562 3113 Romam
573 3086 690 3122 primus
702 3086 824 3114 invexit
836 3106 845 3121 ,
874 3084 906 3114 <5
919 3092 951 3113 ut
965 3093 1030 3115 erat
1056 3095 1102 3114 ar-

212 3140 324 3174 gutus,
346 3129 508 3174 sequidem
531 3131 569 3162 ab
579 3133 644 3171 ejus
667 3134 790 3164 invidia
809 3138 944 3163 muniens
958 3157 967 3172 ,
995 3135 1028 3165 (5
1048 3141 1103 3174 per

215 3177 247 3223 se
254 3180 388 3220 proferre
399 3191 454 3213 non
465 3179 551 3223 ausus
565 3205 576 3221 ‚
606 3181 758 3224 Pelagium
773 3181 952 3214 Monachum
966 3184 1080 3223 decepit
1094 3209 1099 3215 .

217 3228 368 3273 Pelagius
380 3231 516 3265 eandem
531 3231 731 3274 impietatem
745 3231 898 3274 impressit
923 3233 1067 3266 Celestio
1094 3258 1099 3264 .

218 3280 287 3313 Hic
300 3279 342 3311 est
359 3279 510 3315 Ruffinus
524 3306 534 3321 ‚
559 3292 654 3324 quem
670 3280 756 3316 idem
779 3282 939 3315 Celestius
965 3285 996 3315 in
1025 3284 1101 3316 Car·

218 3329 401 3373 thaginensi
413 3329 546 3372 Synodo
560 3334 712 3376 opposuit
726 3333 834 3366 fausto
847 3332 1003 3367 Diacono
1019 3333 1100 3367 Pau·

218 3379 312 3419 lino,
338 3380 528 3414 &laudavit
541 3384 603 3415 esse
629 3383 686 3416 suae
710 3383 879 3426 opinionis
900 3385 1065 3417 auctorem
1091 3407 1097 3415 .

216 3429 364 3465 Proinde
374 3430 514 3474 graviter
525 3431 656 3467 deviant
665 3456 675 3473 ‚
700 3435 755 3477 qui
768 3444 867 3468 omne
880 3435 962 3468 istud
977 3434 1100 3469 crimen

1947 103 2009 153 35

1174 171 1342 215 hucusque
1380 171 1605 214 imposuerunt
1639 96 1777 207 Κωζαι)
1815 169 2012 215 Aquileiensi
2040 203 2048 213 ,

1176 222 1277 256 Porro
1287 223 1328 256 de
1338 221 1479 256 adducto
1501 223 1627 259 Ruffiui
1650 222 1803 267 palestini
1824 222 2054 262 anathematis-

1175 284 1230 307 mo
1242 273 1324 307 reste
1335 273 1443 306 scribit
1456 271 1596 314 Joannes
1609 275 1803 309 Garnerius:
1831 272 1946 307 1llorum
1955 282 2052 314 poenae

1172 332 1324 365 perpetuae
1345 325 1504 361 dicuntur,
1529 325 1608 364 quod
1625 327 1743 358 omnino
1773 323 1959 357 catholicum
1979 325 2015 364 est
2040 338 2049 368 ;

1174 374 1291 411 iliorum
1303 374 1476 416 temporales
1489 397 1499 412 ,
1526 376 1605 413 quod
1613 372 1666 416 eifi
1674 380 1789 418 magnis
1800 375 1868 406 olim
1888 379 1966 407 viris
1983 376 2052 419 pla.

1173 432 1265 457 citum
1275 424 1314 465 est
1327 449 1337 463 ‚
1363 424 1402 456 ab
1413 424 1482 455 aliis
1493 432 1594 455 tamen
1605 430 1711 456 erroris
1722 427 1904 458 damnatur.

1226 475 1317 508 Inter
1329 474 1405 508 istos
1417 484 1556 518 magnos
1569 474 1654 506 viros
1666 475 1727 508 fuit
1741 476 1865 509 sanstus
1887 475 2055 519 Hierony.-

1178 536 1248 559 mus
1267 549 1274 556 .
1306 525 1440 557 Etenim
1465 526 1498 556 in
1528 522 1634 566 primo
1666 525 1832 557 adversum
1856 524 2056 570 Pelagianos

1179 575 1326 618 Dialogo
1340 574 1421 607 dicit
1433 572 1472 606 ad
1488 571 1736 607 Haerefiarcharn
1762 574 1950 618 Pelagium:
1978 577 2060 610 Illud

1177 628 1248 658 vero
1261 651 1270 664 ,
1298 627 1377 667 quod
1386 630 1418 657 in
1425 621 1558 667 sequenti
1567 630 1656 664 ponis
1669 626 1829 666 capitulo,
1856 625 1890 657 in
1914 627 2059 671 diejudi-
2077 632 2156 678 Cap,
2173 643 2206 681 9,

1177 675 1218 708 cii
1233 676 1357 719 iniquis
1373 675 1406 712 ἀ
1419 674 1645 717 peccatoribus
1669 685 1734 707 nou
1761 676 1978 717 parcendum,
2006 676 2077 711 sed‘

1178 726 1304 759 aeternis
1315 723 1514 769 eosignibus
1525 723 1731 763 exurendos,
1749 725 1912 766 ferrequis
1931 727 2022 767 potest
2049 751 2061 766 ,

1179 776 1401 809 &interdicere
1422 782 1451 806 te
1470 772 1700 817 misericordiam
1725 777 1802 815 Dei,
1830 777 1863 808 (τ
1888 786 1960 808 ante
1981 779 2061 810 diem

1173 827 1282 863 judicii
1292 828 1330 859 de
1338 824 1491 869 sententia
1503 828 1536 869 J
1538 825 1636 857 udicis
1652 825 1789 869 judicare
1803 849 1812 864 ‚
1839 834 1872 857 ut
1888 824 1916 863 fi
1935 828 2062 859 voluerit

1177 879 1288 917 iniquis
1303 876 1547 917 &peccatoribus
1554 883 1681 916 parcere
1691 898 1701 913 ,
1726 885 1755 909 te
1772 873 2063 917 praefiribentemon

1174 926 1277 969 pofflt?
1317 926 1544 968 Hieronymus
1565 925 1792 968 improbabat,
1820 924 1909 969 quod
1932 927 2066 970 iniquos

1180 975 1306 1010 Fideles
1321 1001 1331 1017 ,
1360 978 1414 1009 seu
1452 974 1649 1010 catholicos
1686 987 1868 1018 peccatores
1910 975 2066 1020 Pelagius

1178 1027 1347 1060 damnaret
1360 1026 1401 1060 ad
1425 1026 1635 1070 sempiternas
1654 1026 1838 1070 gehennas.
1865 1025 2065 1061 Huncpto-

1180 1076 1284 1120 phetae
1293 1076 1382 1124 lsajae
1390 1077 1502 1113 locum
1512 1101 1522 1116 ,
1547 1077 1766 1110 comburentur
1774 1086 1943 1119 peccatores
1956 1080 1990 1111 ὁ·
2010 1083 2067 1111 ini·
2083 1071 2165 1115 CaP·
2182 1081 2208 1107 Ι·

1179 1125 1346 1170 quifimul‚
1371 1126 1544 1170 objicienti
1557 1127 1745 1169 respondit.-
1773 1132 1846 1164 Non
1857 1129 2003 1168 addidit,
2029 1132 2066 1161 In

1179 1188 1344 1211 aeternum.
1369 1177 1468 1210 Etad
1484 1179 1721 1221 consequentia
1746 1178 1915 1221 Prophetae
1938 1179 2033 1212 verba
2054 1203 2066 1218 ‚

1181 1227 1279 1269 &qut
1298 1228 1469 1268 relinquunt
1494 1230 1610 1267 Deum,
1637 1227 1918 1270 consummabuntur
1939 1253 1949 1269 ,
1978 1241 2079 1271 repo--

1181 1278 1262 1310 suit:
1294 1279 1418 1317 Proprie
1430 1276 1480 1308 hoc
1491 1278 1528 1308 de
1538 1276 1689 1310 haereticis
1707 1280 1836 1319 loquitur
1848 1302 1857 1316 ,
1885 1284 1937 1319 qui
1958 1279 2068 1310 redum

1178 1326 1249 1370 fidei
1262 1319 1417 1358 tramitem
1440 1327 1646 1366 relinquentes
1668 1325 1964 1369 consummabuntur,
1989 1328 2070 1366 lino-

1178 1377 1292 1410 Iuerint
1303 1377 1348 1408 ad
1359 1378 1519 1410 Dominum
1540 1382 1677 1416 reverti,
1704 1387 1793 1419 quem
1816 1378 2039 1419 dereliquerunt
2061 1403 2069 1409 .

1180 1429 1262 1470 ,Quae
1270 1424 1422 1469 sententia
1433 1427 1467 1459 (9
1478 1425 1653 1467 tt'bi'parata
1665 1426 1703 1467 est
1713 1449 1723 1464 ,
1745 1425 1773 1467 fi
1781 1428 1945 1470 neglexeris
1959 1429 2003 1459 ad
2011 1439 2070 1461 me-

1178 1479 1254 1512 liora
1266 1482 1400 1509 converti
1412 1503 1419 1511 .
1447 1477 1564 1509 Deinde
1576 1500 1587 1515 ,
1613 1478 1697 1517 cujus
1709 1476 1747 1516 est
1758 1484 1936 1510 temeritatis
1951 1485 2070 1520 iniquos

1180 1531 1389 1569 &peccatores
1401 1532 1505 1568 impiis
1508 1528 1639 1569 jungere
1651 1528 1667 1558 ἕ
1695 1528 1818 1574 lmpios
1829 1528 1947 1561 definit
1959 1531 2021 1562 elle
2035 1530 2070 1560 il-

1179 1579 1249 1616 los,
1276 1583 1328 1619 qut
1364 1582 1504 1612 notitiam
1528 1579 1585 1609 Dei
1608 1588 1667 1609 non
1686 1577 1818 1617 habent,
1849 1580 1901 1611 vel
1922 1581 2070 1622 cognitam

1179 1626 1395 1671 transgreffione
1409 1636 1585 1660 mutarunt.
1615 1628 1770 1662 Affirmat
1796 1629 1881 1670 ipsos
1901 1629 1920 1662 a
1943 1630 2068 1672 Fideli-

1180 1678 1375 1721 businiquis
1387 1678 1505 1714 distare
1519 1678 1716 1721 plurimum.
1748 1678 1870 1724 Ample
1898 1678 1963 1713 haec
1989 1691 2071 1713 con-

1159 1729 1285 1771 ‚firmat
1299 1754 1310 1769 ‚
1338 1739 1436 1772 arque
1449 1727 1642 1762 concludit:
1670 1732 1702 1761 si
1724 1739 1823 1761 autem
1844 1733 1989 1772 Origenes
2012 1742 2072 1764 om-

1159 1773 1162 1815 !
1180 1790 1232 1811 nes
1244 1780 1408 1812 rationales
1419 1788 1570 1811 creaturas
1583 1780 1657 1811 dicit
1672 1790 1729 1811 non
1739 1780 1790 1822 effe
1807 1781 1984 1822 perdendae
1997 1805 2006 1820 ‚
2035 1782 2070 1813 o·

1181 1830 1306 1863 Diabolo
1317 1829 1664 1870 tribuitpoenitentiam,
1691 1831 1768 1872 quid
1789 1831 1834 1863 ad
1860 1842 1933 1870 nos,
1962 1836 2013 1872 qui
2036 1831 2070 1863 o·

1157 1889 1161 1943 ι
1180 1880 1342 1912 Diabolum
1364 1880 1398 1912 Θ
1418 1879 1571 1912 satellites
1593 1881 1657 1920 ejus
1681 1904 1692 1919 ,
1727 1891 1887 1921 omnesque
1908 1886 2014 1921 impios
2036 1882 2068 1914 Θ·

1174 1936 1431 1970 praevaricatores
1443 1930 1569 1963 dicimus
1577 1934 1677 1970 perire
1684 1933 1831 1972 perpetuo
1842 1953 1851 1967 ‚
1878 1933 1910 1963 (9·
1924 1931 2071 1970 Christia-

1178 1990 1229 2012 nos
1245 2004 1255 2019 ,
1276 1974 1354 2020 stin
1361 1988 1480 2020 peccato
1496 1979 1799 2023 praeventifuerint‚
1819 1980 1991 2024 salvandos
2014 1982 2068 2023 effe

1172 1992 1374 2070 ροβριιέαιὲ
1402 2028 1515 2062 Palam
1528 2031 1698 2070 profitetur
1720 2032 1751 2063 se
1772 2031 1882 2073 quoad
1911 2029 2069 2064 Catholi—

1178 2088 1236 2111 cos
1249 2088 1435 2120 peccatores
1446 2076 1565 2112 sentire
1577 2089 1652 2112 cum
1666 2080 1832 2123 Origene.
1865 2080 1907 2113 Et
1919 2083 2067 2115 notanda

1157 2133 1161 2192 Ι
1177 2128 1249 2161 sunt
1263 2127 1380 2160 verba:
1407 2131 1503 2161 Ferre
1514 2134 1581 2169 quis
1591 2129 1706 2168 potest?
1735 2130 1881 2164 Edicunt
1897 2130 2065 2172 Hierony-

1157 2177 1386 2243 {muminhac
1411 2177 1571 2211 sententia
1599 2179 1693 2212 fuisse
1729 2179 2028 2213 constantissimum
2057 2207 2065 2214 .

1156 2252 1159 2297 y
1176 2227 1265 2261 Nam
1278 2227 1311 2260 ὃς
1324 2226 1497 2272 Pelagium
1514 2240 1581 2261 non
1596 2227 1809 2270 increpasset,
1840 2230 1897 2262 nist
1918 2242 1957 2262 ex
1972 2232 2066 2265 firma

1157 2278 1228 2310 ¹sua
1242 2279 1402 2311 sententia
1424 2302 1432 2310 .
1459 2278 1502 2310 Et
1520 2279 1668 2321 praefatus
1688 2279 1842 2313 Ruffinus
1864 2280 2007 2313 omnino
2021 2293 2063 2315 ex

1156 2316 1159 2335 l
1174 2328 1242 2371 ipso
1254 2328 1406 2362 formavit
1421 2329 1511 2362 suum
1527 2330 1692 2370 praefatum
1706 2330 2036 2364 anathematismum.

1223 2377 1396 2411 Marianus
1407 2378 1576 2413 Victorius
1589 2378 1748 2412 Reatinus
1761 2381 1942 2422 Episcopus
1955 2383 2064 2416 censet

1174 2428 1319 2461 sanilam
1333 2428 1581 2472 Hieronymum
1596 2440 1691 2472 agere
1704 2431 1744 2463 de
1766 2431 1870 2472 poenis
1894 2432 1927 2463 in
1948 2432 2062 2466 futuro

1173 2479 1287 2512 saeculo
1312 2479 1524 2522 purgatoriis.
1556 2479 1597 2513 Et
1619 2480 1810 2513 Franciscus
1833 2481 1850 2514 a
1877 2481 2023 2514 Messana
2050 2507 2061 2523 ,

1170 2528 1531 2570 quidifficiliorasanffl
1559 2529 1760 2571 Hieronymi
1786 2530 1858 2564 loca
1880 2531 2007 2575 digetlit
2026 2535 2058 2565 in

1169 2578 1410 2622 alphabeticum
1423 2579 1574 2612 ordinem
1587 2604 1597 2619 ,
1626 2581 1766 2622 praesenti
1782 2581 1859 2614 loco
1884 2581 1972 2615 dedit
1994 2581 2059 2617 boc

1170 2629 1350 2673 margi'nale
1362 2629 1521 2662 Scholion
1534 2642 1544 2662 .-
1570 2634 1689 2670 Jmpius
1702 2630 1752 2663 bic
1764 2635 1934 2670 Hieronymo
1947 2634 2058 2665 dicitur

1167 2678 1324 2723 infidelis,
1350 2677 1574 2718 &baereticus‚
1601 2681 1811 2722 &apostatari
1827 2682 1909 2722 fide,
1934 2686 2056 2724 proprie*

1165 2730 1333 2771 loquendo‚·
1357 2737 1494 2770 peccator
1505 2732 1597 2768 vero,
1626 2738 1678 2773 qui
1697 2730 1803 2772 firmus
1827 2738 1859 2763 in
1875 2733 1937 2774 fide
1956 2742 2057 2774 pecca·

1167 2788 1232 2812 tum
1243 2780 1366 2821 aliquod
1390 2779 1548 2821 commifit,
1575 2783 1657 2820 cujus
1672 2780 1703 2823 fi
1722 2794 1788 2815 eum
1797 2789 1968 2823 paeniteat,
1992 2783 2055 2825 post

1161 2828 1470 2872 poenassalvabitur.
1499 2829 1609 2863 Habet
1622 2831 1689 2864 haec
1711 2831 1767 2865 sub
1794 2832 1909 2871 verbo,
1939 2836 2054 2876 Purga-

1164 2885 1292 2913 tortum.
1324 2879 1524 2923 Respondeo
1550 2883 1689 2916 sanetum
1714 2883 1962 2923 Hieronymum
1984 2895 2054 2918 om·

1166 2930 1247 2963 nino
1260 2930 1406 2974 agerede
1419 2932 1497 2976 igne
1522 2933 1729 2974 purgatorio:
1759 2933 1870 2966 verum
1894 2934 1935 2967 de
1954 2933 2013 2968 illo
2040 2958 2051 2974 ,

1163 2980 1220 3023 qui
1246 2992 1314 3013 non
1343 2982 1410 3015 sola
1439 2982 1602 3020 venialia,
1630 2982 1681 3014 sed
1701 2983 1756 3024 qui
1780 2993 1894 3027 purget
1922 2985 2051 3027 insuper

1163 3031 1313 3065 mortalia
1336 3041 1487 3074 peccata.
1519 3031 1561 3064 Et
1585 3031 1649 3065 hoc
1675 3034 1755 3066 citra
1786 3037 2014 3075 poenitentiam
2041 3058 2049 3067 .

1165 3080 1300 3114 Etenim
1335 3083 1474 3124 opinio,
1502 3092 1572 3124 quae
1593 3083 1785 3117 mortalibus
1813 3086 1954 3127 peccatis
1978 3085 2048 3127 post

1163 3132 1392 3175 poenitentiam
1408 3133 1569 3174 promittit
1586 3134 1813 3176 purgationem
1827 3137 1858 3168 ὅ(
1881 3137 2009 3168 veniam
2037 3160 2047 3175 ‚

1165 3182 1291 3215 nonest
1306 3182 1495 3226 singularis.
1525 3182 1604 3215 Non
1619 3184 1661 3216 est
1687 3183 1826 3226 opinio,
1854 3187 1906 3218 sed
1935 3185 2048 3218 immo-

1164 3230 1228 3266 bile
1246 3232 1574 3276 Evangeliidogma.
1606 3232 1719 3267 Plures
1743 3235 1861 3268 schoiae
1888 3237 2047 3268 Dostores

1163 3283 1367 3323 docuerunt,
1393 3282 1574 3326 &quidam
1597 3285 1778 3318 etiamnum
1802 3286 1923 3319 docent
1936 3285 2009 3318 illos
2036 3308 2047 3324 ,

1164 3337 1218 3376 qui
1234 3334 1266 3366 in
1291 3332 1352 3366 hac
1373 3333 1437 3366 vita
1456 3333 1499 3377 de
1522 3333 1706 3367 venialibus
1728 3338 1904 3376 poenitere,
1934 3345 1987 3368 aur
2008 3334 2048 3367 de

1164 3383 1296 3416 remissis
1310 3383 1448 3426 peccatis
1472 3383 1668 3418 mortalibus
1691 3385 1807 3418 nolunt
1831 3385 2010 3418 satisfacere
2035 3409 2047 3426 ‚

1165 3435 1253 3470 neca
1268 3434 1439 3469 Sacerdote
1448 3435 1686 3471 Sacramentale
1695 3436 1864 3470 admittere
1873 3435 2047 3478 judicium,

1914 3487 2004 3529 poste
