2366 3736
380 122 470 182 348.

331 258 410 287 tione
429 251 611 297 suscepimus
636 278 646 292 ,
673 254 751 295 quod
774 265 837 286 cum
856 259 887 285 in
901 253 1073 293 Monalt'erio
1091 279 1199 287 ......

331 306 538 336 Eremitarum
561 303 664 335 sanari
693 303 845 346 Augustini
875 306 986 346 Oppidi
1014 303 1212 345 Lovanienfis

331 355 485 396 vivificum
505 357 643 392 Corporis
672 356 792 385 Domini
821 353 905 392 nostri
925 352 1006 399 Jesu
1032 353 1141 393 Christi
1162 357 1209 386 sa·

329 413 510 436 crumentum
535 401 686 445 honorifice
712 402 929 445 conservetur,
956 406 1040 444 cuius
1067 417 1210 437 reveren-

329 460 405 487 tiam
431 454 463 484 ἕο·
489 451 622 483 honorem
648 453 854 486 inducentibus
869 453 972 488 adhoc
979 454 1129 497 plerisque
1149 467 1210 487 ma-

328 502 389 544 mf
384 502 442 541 stis
470 504 622 535 miraculis
646 527 657 543 ,
694 515 762 545 quae
789 507 906 537 Divina
934 504 1074 545 Majestas
1102 505 1214 537 ibidem

322 561 378 594 per
404 549 571 593 hujusmodi
597 554 819 587 sacramentum
846 557 879 588 (ff
905 556 982 588 illius
1020 560 1134 587 virtute
1154 563 1211 596 per

322 600 409 644 suam
436 605 690 642 Omnipotentiam
716 610 747 637 in
761 605 824 637 dies
851 614 1011 646 operatur,
1044 604 1154 645 Christi
1180 603 1211 645 fi.

325 652 435 684 delium
468 652 539 685 ditis·
565 653 621 686 loci
651 660 706 695 pia
736 655 853 687 devotio
880 657 940 687 unii
964 666 1028 687 cum
1054 653 1211 687 Fratribus

326 701 400 737 dic‘li
426 701 592 742 Monasterii
613 701 667 746 [bu
687 708 882 745 Conventus,
910 715 944 736 ac
967 706 1057 737 iidem
1079 709 1206 737 Fratres

325 762 390 785 eum
415 751 481 793 ipsis
509 762 619 785 certam
650 765 684 786 ac
717 755 858 787 devotam
893 753 1034 787 habentes
1064 759 1143 787 inter
1178 752 1210 796 se

979 802 1133 846 solemnem
1146 815 1210 836 cum

325 852 403 883 dicio
430 856 556 894 Corpore
582 855 730 886 Dominico
766 859 797 886 in
827 853 970 886 Parecbia
998 855 1099 886 sancii
1127 857 1211 887 Petri

323 903 397 934 dic‘li
426 904 538 944 Oppidi
563 901 770 944 consueverunt
773 903 878 945 facere
887 904 1099 945 proteffioncm,
1129 909 1209 937 exin·

325 805 582 844 Fraternitatem,
605 802 726 846 singulis
739 810 828 836 annis
853 827 861 835 .
873 827 880 833 .
894 828 916 836 ..
929 828 952 835 ..

325 953 417 994 deque
441 963 529 994 quam
547 953 708 993 plurimum
734 952 861 996 ipsorum
887 956 1006 987 devotio
1035 954 1149 994 Christi
1168 954 1209 995 fi-

323 1003 433 1035 delium
462 1004 626 1046 adaugetur
655 1029 679 1035 ..
696 1030 702 1037 .
719 1028 725 1036 .
741 1028 766 1036 ..
795 1007 942 1037 Divinum
971 1005 1082 1037 cultum
1109 1003 1208 1043 nostris

323 1058 475 1094 cupientes
502 1060 689 1096 augmentari
715 1054 891 1095 temporibus
918 1066 953 1087 ea
975 1061 1074 1087 omnia
1105 1056 1138 1089 ὦ·
1153 1054 1207 1095 [in-

319 1102 392 1146 gula
415 1114 481 1144 quae
503 1105 546 1135 ad
570 1105 716 1136 Dominici
744 1108 880 1145 Corporis
906 1103 1209 1138 reverentiam&bo-

324 1164 423 1187 norem
449 1153 500 1194 effe
522 1153 603 1196 gesta
625 1153 777 1196 noscuntur
803 1163 874 1186 rata
898 1153 1038 1187 habentes
1059 1180 1068 1194 ‚
1098 1154 1208 1187 didiam

317 1201 453 1242 faciendi
479 1214 515 1234 ac
539 1204 732 1236 continuandi
753 1205 948 1245 proceffionem
971 1204 1145 1238 auctoritate
1162 1216 1208 1236 no·

317 1251 382 1292 stra
407 1253 562 1284 ordinaria
581 1252 797 1294 favorabiliter
817 1254 976 1298 elargimur
1006 1279 1014 1286 .
1042 1254 1132 1287 Dum
1157 1266 1209 1288 ta-

323 1313 397 1336 men
427 1300 616 1344 hujusmodi
647 1303 805 1347 proceffio
834 1305 889 1338 fiat
918 1304 1019 1338 etiam
1048 1316 1123 1338 cum
1154 1305 1205 1338 Sa·

321 1351 486 1386 cratiffimi
516 1353 671 1396 Corporis
701 1353 826 1388 Christi
850 1354 907 1388 sub
928 1356 1083 1388 consueta
1114 1357 1207 1398 panis

321 1403 425 1445 specie
453 1401 649 1437 sacramenti
685 1404 887 1447 aliarumque
919 1406 1076 1439 sacrarum
1112 1404 1207 1437 Reli-

320 1454 470 1494 quiarum
491 1452 739 1496 deportatione,
765 1461 883 1487 caeteris
912 1456 956 1487 ad
980 1454 1032 1488 boc
1059 1453 1205 1488 adhibitis

314 1502 558 1546 solemnitatibus
583 1513 673 1545 prout
699 1504 944 1547 christifidelium
970 1506 1118 1538 devotioni
1144 1516 1205 1537 con-

315 1559 409 1596 gruit„
422 1551 516 1595 solitis
547 1556 580 1586 (ν’
606 1553 771 1596 consuetis.
800 1559 837 1587 1rt
866 1566 986 1596 quorum
1013 1554 1208 1593 testimonium

318 1604 363 1636 ad
383 1611 559 1643 perpetuam
586 1609 629 1635 rei
647 1608 817 1635 memoriam
836 1603 892 1635 has
911 1602 1075 1646 praesentes
1088 1605 1207 1637 litteras

318 1653 415 1696 sigilli
448 1651 535 1692 nostri
558 1655 604 1684 ad
622 1651 725 1695 causas
747 1652 919 1694 appensione
940 1654 1066 1695 jufflmus
1087 1666 1207 1687 commu-

318 1708 403 1740 niri,
430 1703 487 1735 &c-

320 1779 324 1782 .
371 1751 413 1784 Et
448 1749 525 1784 hinc
558 1749 644 1784 clare
666 1751 820 1785 discimus
848 1751 940 1785 istam
965 1752 1120 1794 pietatem
1146 1754 1208 1786 effe

319 1802 489 1844 antiquam
519 1801 793 1835 consuetudinem
824 1800 986 1835 Romanae
1027 1800 1175 1835 Ecclefiae
1201 1826 1208 1833 .

318 1853 454 1892 Etenim
479 1861 587 1884 tantus
600 1851 805 1892 Cardinalis,
836 1851 1006 1894 praesertim
1027 1850 1144 1895 Legati
1159 1861 1210 1884 au·

321 1901 478 1936 thoritate
503 1902 668 1945 fungens,
697 1901 779 1934 nihil
805 1901 998 1941 mandaret,
1026 1902 1083 1935 nifi
1102 1913 1142 1935 ex
1164 1901 1209 1935 di-

321 1952 458 1995 sciplina
484 1951 655 1985 Romana.
685 1951 813 1984 Harum
841 1951 1081 1995 proceffionum
1110 1953 1210 1994 pietas

322 2002 486 2046 originem
514 2002 609 2035 duxit
635 2001 718 2044 apud
747 2001 878 2036 Urbem
901 2001 1076 2042 Veterem,
1103 2003 1136 2037 ὅτ
1159 2013 1210 2035 na-

323 2052 434 2088 scendi
463 2054 574 2086 ansam
599 2052 654 2095 ipfi
679 2051 811 2095 praebuit
823 2052 1025 2086 Miraculum
1050 2063 1210 2095 patratum

322 2103 357 2136 in
384 2103 473 2136 sacro
500 2101 690 2145 Corporali.
721 2102 761 2135 Et
783 2102 823 2135 ad
850 2099 953 2136 hocce
978 2101 1146 2147 Religiose
1169 2113 1212 2135 re-

324 2152 562 2193 condendum,
582 2155 643 2185 esie
669 2152 800 2195 publico
814 2153 945 2194 praefata:
958 2151 1109 2185 Civitatis
1130 2151 1213 2185 AEre

324 2204 515 2238 exstruQam
541 2202 701 2246 infignem
715 2202 881 2236 Basilicam
897 2200 1006 2236 scribit
1020 2200 1214 2244 Onuphrius

324 2253 495 2286 Panvinus
516 2276 526 2291 ,
554 2263 649 2293 atque
675 2251 827 2295 adjungit
849 2264 857 2284 ι
887 2256 923 2284 In
949 2263 1005 2293 quo
1032 2252 1214 2284 celeberrimo

325 2303 434 2343 templo
456 2297 593 2345 sant‘lum
621 2303 777 2342 Corporale
802 2302 968 2335 collocatum
991 2301 1049 2343 est,
1074 2303 1154 2344 quod
1156 2301 1216 2342 sin·

323 2352 407 2396 gulis
434 2357 524 2383 annis
552 2357 585 2384 in
615 2351 692 2392 festo
718 2355 854 2390 Corporis
882 2351 991 2390 Chrisii
1018 2375 1028 2390 ,
1056 2357 1087 2383 in
1112 2351 1215 2384 celebri

326 2403 381 2434 illa
408 2401 626 2442 supplicatione
652 2401 825 2439 devottffime'
851 2400 1056 2441 circumfertur
1079 2424 1089 2439 ,
1122 2400 1210 2442 finiti<

329 2457 387 2485 mis
413 2451 546 2483 omnibus
574 2452 690 2492 populis
718 2453 750 2483 εδ
777 2450 830 2482 illa
855 2451 904 2482 die
929 2451 973 2483 ad
996 2451 1034 2483 id
1059 2447 1215 2491 visendum

328 2500 555 2540 confluentibus.
585 2500 822 2534 Circumfertur
844 2500 937 2535 simul
959 2510 1034 2533 cum
1054 2498 1212 2532 sacrosan·

330 2554 383 2586 sto
414 2552 625 2585 sacramento
654 2577 662 2585 .
699 2551 822 2584 Eadem
849 2550 985 2592 piiffima
1010 2549 1214 2583 consuetudo

331 2601 419 2644 viget
447 2612 502 2643 per
527 2611 661 2634 omnem
686 2600 834 2633 italiam.
864 2599 1081 2642 Neapolitana
1107 2599 1214 2634 Eccle-

326 2652 372 2687 fia
400 2651 586 2683 circumfert
611 2651 719 2691 Caput
747 2650 780 2684 &
807 2650 1011 2694 Sanguinem
1030 2651 1059 2683 S.
1085 2649 1214 2692 Episco-

331 2702 365 2745 pi
391 2701 424 2734 &
449 2699 607 2742 Martyris
638 2700 780 2742 Januarii
808 2725 815 2731 .
847 2699 948 2746 Qod
980 2700 1092 2733 eadem
1117 2701 1215 2741 pietas

330 2750 417 2795 apud
446 2749 729 2783 Mediolanensem
758 2750 934 2783 Ecclefiam
948 2750 1073 2794 vigeat,
1100 2750 1214 2791 &pro-

333 2801 407 2836 bata
435 2799 473 2832 fit
498 2811 551 2842 per
579 2799 607 2833 S.
620 2799 776 2833 Carolum
802 2799 1043 2840 Borromaeum,
1073 2799 1154 2832 infr&
1165 2799 1216 2833 de-

332 2850 567 2891 monstrabitur
589 2873 596 2880 .
615 2847 715 2907 ’Qid
741 2859 821 2891 opus
842 2850 955 2883 multis
976 2851 988 2883 Ρ
1016 2861 1131 2883 omnes
1158 2849 1217 2884 sub

1259 588 1338 646 {pree
1364 604 1452 637 oculis
1478 604 1618 638 babentes
1641 629 1653 644 ,

1243 1377 1246 1382 ·
1272 1354 1473 1395 Eucharistiae
1499 1357 1722 1389 sacramentum
1744 1379 1754 1391 .

944 122 1597 168 ·Disselz't'‘Arr,o

331 202 382 235 bus
408 203 526 238 illibata
543 203 697 245 perfistant
715 228 721 235 .
752 203 835 236 Flde
859 204 954 248 digna
969 203 1115 246 fiquidem
1137 205 1214 238 reia·

1279 205 1433 238 Generalis
1458 205 1559 238 studii
1579 201 1754 244 Colonienlis
1775 206 1942 247 Πέμπει,
1961 203 2163 251 sacrosandae

1278 252 1437 298 Theologiae
1465 254 1600 288 nonam
1625 255 1659 289 o·
1685 254 1862 297 Profeffores
1887 257 2060 299 ordinarii,
2088 260 2161 292 dum

1275 315 1352 337 mone
1377 305 1468 342 nollro
1490 306 1619 348 legitime
1644 305 1678 338 (5
1702 305 1887 348 collegialiter
1899 315 2084 351 congregati,
2110 311 2160 342 de·

1275 352 1335 386 bite*
1360 361 1598 398 requireremur,
1622 364 1656 388 ut
1682 362 1717 390 in
1736 353 1854 399 sanllae
1879 356 1913 390 &
1939 360 2072 400 ingenuae
2099 371 2156 393 ve·-

1276 408 1379 437 ritatis
1412 403 1574 448 subsidium
1601 428 1612 444 ‚
1634 406 1730 447 quoad
1764 403 1986 448 infra-scriptos
2017 410 2158 442 articulos

1275 465 1429 498 congruum
1451 454 1671 496 perhiberemus
1708 455 1900 497 testimonium
1921 481 1933 498 ,
1958 457 2090 502 ⁴collutis
2114 460 2160 492 ad

1274 509 1401 537 invicem
1429 511 1509 538 votis
1529 529 1540 545 ,
1561 503 1673 547 seclusa
1698 512 1775 538 omni
1798 512 1909 541 amoris
1935 508 1989 541 vel
2004 508 2067 540 odii
2089 507 2161 550 pas-

1260 552 1341 594 fione
1359 575 1369 592 ,
1392 565 1426 587 ac
1451 561 1559 597 quovis
1582 554 1710 588 humano
1723 554 1877 598 respeBu,
1894 555 2046 603 solumque
2061 560 2168 598 Deum*

1686 610 1821 638 unanimi
1847 605 1992 652 suffragio
2030 608 2172 642 decrevu

1273 665 1339 686 mus
1359 678 1370 694 ‚
1403 665 1502 687 coram
1527 655 1662 698 omnibus
1688 656 1722 691 Θ
1742 654 1864 698 fingulis
1891 669 2014 700 quorum
2043 656 2159 698 interest

1273 705 1404 745 aliquam
1431 705 1466 737 de
1493 709 1623 738 veritate
1643 702 1832 748 sequentium
1858 709 2048 741 articulorum
2069 707 2160 741 babe-

1272 765 1303 787 re
1330 759 1487 794 notitiam,
1512 754 1613 796 testari
1639 755 1672 787 o·
1695 754 1786 796 fidem
1801 756 1905 797 facere
1917 758 1954 791 de
1967 759 2102 791 articulis
2112 755 2158 801 se-

1266 804 1450 895 Juennbm,
1476 812 1563 846 prout
1588 804 1696 838 harum
1716 804 1794 849 serie
1817 805 1953 846 testamur
1974 831 1986 848 ,
2013 809 2047 841 (θ’
2066 806 2159 848 fidem

1289 866 1400 886 acimus

1323 906 1422 938 Primo
1445 929 1455 946 ,
1493 904 1531 936 ab
1558 907 1766 939 immemoriali
1793 914 1923 948 tempore
1944 912 1978 940 in
2004 905 2060 940 hac
2081 907 2160 949 fidei
2216 903 2219 907 ¹

1273 957 1411 988 Romano
1418 954 1582 989 Catholicae
1618 955 1764 995 addtc‘ltff
1753 969 1812 989 ma
1836 960 1974 990 civitate
2001 958 2160 998 ImperIali

1273 1006 1396 1037 Colonia
1411 1009 1575 1050 Agrippina
1589 1030 1600 1046 ,
1625 1018 1692 1048 quae
1707 1004 1742 1048 se
1763 1009 1791 1038 5.
1810 1010 1954 1041 Romanae
1975 1005 2109 1049 Ecclefiae
2126 1005 2164 1048 fi·

1272 1054 1366 1087 delem
1391 1054 1441 1096 effe
1460 1054 1557 1097 filiam
1574 1054 1658 1088 haud
1675 1059 1821 1090 immerito
1844 1059 1993 1100 gloriatur
2018 1082 2028 1097 ,
2055 1058 2161 1090 lauda-

1272 1104 1359 1138 bilem
1393 1103 1470 1137 banc
1489 1103 1604 1148 semper
1629 1107 1746 1150 viguisse
1760 1131 1771 1147 ,
1811 1108 1843 1141 ό·
1870 1112 2033 1140 etiamnum
2060 1113 2164 1156 vigere

1272 1156 1504 1196 consuetudinem
1523 1168 1531 1187 :
1559 1157 1654 1200 ,Quod
1677 1158 1816 1191 videlicet
1841 1163 1874 1190 in
1901 1156 2034 1198 Ecclesiis
2056 1181 2068 1197 ,
2093 1165 2160 1190 tam

1271 1205 1436 1247 Collegiatis
1462 1207 1553 1247 quam
1592 1205 1818 1240 Parocbialibus
1856 1209 1890 1240 Θ
1921 1206 2118 1250 Regularibus
2149 1229 2161 1246 ‚

1266 1252 1386 1298 singulis
1414 1255 1517 1289 diebus
1546 1258 1713 1289 Dominicis
1734 1280 1745 1296 ,
1772 1257 1807 1289 (ν
1834 1255 1928 1295 Festis
1951 1280 1961 1295 ‚
1988 1257 2026 1289 de
2045 1263 2162 1296 praece·

1269 1312 1320 1345 pto
1342 1310 1373 1335 in
1385 1303 1455 1346 foro
1476 1305 1588 1347 feriali
1604 1304 1718 1348 solitis,
1746 1313 1913 1347 exponatur
1945 1305 2161 1345 Sanfflffimum

1789 1358 1882 1389 Immo
1904 1362 1937 1389 in
1958 1357 2059 1389 multis
2086 1353 2163 1399 ejus-

1276 1406 1343 1438 dem
1369 1404 1457 1437 Urbis
1488 1404 1620 1447 Ecclest'is
1646 1407 1774 1440 eandem
1799 1404 2034 1449 consuetudinem
2059 1411 2162 1450 vigere

1270 1463 1326 1496 pro
1341 1454 1464 1499 singulis
1484 1455 1578 1497 feriis
1601 1461 1716 1498 quintis
1729 1469 1740 1490 .·
1766 1455 1857 1498 idque
1875 1457 2049 1498 potifflmum
2061 1459 2163 1499 expia

1274 1507 1307 1538 <v
1331 1510 1455 1546 antiqua
1471 1512 1592 1546 piorum
1610 1507 1746 1549 fidelium
1751 1505 1953 1548 fundatione.

1322 1554 1451 1588 Secundo
1476 1579 1487 1596 ,
1528 1556 1608 1598 quod
1626 1562 1659 1589 in
1674 1554 1824 1599 plerisque
1845 1581 1857 1597 ,
1893 1569 1962 1600 quae
1986 1561 2070 1590 intra
2093 1567 2165 1590 ean-

1273 1605 1338 1638 dem
1361 1604 1438 1638 hanc
1457 1610 1628 1639 Civitatem
1653 1605 1868 1646 instituuntur,
1892 1606 2105 1648 proceffionibus
2116 1604 2164 1652 sog

1271 1655 1416 1687 lemnibus
1445 1657 1522 1687 idem
1546 1655 1755 1696 Sanfflffimum
1778 1659 2003 1690 Sacramentum
2025 1668 2092 1689 cum
2113 1656 2166 1695 deq

1273 1704 1337 1736 bita
1357 1710 1530 1736 reverentia
1556 1706 1590 1737 Θ·
1619 1705 1724 1738 honore
1744 1705 1930 1746 circumferri
1947 1704 2133 1749 consueverit
2153 1729 2164 1740 .

1273 1755 1365 1786 Immo
1389 1752 1422 1785 in
1443 1753 1662 1795 proceffionibus
1691 1754 1945 1794 parochialibus,
1973 1762 2013 1788 its
2035 1754 2166 1797 praeser—

1272 1808 1327 1832 tim
1353 1813 1420 1842 quae
1443 1800 1532 1842 semel
1551 1807 1582 1834 in
1605 1814 1684 1834 anno
1702 1825 1715 1841 ‚
1736 1806 1887 1843 praecipue*
1909 1812 1942 1836 in
1963 1806 2011 1838 dte
2033 1803 2164 1847 Sandis-

1267 1849 1333 1891 fimi
1370 1854 1509 1890 Corporis
1545 1848 1655 1890 christi
1684 1874 1696 1890 ‚
1731 1851 1765 1884 ὦ·
1790 1851 1877 1893 infra
1908 1851 2057 1886 odavam
2080 1854 2166 1891 illius·

1275 1899 1386 1939 institui
1409 1897 1538 1942 solent,
1564 1906 1662 1934 variae
1691 1911 1801 1943 quoque
1831 1900 2016 1944 diversorum
2041 1903 2167 1936 Sando-

1275 1962 1341 1983 rum
1364 1951 1550 1992 ,pracipue
1571 1952 1644 1984 vero
1668 1951 1848 1997 Beatiffimae
1871 1955 2005 1996 Virginis
2028 1954 2166 2003 Maria-9

1276 2000 1378 2034 debita
1400 2011 1465 2034 cum
1487 2001 1684 2035 devotione&
1698 2008 1892 2043 reverentia,
1917 2001 2165 2044 circumferuntur

1278 2055 1446 2093 Imagines.

1326 2103 1426 2135 Tertio
1453 2124 1462 2140 ,
1489 2101 1570 2143 quod
1586 2102 1667 2135 idem
1697 2101 1905 2142 Sandffmum
1933 2106 2163 2139 Sacrmntm

1276 2156 1307 2183 in
1343 2151 1432 2185 dicits
1471 2149 1606 2192 Ecclefiis
1635 2160 1698 2185 tum
1729 2154 1781 2186 vel
1812 2155 1943 2186 maxime*
1961 2161 2127 2195 exponatur
2151 2174 2164 2191 ,

1276 2201 1397 2243 quando
1433 2206 1468 2233 in
1503 2203 1605 2243 aliqua
1643 2202 1763 2235 illarum
1791 2203 1940 2237 Plenariae
1962 2202 2033 2246 sunt
2053 2204 2164 2245 ,Indul-

1272 2256 1385 2295 gentiae
1398 2274 1409 2291 ,
1435 2250 1487 2286 vel
1510 2253 1716 2296 quadraginta
1740 2251 1880 2286 horarum
1903 2262 2006 2296 preces
2014 2251 2163 2298 peragun-

1278 2310 1326 2335 tur
1345 2325 1353 2333 .

1328 2353 1448 2395 ‚Quarto
1469 2374 1480 2390 ,
1506 2352 1588 2393 quod
1606 2359 1663 2392 pro
1680 2351 1894 2391 exstimulando
1912 2353 2022 2393 Populo
2040 2353 2087 2384 ad
2096 2350 2165 2392 fre·

1277 2407 1430 2442 quentiam
1463 2402 1717 2435 sacramentorum
1746 2399 1938 2436 Poenitentiae
1962 2404 1996 2436 Θ
2017 2401 2164 2435 Euchari-

1271 2449 1338 2490 siiae
1362 2472 1373 2488 ,
1410 2456 1507 2484 variae
1529 2456 1562 2483 in
1595 2450 1752 2491 praediHis
1788 2450 1916 2492 Ecclefiis
1943 2450 2085 2490 institutae
2102 2449 2165 2492 fint

1273 2497 1329 2540 sub
1350 2501 1432 2532 titulo
1453 2498 1640 2542 diversorum
1664 2500 1836 2534 sanc‘iorum
1849 2525 1859 2540 ‚
1885 2502 2069 2535 &notanter
2079 2502 2167 2534 Bea-

1276 2550 1384 2589 tiffimae
1409 2553 1540 2593 Virginis
1565 2572 1576 2588 ,
1592 2548 1649 2591 sub
1666 2555 1765 2582 variis
1788 2552 1885 2584 titulis
1907 2554 2128 2583 Fraternitates
2147 2572 2164 2590 ‚

1275 2603 1308 2631 in
1327 2598 1433 2641 quibus
1447 2603 1540 2632 varia
1552 2607 1740 2643 peraguntur
1752 2602 1773 2632 ἆ
1785 2600 1998 2644 confratribus
2016 2598 2161 2639 Christia-

1278 2661 1325 2683 nae
1341 2653 1469 2690 pietatis
1493 2654 1662 2683 exercitia.

1326 2701 1475 2743 Quinto,
1503 2697 1564 2731 baec
1583 2704 1682 2732 omnia
1697 2708 1754 2741 pro
1785 2698 1988 2743 conservanda
1999 2700 2080 2734 Fide
2094 2702 2159 2732 Ca-

1277 2748 1384 2782 tholica
1419 2750 1454 2783 Θ
1487 2750 1697 2793 expugnandis
1719 2749 1872 2792 baerefibus
1895 2775 1908 2792 ‚
1942 2761 2012 2793 quae
2031 2755 2066 2787 iu
2085 2746 2162 2793 bifie

1279 2799 1422 2834 Partibus
1443 2804 1521 2832 circa
1541 2797 1672 2839 Sandiss
1673 2810 1751 2832 mum
1776 2799 1971 2841 Eucharisiiae
1989 2798 2161 2841 Sacramen-

1281 2858 1346 2882 tum
1369 2873 1379 2888 ,
1405 2855 1619 2882 invocationem
1645 2850 1816 2883 sannorum
1841 2874 1852 2890 ,
1887 2851 1921 2885 o·
1946 2851 2055 2884 cultum
2083 2851 2162 2879 Ima-

333 2901 420 2935 coelo
444 2899 590 2933 Ecclesiae
615 2901 647 2933 in
674 2900 767 2932 sacris
799 2899 1051 2941 processionibus
1071 2922 1082 2938 ,
1117 2899 1216 2933 etiam
1272 2905 1377 2943 ginum
1386 2899 1568 2940 praecedente
1575 2897 1826 2943 saeculograffatae
1835 2898 1924 2942 sunt
1951 2895 2164 2934 o‘inloctsvi-

334 2951 576 2985 Sacrosanc'iam
604 2949 842 2983 Eucharistiam
878 2950 1178 2983 circumferentibus
1205 2974 1216 2989 ,

334 3011 394 3043 pro
419 3001 513 3033 Duce
534 2999 656 3034 babent
680 3001 818 3033 sanciam
832 2997 1013 3043 Imaginem
1030 3000 1218 3034 Dominicae

336 3050 472 3084 Crucis.
500 3049 576 3082 Sine
599 3051 661 3091 ipsa
690 3061 755 3083 non
773 3049 992 3092 fitproceffio.
1024 3047 1142 3082 Eadem
1155 3050 1216 3093 pie·

336 3109 385 3133 tas
415 3100 503 3142 viget
534 3101 565 3132 in
593 3099 759 3138 Polonia,
786 3100 819 3133 in
835 3099 1028 3140 Hispaniis,
1054 3099 1135 3132 acin
1150 3110 1218 3132 om-

336 3148 441 3184 nibus·
455 3148 650 3183 Christianis
669 3150 863 3183 Latinorum
890 3148 1082 3183 Gentibus-

338 3207 449 3234 carent
472 3197 652 3231 istiusmodi
675 3197 945 3241 proceffionibus.

387 3250 494 3293 Juvat
506 3247 679 3291 adjungere
705 3250 929 3283 testimonium
951 3260 988 3283 ac
1005 3249 1219 3292 judiciumsa-

336 3311 398 3335 crae
419 3289 639 3342 Theologicae
672 3299 852 3333 Facultatis
874 3299 1112 3335 Colonienfis:

340 3351 480 3381 Decanus
507 3373 518 3388 ,
554 3351 653 3382 senior
678 3371 690 3387 ‚
721 3349 830 3391 aliique
868 3352 991 3384 sacram
1031 3337 1237 3384 Facultatem

340 3396 540 3444 theologicam
575 3404 609 3435 in
642 3399 725 3433 alma
758 3410 795 3434 ac
818 3400 1001 3436 celeberrima
1026 3398 1221 3443 Univerfitate

1276 2955 1349 2982 cinis
1361 2954 1524 2981 etiamnum
1537 2955 1658 2992 vigent,
1666 2949 1809 2990 fuerunt,
1826 2951 1860 2984 ὀ·
1870 2947 2043 2992 adhaesum
2057 2946 2122 2981 uttl
2114 2947 2163 2986 ff

1277 3011 1342 3033 ma.
1354 3000 1447 3031 Immo
1460 3010 1497 3031 ex
1507 2998 1562 3032 bac
1574 3009 1638 3033 tam
1639 2998 1793 3041 frequenti
1802 3000 1970 3041 sandiffimi
1979 3000 2000 3031 5
2000 3001 2164 3031 aeramenti

1274 3049 1393 3091 publica
1420 3046 1516 3090 expos
1513 3055 1587 3083 tione
1611 3074 1622 3089 ‚
1650 3051 1684 3083 ὀ·
1703 3051 1948 3089 circumlatione,
1976 3060 2034 3081 non
2061 3037 2161 3090 soluttt

1278 3099 1355 3133 nibil
1375 3105 1550 3132 reverentia.-
1577 3106 1630 3131 aut
1653 3097 1768 3132 bonoris
1785 3101 1831 3133 illi
1853 3097 1948 3132 debiti
1975 3099 2134 3140 derogatur
2147 3119 2161 3137 ‚

1112 3138 1235 3183 Graeci¹
1258 3151 1373 3206 {multo
1394 3154 1492 3182 minus
1516 3150 1601 3190 apud
1630 3149 1749 3183 Fideles
1780 3145 1894 3189 vilescit
1926 3157 1979 3181 aut
2003 3150 2161 3180 contemni-

1277 3209 1348 3238 tur,
1376 3203 1447 3241 quin
1460 3199 1560 3240 potius
1584 3198 1740 3232 Fidelibus
1762 3198 1805 3229 ad
1824 3200 1965 3238 majorem
1977 3198 2161 3231 devotionem

1260 3242 1312 3282 ⁵&
1330 3255 1528 3281 reverentiam
1542 3248 1692 3288 stimulum
1706 3248 1818 3285 addit,
1843 3248 1916 3280 adeo
1937 3248 2099 3289 efficacem,
2123 3253 2158 3281 ut

1151 3304 1264 3336 Nosa
1278 3297 1383 3332 nullibi
1400 3305 1431 3330 in
1455 3297 1587 3338 Eccless‘is
1607 3295 1746 3337 maJorfit
1759 3297 1858 3338 fidelis
1873 3299 1985 3339 Populi
1996 3294 2160 3338 concursus,

1261 3346 1370 3392 quam
1387 3347 1437 3380 ubi
1458 3347 1587 3388 sanifiiff
1589 3357 1668 3379 mum
1692 3348 1913 3383 Sacramentum
1930 3347 2049 3391 publice
2072 3351 2163 3386 expo-

1263 3404 1314 3434 ni
1335 3396 1480 3446 omnibus⁴
1491 3395 1530 3439 est
1545 3395 1731 3439 manifestum
1746 3421 1755 3432 .

2005 3447 2093 3482 sexto
2104 3468 2118 3486 ,
