2366 3736
425 131 509 178 Dc
545 118 1243 190 AurtQuA·D1sch21N·A
1279 124 1476 169 Cursr.
1516 124 1786 174 Mitrcriffi.

231 220 306 251 Non
316 213 577 256 'estenimpotestas
591 210 646 257 nifi
659 212 778 255 dDeo,
798 207 864 248 five
878 208 1001 247 jubente
1017 231 1029 246 ,
1049 205 1111 247 five
1141 249 1143 251 ‚

226 264 352 308 fini-nte.
381 265 458 298 Ciam
478 265 544 307 ergo
564 269 615 296 vir-
629 260 749 303 justus,
769 257 799 299 fi
813 257 870 300 sub
896 262 976 300 Rege
998 256 1112 292 bomine

230 320 320 349 etiam
325 314 472 360 sacrilego
485 316 612 352 militet,
639 309 716 348 rede
723 309 803 349 poffit
815 310 864 342 illo
882 309 1004 349 jubente
1026 308 1115 340 bella-

228 374 283 404 η,
309 371 414 398 civicae
422 372 510 407 pacis
531 363 666 397 ordinem
680 358 815 402 scrvans
831 382 843 399 ,
869 363 915 392 cui
938 360 1018 400 quod
1029 360 1115 398 jube-

227 423 278 447 tur
289 418 341 451 vel
363 427 421 449 non
435 416 486 460 effi.-
495 421 595 448 contre
608 413 877 451 Deipraeceptum‚
901 418 1015 443 certum
1038 408 1074 447 eft
1101 433 1112 450 ,

228 465 280 499 vel
288 465 387 499 utrrim
393 464 432 507 fit
442 488 455 505 ,
476 471 588 498 certum
602 472 659 494 non
689 460 726 501 est
738 484 749 500 ,
775 466 820 492 ita
830 469 862 492 ut
868 458 994 501 fortaffe
1007 461 1117 502 Regem

223 513 322 555 faciat
359 520 503 557 iniquitat
526 513 700 553 imperandi
727 518 875 543 nocentem
899 532 910 548 ,
936 514 1118 542 innocentem

227 572 327 602 autem
336 567 461 597 militem
476 562 610 604 ostendat
623 563 694 594 ordo
700 559 856 603 serviendi
871 571 885 600 ;
912 561 1024 601 quanto
1055 571 1119 591 ma-

223 620 274 663 gis
286 622 320 650 in
331 611 588 652 administratione
601 612 744 645 bellorum
766 609 989 649 innocentissime
1014 610 1115 642 diver-

224 663 336 707 satur,
367 669 420 706 qui
434 666 494 696 Deo
510 662 637 705 jubente
662 663 837 704 belligerat,
862 670 949 701 quem
970 659 1048 691 male*
1063 659 1118 691 ali-

226 714 301 755 quid
326 714 435 754 jubere
470 725 527 746 non
548 714 625 756 poffe
650 735 661 753 ,
687 722 770 746 nemo
795 734 806 751 ,
842 714 894 754 qui
928 715 955 743 ei
979 707 1078 756 servit
1108 732 1124 748 „

225 768 345 809 ignorat
361 788 369 796 .
1036 766 1039 769 ⁴

278 813 449 851 Docemur
461 811 516 847 hic
531 811 635 849 multa
649 812 684 850 δε
697 820 816 855 magna
829 835 836 842 .
865 806 998 849 Primo,
1026 806 1116 852 quod

226 862 269 896 ad
298 862 515 900 indicendum
526 874 565 898 ac
586 860 766 908 gerendum
792 858 913 893 bellum
939 858 1118 902 requiratur

230 912 378 958 legitima
402 915 495 948 causa
507 937 522 954 ‚-
544 923 583 946 ac
607 912 758 956 legitima
782 908 974 943 auctoritas.
999 911 1116 943 Secun-

229 963 296 1004 ἀό,
320 964 410 1009 quod
421 964 481 997 ista
494 963 669 999 austeritas
694 962 733 995 sit
759 961 865 994 solum
889 970 988 1002 penes
1010 958 1116 992 solum

227 1013 414 1055 supremum
451 1012 660 1055 Principem.
692 1010 813 1044 Tertio
833 1034 845 1050 ,
886 1010 976 1057 quod
1015 1009 1121 1052 prima*

229 1060 299 1096 haec
311 1060 481 1096 auctoritas
492 1061 528 1096 sit
549 1072 649 1106 penes
663 1061 850 1095 Dominum
863 1060 975 1096 Deum
986 1083 997 1099 ,
1024 1058 1111 1092 ideo·

230 1122 295 1156 que
314 1112 355 1145 de
378 1112 533 1156 jussorum
548 1111 589 1146 ab
603 1112 677 1155 ipso
692 1111 852 1145 bellorum
874 1109 997 1152 justitia
1009 1109 1117 1142 nulla-v

230 1171 326 1199 tenus
336 1163 373 1195 sit
388 1160 606 1199 dubitandum
620 1186 630 1197 2
656 1160 788 1208 Qarto
811 1185 822 1201 ,
849 1159 938 1204 quod
955 1161 987 1193 in
1008 1159 1116 1193 istius-

229 1211 323 1247 modi
340 1210 434 1246 bellis
447 1209 552 1247 homo
563 1211 666 1253 justus
679 1210 944 1246 innocentiffirne
963 1210 1118 1248 versetur,

231 1262 373 1306 ideoque
393 1262 539 1304 ipsorum
565 1261 709 1306 gestores
731 1261 860 1304 antiqui
882 1259 1020 1293 Patresa
1045 1259 1115 1291 Ma-

234 1309 368 1347 nichaeis
381 1311 445 1344 fine
468 1311 688 1346 fundamento
709 1311 907 1345 damnentur
918 1320 972 1343 aut
984 1319 1115 1352 arguan-

1937 135 2025 181 τις

1180 219 1217 242 ac
1238 210 1483 252 dispensatione
1497 221 1510 245 ι,
1531 210 1690 253 ,Quidquid
1705 211 1986 250 vice-Deipraecipit
2004 210 2050 245 ho-

1179 270 1254 299 mo,
1274 260 1357 302 quod
1380 270 1481 293 tamen
1501 270 1556 291 non
1567 259 1606 300 fit
1629 252 1740 292 certum
1776 256 1926 301 displtcere
1951 263 2009 293 Deo
2036 282 2047 298 ,

1180 309 1263 343 baud
1281 309 1368 352 secar.
1379 312 1497 343 omnino
1507 312 1706 349 accipiendum
1719 309 1756 350 est
1768 334 1778 349 ,
1805 311 1897 351 qucim
1912 307 2047 350 fipraeci·

1176 367 1246 401 piat
1270 362 1366 392 Deus.
1398 359 1503 405 Qod
1524 359 1626 401 ipsum
1650 361 1774 394 sanstus
1791 359 1973 395 Bernardus
1998 361 2047 396 fir-

1180 420 1247 443 mat
1260 435 1269 450 ,
1299 422 1336 444 ac
1348 408 1445 443 latius
1457 409 1593 450 exponit
1609 410 1641 441 in
1658 410 1778 445 litteris*
1790 410 1830 444 ad
1853 410 1961 443 Adam
1973 409 2052 445 Mo·-

1181 459 1322 494 nachum
1337 483 1344 491 .
1373 460 1546 493 Consonat
1571 459 1603 490 in
1626 461 1867 496 commentario.
1891 459 1930 493 ad
1966 461 2050 494 osta·

1180 522 1256 543 vum
1270 517 1367 552 caput
1390 509 1484 552 primi
1500 508 1574 541 libri
1607 507 1738 553 Regum
1767 522 1905 554 magnus
1925 510 2051 554 Grego·

1179 561 1264 594 rius:
1305 564 1383 592 Vera
1399 559 1565 592 obedientia
1585 568 1636 591 nec
1670 559 1890 600 Praepofitorum
1914 567 2048 598 intentio·

1179 622 1246 644 nem
1257 607 1376 652 discutit
1388 633 1398 649 ,
1425 620 1475 642 nec
1483 617 1633 649 praecepta
1657 608 1796 650 discernit
1809 634 1819 649 ,
1846 617 1916 651 quia
1927 622 1978 651 qui
1990 623 2047 643 om-

1180 672 1214 694 ne
1226 667 1301 693 vitae
1308 658 1372 702 suae
1376 661 1530 700 judicium
1554 661 1664 698 Majori
1682 656 1841 700 fiiba'idit,
1866 665 1897 691 in
1918 659 1968 695 boc
1991 659 2050 702 solo

1174 712 1287 754 gaudet
1301 733 1311 749 ,
1332 709 1448 751 fiqued
1465 708 1518 749 fibi
1536 715 1730 749 praecipitur,
1759 718 1892 749 operetur
1914 732 1921 739 .
1946 709 2050 752 Nescit

1180 768 1257 794 enim
1266 761 1424 800 judicare,
1451 757 1583 801 quisquis
1590 758 1725 800 perfecqe
1743 758 1880 791 didicerit
1902 758 2016 792 obedire
2041 783 2049 792 .

1180 812 1265 853 ,Quia
1278 809 1328 846 boe
1341 811 1459 846 tantam
1472 811 1578 842 bonum
1585 817 1678 850 putat
1688 832 1698 847 ‚
1719 806 1910 849 fipraeceptis
1923 809 2050 843 obediat.

1181 860 1235 893 Est
1248 860 1555 894 dostriuaomnium
1585 859 1736 896 Parrum.
1768 857 1901 902 Regum
1921 869 1958 891 ac
1980 870 2051 893 om·

1179 911 1271 945 nium
1298 909 1541 952 Praepositorum
1575 909 1708 947 consilia
1745 909 1817 942 sunt
1844 908 2046 943 secretissima

1178 960 1351 1003 mysteria,
1375 971 1445 1004 quae
1464 958 1583 996 subditi
1608 969 1776 1002 penetrare
1812 969 1885 994 non,
1902 964 2008 993 vatent
2032 983 2045 998 ‚

1179 1020 1237 1044 nec
1259 1009 1379 1054 poffint
1401 1009 1529 1044 curiose
1541 1010 1667 1043 rimari:
1699 1008 1776 1044 hinc
1788 1007 1947 1052 quidquid
1957 1009 2052 1051 juffe-

1179 1061 1268 1100 rint,
1295 1060 1352 1093 nifi
1374 1059 1546 1096 manifesta
1571 1059 1606 1092 fit
1629 1059 1674 1093 rei
1696 1059 1778 1100 juffae
1802 1059 1975 1102 iniquitas,
2002 1059 2049 1093 est

1180 1109 1327 1153 prompte
1354 1109 1601 1146 admittendum,
1623 1121 1660 1143 ac
1687 1109 1936 1153 exequendum.
1973 1109 2052 1143 San-

1179 1162 1245 1193 ctus
1283 1160 1489 1203 Augustinus
1510 1158 1658 1203 adjungit
1682 1171 1837 1203 magnam
1865 1159 2011 1203 regulam
2039 1171 2048 1190 :

1178 1215 1227 1246 Ita
1240 1218 1271 1242 ut
1290 1209 1420 1253 fortasse
1446 1213 1554 1252 Regem
1584 1209 1685 1255 faciat
1709 1215 1853 1251 imquitas
1876 1210 2048 1250 imperandi

1179 1268 1324 1293 nocentem
1338 1284 1349 1300 ,
1380 1265 1560 1292 innocentem
1577 1269 1676 1292 autem
1692 1261 1816 1292 militem
1838 1259 1968 1296 ostendat
1980 1260 2051 1292 ordo

1173 1308 1345 1352 serviendi.
1382 1310 1436 1342 Ad
1451 1308 1574 1342 bellum
1596 1309 1675 1350 juste
1690 1310 1903 1341 indicendum
1918 1310 2054 1342 nullate-

235 1372 305 1395 tur.
333 1358 487 1406 Qintd,
509 1361 607 1404 *quod
636 1361 805 1398 Dominus
843 1360 933 1393 Deus
956 1358 1120 1394 sceleratis
1178 1360 1237 1392 nus
1251 1359 1366 1392 sufficit
1381 1356 1556 1401 probabilis
1569 1358 1717 1400 justitia:
1740 1358 1803 1390 effe
1824 1358 1922 1391 debet
1944 1359 2055 1391 certis-

235 1411 389 1456 gentibus
400 1410 563 1444 mandarit
587 1409 702 1445 inferri
725 1410 847 1443 bellum
865 1409 905 1442 ad
929 1419 1040 1442 earum
1069 1408 1116 1440 su-

234 1460 379 1504 perbiam
415 1459 624 1498 terrendam,
653 1458 887 1497 obterendam,
915 1467 972 1491 aut
1010 1457 1113 1500 subju·

1177 1411 1269 1442 fima.
1303 1408 1433 1441 Etenim
1446 1405 1651 1441 Christianus
1663 1406 1801 1450 populus
1829 1408 1895 1442 fine
1919 1407 2053 1440 firmiffi-

1179 1460 1240 1495 mis
1262 1458 1483 1493 fundamentis
1506 1468 1573 1491 non
1597 1459 1690 1500 possit
1714 1457 1828 1500 projici
1849 1458 1882 1490 in
1904 1459 2057 1491 miseran-

235 1511 399 1558 gandam.
429 1508 512 1542 Haec
547 1508 593 1542 est
620 1507 770 1551 palmaris
791 1507 926 1541 istorum
954 1506 1119 1542 bellorum.
1178 1510 1233 1547 das
1254 1509 1413 1542 animae&
1436 1509 1579 1551 corporis
1590 1507 1812 1541 calamitates.
1843 1508 1954 1553 Quare
1968 1508 2054 1548 Rex,

232 1560 377 1594 utilitas.
405 1558 529 1599 Sexto,
556 1558 647 1600 quod
684 1559 786 1591 etiam
813 1557 896 1591 bella
922 1557 1006 1596 ista,
1044 1568 1115 1602 quae

232 1620 289 1654 per
309 1609 501 1652 injustitiam
515 1632 525 1649 ‚
553 1618 609 1642 aut
631 1606 719 1641 certe
742 1607 921 1641 humanam
960 1595 1136 1649 cupidita-l

233 1670 300 1693 tem
320 1659 407 1702 pravi
425 1657 575 1692 homines
586 1668 708 1702 gerunt
720 1681 732 1698 ‚
759 1669 826 1691 non
839 1668 969 1691 careant
982 1658 1040 1690 suo.
1054 1658 1114 1690 fru-

231 1711 302 1743 ssu.
331 1708 536 1743 Hominibus
552 1708 642 1750 justis
656 1719 723 1742 non
738 1706 951 1741 solummodo
964 1719 1031 1741 non
1056 1717 1115 1740 no-

231 1768 309 1794 cent
328 1783 338 1799 ,
367 1758 419 1792 sed
434 1759 562 1801 insuper
576 1758 712 1801 prosunt
732 1782 740 1790 .
766 1756 896 1801 Nempe
909 1757 949 1791 ad
961 1767 1112 1793 exercen-

230 1809 308 1846 dam
320 1807 529 1851 patientiam,
560 1805 803 1844 humiliandam
821 1809 966 1843 animam
981 1831 993 1847 ,
1018 1807 1051 1840 ἀ
1075 1807 1118 1840 fe-

230 1860 365 1894 rendam
394 1869 562 1901 patetnam
600 1857 810 1901 disciplinam
827 1857 1003 1891 .-Proinde
1030 1849 1135 1892 bella}

1179 1560 1256 1593 dum
1271 1570 1310 1592 ex
1323 1557 1482 1601 probabili
1505 1557 1675 1591 dumtaxat
1688 1557 1806 1600 justitia
1823 1557 1943 1591 bellum
1971 1557 2056 1591 indi-

1179 1610 1248 1649 cit,
1276 1606 1601 1652 peccatgraviffime‚
1627 1608 1661 1641 ὅ(
1684 1618 1793 1640 tamen
1814 1607 1907 1642 miles
1931 1607 2057 1652 obliga-

1179 1670 1232 1693 tur
1250 1658 1403 1693 obedire.
1431 1659 1510 1692 Duo
1521 1657 1608 1691 idem
1620 1669 1703 1700 opus
1715 1658 1840 1692 faciunt
1852 1681 1863 1697 ‚
1889 1659 1922 1692 δε
1938 1659 2056 1692 unicus

1179 1709 1224 1743 est
1238 1719 1360 1743 nocens
1371 1733 1378 1740 .
1408 1709 1521 1742 Altera
1532 1708 1590 1742 tali
1604 1707 1702 1741 militi
1717 1709 1887 1742 necessaria
1900 1708 2054 1742 conditio

1179 1761 1244 1798 est,
1272 1768 1304 1792 ut
1310 1765 1378 1801 paci
1401 1760 1435 1793 (ν
1452 1756 1546 1805 saluti
1566 1763 1713 1792 communi
1730 1757 1848 1801 serviat
1861 1781 1872 1798 ,
1895 1757 2059 1801 servetque.

1180 1812 1311 1843 ordinem
1328 1814 1430 1842 civicae
1449 1814 1534 1850 pacis*
1548 1834 1555 1841 .

1230 1858 1362 1897 Mature
1383 1858 1526 1893 notanda
1538 1860 1610 1892 sunt
1630 1858 1727 1893 santii
1744 1857 1922 1904 Augustini
1937 1858 2052 1893 verba:

230 1908 414 1943 istiusmodi
436 1910 511 1943 sunt
524 1919 655 1952 paterna
671 1908 812 1942 Domini
825 1908 890 1942 Dei
903 1906 1076 1949 disciplina
1103 1928 1115 1945 ,
1133 1894 1137 1942 i
1180 1913 1256 1942 Cum
1267 1912 1334 1953 ergo
1346 1915 1396 1942 vir
1405 1909 1502 1949 Justus
1514 1934 1525 1949 ,
1545 1908 1657 1950 fiforte
1666 1907 1718 1952 sub
1733 1913 1808 1954 Rege
1817 1908 1955 1953 sacrilego
1977 1909 2057 1942 mili-

232 1958 375 2004 ideoque.
407 1968 588 2001 numquam
625 1958 779 1991 videntur
811 1956 957 1999 permitti
984 1957 1043 1989 nisi
1070 1945 1136 1990 obi

231 2008 370 2052 grandia
396 2008 576 2041 multorum
603 2017 733 2048 peccata
756 2030 762 2037 .
804 2009 916 2040 Omne
941 2015 1082 2048 regnum
1105 1988 1137 2045 ,Ι

231 2058 341 2091 omnis
351 2057 539 2099 provincia,
566 2055 677 2088 omnis
696 2055 810 2088 civitas
833 2057 908 2088 sunt
932 2054 1037 2089 mixta
1062 2065 1104 2088 ex

232 2105 324 2150 justis
335 2118 373 2140 ac
395 2105 524 2149 injustis
546 2103 803 2142 habitatoribus:
831 2104 909 2138 hinc
937 2103 1026 2138 idem
1052 2103 1117 2138 bel·

233 2157 303 2190 lum
326 2156 407 2190 alios
442 2153 584 2198 probat,
609 2164 723 2197 purgat
738 2177 749 2193 ,
776 2165 814 2187 ac
852 2153 978 2196 perficit
992 2177 1008 2194 ,ι
1030 2153 1112 2186 alios

233 2207 395 2244 damnat,
423 2206 503 2241 facit
528 2201 745 2243 sordidiores,
772 2214 810 2236 ac
832 2203 969 2236 evertit.
995 2203 1033 2235 In
1057 2213 1115 2235 va-

234 2257 302 2291 rios
313 2262 465 2298 operatur
479 2253 586 2292 varia,
612 2253 661 2287 uti
673 2253 834 2287 fornaxin
849 2253 973 2295 paleam
996 2253 1030 2288 &
1054 2263 1109 2287 au-

234 2316 326 2341 rum.
356 2304 397 2337 Et
420 2303 544 2336 nemini
567 2314 663 2337 nocet
687 2303 769 2337 ultra
795 2303 886 2336 suum
914 2303 1068 2336 meritum
1097 2327 1104 2336 .

235 2354 370 2389 Etenim
386 2353 540 2396 subjusto
555 2354 630 2387 Deo
644 2363 745 2386 nemo
767 2353 869 2396 potest
892 2354 954 2386 effe
979 2353 1074 2386 miser
1104 2377 1116 2393 ,

235 2404 296 2441 nifi
310 2414 490 2438 mereatur„
512 2402 555 2437 Et
569 2413 670 2438 nemo
680 2402 725 2436 est
751 2403 834 2437 ultra
859 2402 1031 2435 meritum.
1059 2402 1112 2436 Li-

235 2466 286 2491 cet
299 2453 407 2497 injusti
422 2452 581 2488 bellorum
594 2453 734 2497 gestores
744 2462 843 2497 agant
857 2452 976 2495 injuste
986 2453 1111 2490 omnia,

235 2506 270 2539 in
284 2505 412 2538 nullum
427 2513 535 2536 tamen
550 2504 783 2546 permittuntur
803 2506 961 2536 atte‘nrare
984 2503 1073 2545 plura
1103 2526 1115 2542 ,

238 2553 434 2598 quamjuxta
448 2551 537 2585 illius
547 2554 683 2586 merita.
713 2552 810 2585 Adeo
835 2562 983 2586 accurata
996 2553 1040 2586 est
1062 2551 1110 2586 di-

237 2604 318 2638 vinae
341 2601 561 2636 Providentiae
585 2601 724 2643 justitia.
752 2601 864 2635 Nemo
895 2601 991 2636 habet
1014 2602 1112 2636 etiam

237 2652 322 2688 male
340 2652 482 2686 faciendi
510 2651 810 2694 potestatem,·niii
832 2652 849 2685 a
879 2651 969 2685 bono
996 2653 1074 2686 Deo
1102 2677 1109 2684 .

236 2702 332 2739 Licet
358 2713 427 2736 non
449 2702 559 2735 omnis
582 2701 756 2741 voluntas,
782 2702 823 2735 ab
844 2702 912 2746 ipso
935 2713 1043 2735 tamen
1065 2703 1109 2736 est

235 2752 347 2790 omnis
368 2750 528 2795 potestas.
558 2751 599 2784 Et
619 2750 702 2787 hanc
715 2763 782 2785 non
795 2750 849 2786 dat
872 2763 962 2785 extra
992 2752 1111 2787 limites

236 2802 420 2837 nostrorum
436 2802 627 2835 meritorum
638 2825 645 2832 .
659 2802 768 2846 Qam
781 2802 984 2835 certissimam
997 2813 1034 2836 ac
1047 2814 1111 2837 ma·

237 2852 472 2890 nifestissimam
495 2852 599 2885 Sancti
625 2851 802 2896 Augustini
825 2852 1006 2886 doctrinam
1033 2854 1114 2895 quis·

235 2903 309 2949 quis
326 2902 502 2947 intelligit,
530 2901 628 2935 habet
649 2902 683 2936 in
697 2902 759 2936 suis
777 2902 1015 2938 calamitatibus
1030 2904 1115 2939 mul-

237 2963 304 2989 tam
327 2952 589 2986 consolationem
602 2977 609 2984 .

287 3002 435 3047 Septimo
447 3002 600 3036 discimus
614 3027 625 3044 ,
650 3000 738 3046 quod
751 3000 853 3036 homo
876 3002 976 3046 justus
998 3003 1113 3038 milita·

240 3063 275 3086 re
294 3053 388 3098 possit
402 3065 469 3087 non
482 3054 610 3087 tantum
623 3053 681 3086 sub
695 3053 780 3095 justo
799 3053 912 3098 Rege,
938 3053 990 3087 sed
1016 3055 1102 3087 insu·

240 3112 299 3145 per
319 3102 532 3146 subinjusto,
559 3103 627 3136 imo
647 3103 680 3136 &
703 3103 761 3136 sub
785 3103 958 3148 sacrilego.
988 3104 1113 3138 Verum

241 3160 276 3183 ut
291 3149 353 3185 hoc
365 3152 482 3192 liceat,
509 3164 591 3196 opus
614 3154 657 3187 est
687 3153 815 3186 duabus
830 3153 1079 3188 conditionibus
1107 3179 1114 3186 .

242 3197 428 3242 Primaest,
454 3214 488 3237 ut
502 3204 537 3236 fit
549 3214 654 3237 certus
665 3203 705 3237 de
717 3203 836 3246 justitia
851 3203 947 3243 belli,
979 3204 1028 3237 vel
1051 3215 1114 3238 cer-

241 3249 275 3283 te
298 3250 498 3292 deinjustitia
520 3265 588 3287 non
608 3255 643 3287 fit
663 3265 791 3287 certus.
822 3254 898 3287 Hoc
920 3254 965 3287 est
990 3279 1001 3295 ‚
1026 3253 1115 3289 dum-

240 3299 346 3334 modo
380 3299 500 3342 iustitia
523 3304 558 3337 fit
573 3303 622 3336 illi
644 3304 840 3346 probabilis.
871 3304 960 3352 Qia
1000 3304 1115 3347 nempe

242 3360 310 3385 rem
325 3350 526 3393 probabilem
546 3353 718 3396 imperanti
744 3354 886 3397 principi
901 3378 910 3393 ,
937 3364 992 3388 aut
1013 3356 1116 3388 cuivis

250 3400 433 3443 Superiori,
460 3399 505 3435 est
542 3403 688 3446 prompte
724 3403 944 3438 obediendum
958 3429 965 3436 .
1007 3406 1113 3438 Aurea

243 3451 323 3486 -sunt
332 3450 430 3486 sant'ii
447 3450 601 3507 Bernardi
617 3454 757 3489 verbain
781 3454 868 3490 libro
889 3454 930 3489 de
953 3455 1116 3499 Praecepto

1180 1968 1223 1993 tet
1236 1983 1247 1999 ,
1273 1959 1350 1995 νεέῖὲ
1358 1960 1437 2001 poffit
1459 1960 1507 1992 illo
1512 1959 1638 1997 jubente
1658 1958 1770 1993 bellare
1784 1985 1791 1991 .
1821 1960 1924 1994 Aliud
1937 1960 1982 1993 est
1996 1960 2056 1993 mi·

1180 2009 1295 2049 litare,
1319 2009 1407 2042 aliud
1421 2009 1558 2049 bellare,
1585 2011 1636 2041 seu
1663 2009 1816 2052 praeliari.
1844 2010 2053 2054 Augustinus

1180 2058 1247 2103 agit
1260 2058 1300 2091 de
1312 2058 1372 2092 illo
1384 2083 1395 2098 ,
1421 2059 1476 2101 qui
1488 2058 1551 2099 jam
1564 2058 1740 2102 adscriptus
1765 2059 1855 2092 estin
1874 2060 2028 2093 militiam
2042 2082 2055 2098 ,

1179 2109 1212 2141 ὅτ
1222 2107 1392 2141 obstrictus
1407 2109 1619 2142 sacramento
1631 2133 1638 2140 .
1669 2108 1812 2142 Proinde
1825 2109 1888 2143 alia
1901 2109 1945 2142 est
1966 2110 2053 2143 ratio

1181 2156 1284 2196 illius,
1313 2157 1413 2199 quise
1427 2158 1495 2190 vult
1521 2155 1597 2190 dare
1621 2158 1655 2189 in
1684 2159 1858 2192 militiam.
1887 2159 1955 2191 Hic
1974 2159 2056 2203 cogi

1181 2216 1246 2241 non
1262 2205 1364 2250 potest
1379 2230 1389 2246 ,
1418 2206 1470 2239 sed
1490 2206 1664 2248 spontanee
1684 2208 1779 2251 eligit
1803 2232 1815 2247 ‚
1842 2207 1983 2250 ideoque
2004 2208 2056 2242 uti

1180 2255 1255 2289 Rex
1269 2267 1309 2289 ex
1323 2255 1487 2301 probabili
1502 2256 1672 2290 dumtaxat
1684 2259 1779 2291 causa
1791 2267 1858 2291 non
1874 2258 1974 2300 potest
1990 2258 2056 2292 bel-

1180 2306 1247 2341 lum
1260 2305 1406 2342 indicere
1420 2330 1429 2345 ,
1457 2306 1500 2339 ita
1517 2317 1619 2353 neque
1632 2306 1686 2341 hic
1699 2308 1942 2341 Sacramentum
1964 2308 2058 2342 adsu-

1180 2366 1282 2389 mere.
1310 2356 1381 2389 Erit
1420 2357 1663 2391 Sacramentum
1703 2358 1873 2391 manifeste
1911 2357 2061 2393 herodia-

1179 2416 1275 2439 num.
1303 2404 1469 2439 Probabili
1492 2407 1657 2440 sententiae
1671 2406 1779 2441 nullus
1791 2406 1845 2440 hic
1857 2407 1901 2440 est
1927 2407 2019 2441 locus
2044 2433 2053 2441 .

1181 2456 1313 2490 Etenim
1342 2454 1499 2489 bellorum
1530 2456 1562 2488 in
1592 2455 1769 2491 humanum
1794 2467 1898 2500 genus
1921 2458 2055 2492 vulnera

1178 2508 1376 2545 suntranta‚
1403 2516 1438 2538 ut
1453 2504 1559 2548 infligi
1573 2515 1734 2547 nequeant
1747 2531 1757 2546 ,
1788 2507 1843 2538 nisi
1858 2518 1898 2539 ex
1920 2508 2055 2541 manife-

1177 2555 1380 2599 stajustitia,
1406 2555 1475 2588 imo
1488 2565 1527 2587 ex
1554 2554 1722 2589 manifesta
1746 2557 1929 2591 neceffitate
1944 2582 1951 2589 .
1979 2556 2055 2591 Bel-

1177 2606 1245 2640 lum
1258 2604 1467 2638 indicereaut
1483 2604 1801 2641 miliriamaffumere
1817 2630 1828 2646 ‚
1854 2617 1921 2640 non
1946 2606 1991 2640 est
2006 2607 2053 2640 in·

1176 2656 1294 2690 choare
1308 2655 1394 2689 litem
1410 2678 1421 2694 ,
1448 2665 1506 2687 nec
1526 2655 1699 2696 procedere
1725 2666 1878 2690 venatum
1893 2682 1900 2688 .
1928 2656 2052 2691 Incon-

1175 2707 1260 2739 cussa
1271 2704 1315 2738 est
1326 2705 1402 2746 juris
1417 2703 1527 2748 regula
1543 2716 1555 2738 ².
1581 2703 1681 2739 Abiere
1703 2716 1760 2738 non
1786 2706 1934 2748 probante
1955 2706 2050 2750 absol-

1177 2762 1259 2788 vitur.
1271 2765 1359 2787 reus.
1386 2754 1518 2788 Locum
1539 2752 1637 2788 habet
1658 2756 1827 2841 prxertim
1851 2758 1882 2789 in
1906 2757 2050 2801 capitali-

1177 2804 1234 2837 bus
1246 2803 1399 2847 judiciis..
1424 2803 1518 2838 Hinc
1533 2816 1700 2848 nequaqua
1731 2817 1786 2848 vex
1799 2806 1977 2848 probabili,
1994 2807 2048 2841 sed

1177 2867 1217 2888 ex
1233 2855 1301 2888 sola
1311 2864 1398 2888 certa
1410 2865 1447 2888 ac
1459 2854 1554 2897 plene
1565 2856 1699 2897 probata
1716 2856 1845 2889 scientia
1859 2856 1961 2898 potest
1973 2857 2048 2900 quis

1176 2905 1322 2938 damnari
1341 2902 1380 2938 ad
1397 2913 1555 2938 mortem.
1583 2904 1630 2938 At
1645 2904 1719 2938 vero
1733 2905 1852 2940 bellum
1866 2905 2008 2941 indicere
2031 2931 2048 2948 ,Α

1176 2965 1230 2988 aut
1242 2954 1393 2988 militiam
1408 2955 1561 2987 assumere
1572 2954 1616 2987 est
1632 2954 1854 2998 semetjpsum
1874 2957 1913 2990 ad
1925 2957 2048 3000 capita-

1177 3005 1242 3045 les,
1277 3005 1310 3038 &
1337 3004 1392 3047 qui
1419 3003 1548 3047 quidem
1571 3004 1785 3046 plurimorum
1808 3004 1983 3041 hominum
2009 3018 2048 3042 ac

1177 3055 1253 3089 alias
1277 3054 1435 3088 terribiles
1457 3055 1666 3088 executiones
1687 3055 1914 3100 obstringere:
1948 3068 2048 3101 quare

1177 3105 1244 3139 fieri
1269 3116 1334 3138 non
1362 3104 1455 3147 poffir
1476 3126 1487 3142 ‚
1528 3104 1587 3137 nifi
1625 3115 1666 3138 ex
1686 3106 1792 3141 firmis
1810 3118 1847 3141 ac
1867 3107 2047 3142 manifestis

1177 3155 1412 3189 fundamentis.
1444 3153 1546 3186 Porro
1556 3155 1691 3199 quinam
1703 3156 1761 3190 lint
1779 3155 1846 3199 jam
1867 3156 2008 3192 obstricti
2033 3181 2048 3198 ,

1177 3206 1208 3239 &
1227 3206 1345 3249 quibus
1366 3202 1472 3237 modis
1483 3205 1554 3249 quis
1575 3204 1769 3249 astringatur
1788 3207 1923 3240 militari
1943 3207 2053 3240 sacra-

1178 3265 1315 3296 mento,
1341 3254 1487 3288 suoloco
1510 3265 1712 3297 exponetur.
1742 3257 1902 3292 Attamen
1919 3257 1950 3289 ἃ
1975 3256 2010 3290 hi
2037 3280 2050 3296 ,

1179 3304 1256 3339 dum
1278 3306 1318 3339 ad
1342 3303 1586 3346 expeditionem
1611 3316 1811 3346 evocantur,
1850 3305 2051 3340 evocationis

1179 3362 1306 3389 caulam
1318 3355 1510 3397 obligantur
1522 3353 1694 3389 discutere.
1725 3356 1856 3390 Etenim
1870 3354 1925 3387 hic
1935 3355 2048 3389 locum

1181 3407 1275 3440 babet
1288 3404 1498 3447 Apostolicus
1510 3405 1651 3439 Canon:
1679 3405 1922 3446 Omniaprobate
1937 3427 1948 3444 ,
1974 3406 2055 3448 quod

1180 3457 1283 3491 bonum
1308 3454 1345 3495 est
1368 3461 1479 3489 teneto.
1506 3454 1549 3490 Et
1586 3456 1785 3501 Evangelica
1818 3455 1914 3489 Lex:
1944 3455 2043 3491 Estote

1930 3513 2006 3548 pru·

2070 256 2150 302 Cap.
2166 270 2217 296 12„

2070 370 2128 426 ep.
2145 394 2176 430 7.

2067 583 2143 619 Lib.
2159 596 2190 621 2.

2067 647 2137 679 cap.
2165 645 2220 683 39,
