2366 3736
51 1200 135 1245 >Lib
152 1216 181 1243 1.

3 1291 6 1294 Α
48 1266 124 1303 cap.
150 1267 206 1306 31.

179 2353 185 2358 ,
211 2316 246 2355 ‘&
256 2317 448 2364 S-Cypriaui
457 2328 604 2361 tempore
618 2341 628 2357 ‚
640 2317 673 2350 &
683 2315 808 2350 dudum
822 2315 998 2358 postmodo
1010 2317 1096 2350 Afri-

42 2659 156 2695 Trast.

40 2719 95 2758 97·

38 2808 77 2845 L·
97 2806 193 2847 8461

625 159 801 192 ernon
835 144 1350 190 Pammeniomn
1384 142 1678 189 RcouLAR.
1792 156 1797 163 ⁵
1931 156 2022 202 303

236 222 330 276 Quini
345 224 449 272 priter
470 228 719 263 Donatistarum
742 227 877 272 ‘Regula
901 219 921 260 εἷ
939 227 1040 269 ‘Quod
1062 237 1113 260 vo·
1176 237 1269 259 mens
1290 224 1560 260 Anachoretasin
1575 225 1732 270 AEgypto
1743 220 1882 263 viderit,
1905 223 1950 257 est
1964 223 2048 264 mul-

232 277 479 341 lqmus[andum
504 279 544 322 est
562 303 571 321 .,
1012 296 1017 300 -
1176 286 1208 310 ta
1217 274 1367 318 quaestio.
1397 275 1430 308 Si
1442 277 1557 310 viderit
1571 300 1582 315 ‚
1605 275 1752 310 certeilli
1776 285 1844 307 non
1865 274 2048 315 frequenta·

242 331 265 340 “⁴
292 325 300 338 ³
334 338 338 341 ·
464 335 466 338 '
529 329 534 346 2
588 330 589 333 ’
631 326 634 331 “
699 328 703 331 ’
754 329 758 334 ”
1177 324 1254 359 bant
1266 324 1474 359 Concionem
1487 325 1658 369 Episcopi.
1688 325 1775 358 Nam
1788 323 1877 367 quod
1888 323 1938 356 illi
1951 324 1983 356 in
1996 333 2047 357 ne-

1176 375 1322 409 moribus
1339 376 1481 408 vixerint
1493 386 1568 408 cum
1580 375 1650 409 solo
1662 375 1814 414 Domino
1827 373 1902 408 Deo
1925 373 1956 407 ὅ(
1979 372 2048 416 ejus

1174 426 1249 459 feris
1257 424 1452 459 animalibus
1465 448 1476 464 ,
1488 425 1576 468 quod
1588 424 1750 468 perplures
1759 424 1858 459 etiam
1870 433 1974 457 annos
1985 433 2047 457 nec

1174 475 1377 509 Sacrificium
1390 473 1529 508 viderint
1541 499 1551 514 ‚
1575 472 1663 517 quod
1676 473 1826 518 Episcopi
1839 472 1880 508 ad
1901 473 2046 517 ipsorum

1173 524 1374 569 quandoque
1387 524 1486 558 cellas
1497 524 1643 558 oblaturi
1652 523 1727 558 ideo
1737 524 1923 557 accesserint
1933 548 1944 566 ,
1972 521 2047 566 quis

333 614 335 616 ,
400 614 412 618 Δ,
1174 574 1400 608 Ecclesiasticae
1408 573 1613 617 antiquitatis
1625 573 1744 616 peritus
1756 572 1850 616 possit
1873 572 2047 617 ignorare?

308 624 595 668 Rimu's'errorest
615 626 650 660 in
671 624 857 660 hisverbis:
884 626 960 658 Cum
973 636 1063 658 unum
1077 629 1109 658 in
1223 624 1325 671 Quod
1341 624 1435 667 primi
1449 622 1635 658 Coenobitae
1647 622 1686 656 ad
1709 622 1900 666 Episcopale
1922 621 2050 658 Sacrifi-.

276 684 283 690 ·
318 681 422 717 locum
431 681 621 711 convenirent
632 682 729 722 omnes
752 699 763 716 ,
791 674 919 715 Praefi'de
944 674 1109 717 Episcopo,
1171 673 1309 709 ciumvac
1323 673 1470 708 Verbum
1480 671 1686 712 accefferint,
1699 672 1858 707 affirmant
1880 670 2048 714 Apostoli-

227 726 248 766 ἃ
261 723 384 774 quouno
397 723 544 762 Divinum
557 720 683 760 Verbum
693 726 853 759 audierunt
864 726 919 759 &a
948 724 990 757 Et
1004 725 1086 758 infra
1099 736 1107 756 :
1170 735 1281 758 carum
1295 724 1581 758 Constitui-‚ionum
1594 721 1727 761 Author
1739 745 1750 761 ,
1771 722 1805 758 ὄτ
1816 732 1940 755 coaevus
1951 719 2000 754 illi
2011 730 2049 753 ac

226 774 409 815 lbi‘aderant
422 787 543 818 ‹unm-i,⁴
565 778 599 810 Θ
610 787 647 809 ex
658 772 730 809 urbe
741 783 763 814 ’,ν
783 776 817 807 τ’]
839 785 877 806 ex
891 779 972 817 agris
988 798 995 805 .
1023 777 1069 806 Et
1083 773 1113 816 fi
1169 774 1317 807 eruditus
1329 773 1491 817 scriptor,
1517 782 1615 817 quem
1626 771 1736 815 passim
1747 770 1914 814 appellant
1928 770 1956 804 S.
1969 770 2050 805 Dio-

228 830 353 873 quidam
367 834 465 864 viram
490 825 680 865 Monosticaem
693 823 922 867 profiterentur.
955 823 1106 857 Affirmat
1169 823 1295 866 nysium
1308 824 1543 868 Areopagitam
1554 848 1561 856 .
1589 821 1714 857 Verum
1736 820 1790 857 ille
1802 831 1874 860 mos
1894 831 1961 855 non
1986 820 2050 855 fuit

225 879 286 912 tria
297 902 305 910 .
332 878 444 912 Primo
457 902 468 919 ,
490 876 579 920 quod
604 877 638 909 in
663 874 831 917 primitiva
858 873 1000 907 Ecciefia
1022 874 1106 907 solus
1169 873 1358 908 universalis
1370 897 1383 914 ,
1408 884 1451 907 ne
1461 873 1594 916 quidem
1617 872 1702 916 apud
1716 871 1877 918 Graecos..
1888 870 1960 908 Nec
1986 870 2049 904 esse

224 924 475 967 concionaretur
491 926 668 970 Episcopus
679 948 687 955 .
700 922 953 965 Secundo‚quod
965 922 1005 957 ad
1021 924 1106 967 Epis.
1169 924 1276 966 potuit
1288 948 1296 955 .
1323 923 1414 957 Nam
1428 923 1529 967 prima
1543 921 1709 958 Coenobia
1732 921 1861 955 fuerunt
1875 919 1908 955 in
1928 920 2051 953 monti-

224 976 511 1021 c0pi8ermone‘m'
529 975 746 1009 convenirent
759 971 889 1006 Fideles
909 984 1044 1013 ornnes,
1070 974 1105 1008 δε
1169 972 1227 1007 bus
1240 997 1251 1014 ,
1265 973 1365 1014 silvis,
1380 984 1435 1007 aut
1446 972 1677 1007 remotioribus
1689 972 1792 1015 agris.
1821 971 1864 1016 Et
1876 970 1940 1012 ipsa
1950 970 2048 1003 etiam

225 1024 359 1062 Urbsni
369 1024 592 1072 ‚&³agrestes·.
616 1023 725 1071 *Qod
746 1032 830 1056 certe
855 1035 921 1055 non
948 1023 1083 1058 subsistit
1096 1048 1103 1055 .
1168 1023 1332 1066 primitiva
1345 1022 1527 1061 habuerunt
1538 1023 1629 1058 suurn
1643 1021 1872 1063 Presbyterum
1887 1019 1947 1052 .Et
1958 1019 2050 1065 quod

225 1071 368 1111 Etenim
379 1073 532 1119 nou‘pagi
543 1073 585 1108 ad
605 1072 804 1117 Episcopum
815 1097 826 1112 ,
848 1072 899 1106 sed
926 1073 1105 1117 Episcopus
1170 1084 1236 1106 non
1250 1072 1315 1107 loci
1323 1073 1503 1107 Ordinatio
1513 1098 1523 1113 ,
1552 1070 1603 1106 sed
1625 1072 1642 1104 ὲ
1655 1072 1686 1105 se
1697 1071 1797 1104 eiecto
1808 1093 1820 1110 ,
1846 1070 1922 1104 licet
1946 1080 2049 1102 remo-

222 1119 291 1159 i'b‘st
302 1121 480 1170 adfpagom
508 1124 552 1158 Et
559 1121 638 1158 hinc
649 1123 764 1157 saeculo
776 1132 879 1161 nono,
891 1122 970 1156 dum
982 1123 1104 1167 Pagen-
1168 1123 1288 1157 tiffimo
1301 1147 1312 1163 ‚
1324 1123 1488 1167 Episcopo
1500 1122 1697 1161 subfuerint‚
1716 1121 1801 1156 lucet
1809 1130 1847 1153 ex
1858 1119 1979 1155 famosa
1990 1119 2048 1161 Sy-

222 1176 269 1218 ses
282 1174 316 1210 in
329 1170 443 1219 Galliar
451 1170 638 1218 Presbyteri
659 1169 797 1206 vixdum
808 1173 1082 1206 concionaremur
1095 1198 1106 1213 ,

223 1218 341 1259 statiiit'
355 1225 443 1258 sexta
470 1221 658 1257 Parisienfis
688 1222 843 1265 Synodus
869 1236 879 1255 :
908 1221 1107 1265 Unusquisque

222 1273 384 1328 Episcopus
397 1278 525 1316 tempore
536 1274 661 1319 congruo
674 1272 851 1305 Parocbiam
858 1270 948 1315 suam
970 1279 1106 1306 circume-

223 1317 256 1359 at
267 1316 277 1359 ’.
287 1329 289 1332 ’
300 1318 435 1369 Utique
457 1324 552 1358 causa
575 1322 822 1357 praedicationis
839 1345 847 1353 .
875 1322 929 1357 Ut
953 1322 1107 1365 Episcopi

223 1376 440 1415 Praedicationi
457 1373 621 1415 studeanu
649 1371 781 1406 mandat
804 1371 905 1405 etiam
927 1371 1107 1405 Meldenfis

221 1418 376 1473 synodus
386 1447 398 1464 ,
407 1432 505 1467 atque
518 1422 685 1466 adjungit:
718 1427 776 1454 Aut
795 1420 959 1453 Panchrus
970 1433 1035 1455 cum
1048 1423 1106 1463 offi-

219 1469 262 1510 cii
272 1475 616 1525 “efficacia‘drcumeant3
643 1475 697 1504 aut
706 1470 770 1504 ciam
784 1471 933 1514 Religione
955 1478 986 1503 in
995 1470 1059 1514 suis
1071 1478 1106 1503 ci-

219 1518 375 1567 vitatibus
384 1522 497 1569 degant
507 1545 516 1554 .
541 1521 596 1555 De
621 1518 707 1566 pago
731 1521 767 1554 in
797 1531 916 1564 pagum
938 1522 1108 1564 praedicare

221 1583 290 1611 erat
301 1570 641 1619 Episcopisdiffieile'.
667 1570 1022 1605 Hincin-Tholosanis
1044 1572 1107 1605 Ca-

218 1623 334 1671 pitulis
345 1623 459 1658 statuit
471 1622 546 1656 Rex
557 1622 698 1656 Carolus
711 1620 832 1655 Calvus
843 1643 852 1660 ,
873 1631 908 1653 ut
920 1619 959 1652 ad
976 1621 1107 1663 Episco-

219 1684 300 1720 pum
321 1674 354 1707 in
368 1683 442 1714 uno*
450 1682 536 1716 pago
543 1670 800 1704 concionantem
816 1670 1016 1703 conveniant
1026 1680 1105 1711 qua·

219 1732 297 1758 tuor
308 1721 490 1759 Limitanei
501 1746 509 1754 .
539 1718 644 1754 Plena
657 1719 811 1753 Diiecesis
821 1718 861 1752 ad
876 1718 1028 1762 Episcopi
1042 1731 1106 1752 ver-

219 1772 300 1809 bum
312 1771 487 1808 convenire
502 1781 570 1803 non
582 1770 751 1808 consuevit
764 1792 776 1808 ‚
800 1768 857 1802 nisi
871 1769 903 1801 in
927 1768 1106 1810 majoribus

218 1822 490 1858 Festivitatibus,
518 1818 551 1852 ἀ
565 1827 644 1851 tunc
656 1828 710 1860 per
722 1816 807 1851 solos
832 1828 868 1850 ac
889 1828 1009 1860 paucos
1031 1819 1105 1852 suos

220 1871 384 1907 Primores
395 1895 403 1903 .
432 1865 599 1902 Gallicani
616 1866 675 1900 hac
687 1866 726 1901 de
738 1878 770 1900 re
783 1865 939 1901 Canones
957 1867 1033 1902 sunt
1051 1878 1105 1901 no·

218 1920 330 1957 tiffimi
341 1932 353 1953 .·
375 1920 560 1965 Exponunt
584 1916 680 1954 nobis
697 1916 902 1960 disciplinam
932 1916 1105 1961 primitiva

219 1971 385 2008 Ecclesiae.

267 2021 330 2055 Iste
343 2019 486 2062 Scriptor
499 2017 532 2051 in
547 2016 692 2052 addussis
703 2016 807 2051 verbis
819 2016 955 2051 affirmat
976 2015 1074 2051 tertio
1091 2041 1102 2057 ‚

217 2070 413 2116 quodetiam
427 2067 588 2103 Monachi
599 2068 680 2101 olim
694 2067 734 2102 ad
748 2066 899 2110 Episcopi
912 2068 1103 2101 Sermonem

217 2119 455 2155 convenirent:
481 2118 529 2152 Ita
542 2118 647 2152 studet
662 2115 852 2151 Monachos
873 2118 906 2149 in
934 2116 1101 2151 Laicalern

217 2171 382 2205 Ordinem
395 2167 538 2213 redigere
553 2191 560 2199 .
589 2167 630 2201 Et
644 2166 757 2210 probat
771 2166 836 2200 haec
857 2177 898 2199 ex
923 2165 1100 2200 Tertuiiia·

214 2232 263 2255 no
275 2230 331 2262 ,ac
344 2220 373 2252 S.
389 2218 559 2253 Clemente
571 2215 819 2251 Alexandrino.
852 2215 978 2249 Verum
992 2216 1037 2249 est
1051 2228 1101 2250 va-

214 2281 275 2304 cua
285 2281 322 2304 ac
336 2268 484 2314 imperita
498 2266 647 2312 probatio
662 2292 668 2300 .
699 2266 829 2299 Etenim
842 2277 881 2299 ex
894 2264 1096 2299 Tertulliani

372 383 374 386 ·
435 343 727 436 ,rc-offuit
778 375 963 430 .·x111-···=
1020 386 1022 388 ·

257 474 263 488 ⁶
324 479 517 532 Aperiantur
539 487 577 525 irc
588 480 785 521 revincuntur
809 476 933 518 quidam
958 475 1016 508 alii

241 530 243 532 ’
295 538 308 541 ”’
340 549 342 552 ·
362 526 421 581 [²2
431 576 433 578 Ι
456 527 536 572 istius
551 529 718 570 ·5criptoris
744 537 873 561 errores.

1171 1173 1260 1206 nodo
1279 1172 1307 1205 S.
1322 1172 1486 1207 Bonifacii
1500 1171 1747 1214 Archiepiscopi
1761 1169 2046 1214 Carthaginensis.

1169 1222 1442 1257 Chalcedonensis
1456 1223 1611 1265 Synodus
1622 1234 1662 1255 ex
1675 1222 1775 1255 causis
1794 1219 1876 1253 istud
1890 1219 2048 1255 mutavit.

1170 1271 1294 1306 Verum
1305 1272 1373 1315 ejus
1386 1273 1540 1308 canones
1550 1272 1675 1309 dudum
1687 1282 1754 1310 non
1776 1268 1905 1310 admisit
1926 1269 2049 1308 Latina

1171 1322 1407 1415 Ecxbitiiaqbum
1424 1371 1603 1406 Gallicanae
1614 1369 1764 1404 Ecclefiae
1774 1368 1900 1403 sensum
1912 1367 2048 1404 manife-

1170 1421 1230 1455 ssat
1241 1420 1415 1456 Theodori
1428 1420 1657 1464 Forojulienfis
1671 1418 1824 1463 Episcopi
1834 1419 1981 1452 adversus
1992 1419 2050 1453 Fa-

1172 1470 1277 1505 ustum
1289 1471 1470 1505 Lerinenfis
1486 1471 1680 1505 Monasterii
1694 1467 1858 1505 Abbatem
1872 1469 1978 1511 quoad
2001 1469 2051 1503 di-

1169 1522 1330 1554 rectricem
1346 1521 1592 1554 Monachotum
1605 1520 1797 1563 potestatem
1807 1519 2052 1563 quaestio‚quam

1170 1569 1262 1604 tertia
1276 1569 1471 1603 Arelatensis
1483 1569 1638 1611 Synodus
1650 1569 1803 1601 definivit
1817 1569 1850 1601 in
1864 1567 1954 1602 bunc
1980 1579 2052 1602 mo·

1168 1619 1246 1653 dum
1263 1632 1269 1651 :
1298 1622 1409 1653 Clerici
1420 1629 1510 1660 atque
1519 1618 1628 1651 altaris
1642 1616 1772 1657 Ministri
1784 1619 1804 1652 ἂ
1818 1618 1896 1652 nullo
1909 1642 1920 1657 ,
1947 1615 2004 1659 nifi
2023 1618 2048 1652 ὸ

1168 1669 1318 1703 Theodoro
1332 1668 1482 1711 Episcopo
1491 1670 1668 1702 ordinentur
1678 1691 1690 1707 ,
1715 1666 1887 1706 monasterii
1901 1670 1974 1703 vero
1984 1678 2054 1702 om-

1168 1724 1217 1752 nis
1228 1722 1322 1751 Laica
1334 1719 1491 1752 multitudo
1504 1720 1550 1750 ad
1559 1728 1659 1750 curam
1674 1716 1797 1750 Abbatis
1805 1722 1956 1757 pertineat
1967 1741 1975 1749 .
2003 1717 2051 1752 Et

1167 1767 1294 1801 addidit
1307 1769 1352 1801 sui
1363 1767 1476 1811 judicii
1490 1767 1618 1800 causam
1632 1779 1639 1799 :
1663 1772 1723 1801 Hoc
1736 1773 1814 1799 enim
1824 1766 1857 1799 ἐν
1871 1771 1997 1799 rationu
2012 1767 2050 1802 Θ

1165 1817 1329 1862 Religionis
1337 1819 1458 1858 plenum
1472 1817 1509 1857 est
1522 1841 1532 1856 ‚
1543 1824 1576 1849 ut
1587 1817 1700 1850 Clerici
1713 1817 1756 1849 ad
1766 1819 1990 1850 ordinationem
2002 1818 2048 1849 E·

1161 1865 1271 1909 piscopi
1284 1866 1382 1900 debita
1390 1867 1567 1910 subieiitone
1581 1864 1745 1909 respiciam
1760 1890 1771 1906 ‚
1797 1869 1892 1900 Laica
1902 1869 1974 1900 vero
1987 1877 2047 1900 om-

1164 1923 1211 1950 nis
1227 1917 1394 1957 Monasterii
1405 1921 1598 1961 congregatio
1610 1917 1653 1948 ad
1660 1915 1754 1959 solam
1767 1926 1800 1949 ac
1811 1916 1937 1952 liberam
1950 1917 2047 1950 abba-

1162 1972 1203 2000 tis
1211 1973 1329 2009 proprii
1340 1970 1567 2002 Ordinationem
1580 1991 1590 2006 ,
1611 1965 1879 2009 dispofitionemque
1885 1972 2043 2008 pertineat.

1165 2016 1273 2052 Voces
1284 2032 1295 2052 .-
1319 2020 1339 2050 5
1341 2019 1415 2050 olam
1436 2029 1470 2051 ac
1490 2016 1614 2050 liberam
1635 2041 1645 2057 ,
1671 2016 1839 2051 manifeste
1863 2017 2045 2053 excludunt

1166 2067 1362 2111 Episcopum
1376 2093 1383 2100 .
1411 2065 1556 2103 Proinde
1580 2066 1681 2101 Laica
1707 2066 1888 2100 multitudo
1917 2078 1986 2100 non
2002 2067 2044 2100 E·

1163 2117 1303 2160 piscopi‚
1332 2118 1385 2152 sed
1411 2116 1563 2151 audiebat
1590 2116 1724 2151 verbum
1738 2115 1896 2157 Abbatis,
1928 2117 1977 2151 vel
1989 2116 2042 2153 de-

1161 2167 1260 2210 legati
1286 2167 1327 2201 ab
1354 2168 1426 2211 ipso
1452 2166 1652 2209 Presbyteri.

1210 2217 1253 2250 Et
1265 2227 1369 2261 neque
1383 2217 1504 2251 Clerici
1517 2215 1718 2261 cogebantur
1731 2216 1886 2259 Episcopi
1902 2215 2039 2250 verbum

1158 2267 1309 2301 accedere
1319 2291 1326 2298 .
1339 2267 1426 2302 lstud
1441 2267 1766 2315 exigentipriscopo
1780 2267 1969 2308 respondere
1983 2279 2039 2310 po·

1156 2328 1274 2356 terant,
1287 2318 1375 2359 quod
1389 2317 1428 2350 de
1440 2318 1470 2349 se
1484 2315 1690 2358 Presbytero,
1702 2328 1738 2350 ac
1750 2315 1944 2356 Presbytero
1955 2317 2035 2350 item

1158 2365 1337 2401 Vincentio
1351 2367 1389 2400 ad
1402 2366 1536 2401 similem
1555 2366 1691 2408 Joannis
1715 2365 1978 2408 jerosolymitani
1993 2366 2035 2399 E-

1153 2417 1272 2459 piscopi
1288 2417 1529 2459 praetenfionem
1542 2416 1682 2457 reposuit
1693 2415 1971 2457 SHieronymus:
1986 2415 2031 2451 Ob
2051 2413 2111 2460 Ep.
2150 2416 2206 2455 61.

1151 2468 1187 2497 t'd
1196 2468 1229 2500 (ν
1239 2479 1288 2508 ego
1300 2465 1508 2499 Antiochenam
1521 2467 1554 2498 <5
1569 2465 1617 2498 ille
1630 2463 1922 2506 Constantinopolim,
1933 2465 2028 2500 Urbes
2047 2475 2075 2498 c.
2110 2466 2164 2502 16.

1149 2516 1349 2548 celeberrimas
1361 2514 1545 2557 deseruimus
1558 2538 1568 2553 ‚
1590 2526 1646 2546 non
1659 2523 1692 2546 ut
1707 2524 1737 2547 re
1748 2520 1780 2546 in
1787 2517 1905 2556 populis
1915 2517 2030 2556 praedi-

1148 2575 1261 2598 cantem
1272 2568 1461 2598 laudaremus
1476 2588 1486 2603 ‚
1509 2562 1566 2606 sed
1586 2573 1618 2597 ur
1631 2569 1663 2596 in
1675 2570 1756 2607 agris
1769 2566 1802 2597 (5·
1814 2571 1847 2598 in
1865 2563 2028 2607 solitudine

1148 2614 1350 2657 aa'o’escentiae
1361 2623 1479 2656 peccata
1493 2614 1629 2654 deflentes
1642 2639 1652 2654 ‚
1675 2613 1783 2653 Christi
1794 2620 1826 2646 in
1837 2626 1888 2647 nos
1914 2614 2027 2658 mifiri-

211 2665 322 2703 Etiam
331 2664 389 2703 fibi
401 2665 501 2708 ,dum
517 2665 631 2698 Romae
644 2663 773 2698 doceret
787 2662 998 2705 Rhetoricam
1014 2688 1024 2703 ‚
1039 2666 1087 2698 fu·
1144 2667 1275 2697 cordiam
1285 2664 1553 2706 defleHeremus.Et
1566 2665 1653 2705 quod
1667 2658 1746 2697 tunc
1757 2665 1790 2697 in
1813 2663 2024 2706 Presbyteros

211 2716 268 2751 isse
280 2716 429 2764 ignotam
442 2715 535 2749 istam
545 2725 660 2749 vocem
674 2738 684 2754 ,
698 2714 730 2747 δε
742 2714 826 2757 prius
837 2713 982 2747 auditam
995 2714 1011 2747 a
1024 2713 1084 2748 Po·
1143 2715 1321 2748 consecrati
1335 2712 1492 2748 Monachi
1505 2713 1667 2747 liberrime
1682 2714 1807 2756 possent
1830 2714 1999 2757 praedicare
2009 2741 2021 2756 ,

209 2767 352 2815 titiano³
364 2767 500 2802 affirmat
513 2766 547 2798 in
561 2764 650 2798 libris
665 2763 930 2798 Confeffionum.
950 2763 992 2797 Et
1006 2762 1084 2798 hinc
1141 2765 1174 2798 δε
1186 2765 1297 2798 omnia
1309 2766 1411 2809 usque
1422 2764 1462 2798 ad
1478 2763 1674 2807 Baptismum
1687 2764 1889 2797 Sacramenta
1902 2763 2023 2799 Fideli-

209 2817 398 2862 Augustino
408 2813 604 2850 offenfiffimi
619 2812 799 2848 Donatistae
822 2813 934 2856 passim
951 2812 1081 2848 blatera—
1141 2813 1199 2848 bus
1212 2814 1340 2857 populis
1355 2815 1554 2854 ministrare,
1582 2815 1626 2846 est
1641 2815 1727 2855 supra
1742 2814 1999 2849 demonstratum
2011 2839 2021 2848 .

206 2865 285 2902 bant
297 2880 304 2900 ι
318 2864 463 2912 ,Quidfibi
475 2866 545 2899 vult
559 2875 662 2899 nomen
673 2862 892 2897 nonachorum?
903 2862 958 2896 Ubi
966 2862 1004 2903 est
1011 2862 1080 2906 scri-
1189 2863 1283 2897 Alter
1296 2866 1385 2898 istius
1398 2865 1568 2907 Scriptoris
1579 2875 1663 2897 error
1676 2863 1718 2895 est
1735 2864 1766 2895 in
1780 2863 1829 2896 his
1852 2863 1957 2898 verbis
1977 2865 2018 2899 de

203 2917 318 2961 ptum?
343 2921 379 2949 In
392 2914 473 2959 Psal.
490 2926 562 2965 132.
588 2914 687 2961 Qod
700 2912 906 2954 Monachos‚
931 2913 979 2947 uti
996 2925 1079 2948 nova
1137 2914 1279 2957 antiquis
1291 2914 1468 2948 Monachis
1481 2925 1488 2945 :
1501 2910 1565 2957 Qut
1575 2912 1805 2955 acquifitionibus
1820 2915 1954 2947 omnibus
1973 2926 2016 2948 re·

206 2968 349 3002 monstra
362 2965 536 3000 induxisset
558 2965 592 2998 in
611 2964 758 2997 Africam
772 2987 782 3003 ,
803 2963 859 3006 ipsi
887 2964 1076 3007 improperat
1136 2971 1358 2997 nunciaverant
1369 2987 1380 3002 ,
1403 2967 1462 2997 imo
1486 2963 1541 3006 sua
1564 2964 1767 2996 vendiderant
1788 2987 1800 3002 ,
1827 2964 2013 2998 sacerdotum

206 3015 533 3052 Constantinensium
545 3014 790 3048 Donatistarum
804 3013 982 3056 Episcopus
994 3014 1073 3048 Peti-
1135 3026 1226 3046 manu
1254 3016 1288 3049 (5
1312 3027 1384 3050 cura
1410 3013 1608 3056 indigentibm
1630 3012 1830 3052 distribuenda
1844 3037 1851 3044 .
1882 3014 1936 3047 Est
1953 3027 2011 3050 nu-

205 3066 332 3100 nanus.
350 3065 492 3099 Proinde
503 3076 555 3109 per
568 3064 769 3099 voluntarios
784 3063 909 3096 nostros
923 3062 1077 3105 spadones
1133 3064 1296 3108 gacissirna
1318 3065 1447 3099 fabula.
1474 3064 1557 3108 Qis
1579 3063 1666 3096 enim
1690 3063 1807 3096 Canon
1828 3087 1839 3103 ,
1865 3074 1935 3106 quae
1957 3066 2009 3101 lex

1131 3114 1215 3156 jussit
1227 3126 1282 3149 aut
1295 3115 1382 3147 suasit
1395 3113 1575 3147 istiusmodi
1590 3111 1852 3147 distributionem
1867 3114 1883 3144 ,ἕ
1894 3116 1924 3147 8.
1938 3113 2006 3148 An-

1130 3165 1257 3198 tonium
1281 3164 1415 3206 primum
1442 3162 1715 3197 Monasleriorum
1742 3163 1922 3197 Autborem
1951 3166 2004 3197 fu-

213 2380 295 2406 cana
308 2367 590 2411 Ecclesiapenitus
612 2365 775 2413 ignoravit
795 2364 1008 2400 Coenobitas.
1038 2366 1093 2399 Est

211 2418 349 2454 'eruditis
364 2416 653 2460 exploratiffimum
663 2442 671 2449 .
702 2415 769 2450 Eos
781 2414 919 2459 primum
945 2415 978 2448 in
1001 2416 1093 2449 Italia

213 2467 299 2504 vidit
310 2469 340 2502 S.
352 2466 557 2512 Augustinus
571 2488 581 2504 ,
607 2466 742 2500 illorum
754 2464 943 2510 institutum
957 2466 1092 2510 suscepit

211 2518 248 2553 in
260 2517 441 2560 Baptismo‚
451 2527 488 2551 ac
498 2516 541 2549 ita
554 2517 677 2558 primus
687 2515 827 2558 portavit
840 2514 879 2547 ad
893 2515 967 2548 suos
980 2515 1090 2549 Afros.

211 2566 361 2608 Vocem,
380 2564 584 2606 nonasterium
596 2590 606 2604 ,
631 2564 693 2598 effe
706 2563 789 2606 apud
803 2565 902 2597 Afros
918 2575 1034 2598 novam
1049 2576 1089 2597 te-

212 2617 354 2658 statur-in
368 2615 558 2650 trastatibus
571 2615 660 2657 super
671 2615 699 2647 S.
713 2614 844 2657 Ioannis
861 2614 1086 2657 Evangeliutn.

204 3115 431 3150 Tertullianus
450 3127 517 3149 non
528 3114 684 3158 intelligit
698 3111 902 3153 Monachos,
924 3112 976 3146 sed
991 3114 1076 3148 viros

204 3167 238 3201 in
255 3166 380 3210 propria
393 3164 494 3199 domo
506 3165 658 3210 profestos
671 3173 854 3207 perpetuam
876 3162 1074 3197 continenti-

202 3227 274 3251 am.
302 3214 358 3248 An
368 3213 486 3249 horum
510 3214 611 3256 aliqui
634 3212 909 3247 Anachoreticam
929 3222 1008 3247 tunc
1029 3214 1072 3248 vi·
1130 3214 1184 3247 iiie
1205 3215 1349 3247 Patricio
1373 3224 1491 3256 genere
1515 3223 1628 3247 natum
1643 3213 1753 3246 scribit
1774 3213 1928 3247 Hermias
1939 3214 2000 3247 Zo-

200 3276 267 3302 tam
281 3264 438 3299 duxerint
447 3289 458 3306 ‚
474 3264 518 3298 est
531 3265 594 3299 alia
606 3264 740 3309 quaestio
752 3288 759 3295 .
1127 3274 1281 3298 zomenus
1292 3273 1408 3306 ‚atque
1423 3263 1570 3306 adjungit
1585 3276 1596 3295 .-
1608 3263 1754 3296 Omnibus
1766 3263 1875 3297 relillts
1889 3286 1898 3301 ,
1910 3275 1997 3306 agros
2018 3265 2090 3303 Lib,
2120 3282 2148 3307 1·

252 3315 375 3349 Eadem
386 3312 432 3348 est
443 3317 525 3347 ratio
536 3325 573 3348 ac
585 3324 675 3348 mens
683 3313 787 3348 Sancti
806 3313 988 3348 Clementis
997 3311 1072 3347 Ale·
1119 3321 1261 3354 paternos
1274 3339 1284 3354 ‚
1311 3312 1424 3345 natalis
1433 3317 1507 3355 pagi
1518 3313 1619 3345 incolis
1643 3314 1770 3346 donavit
1779 3326 1790 3348 .·
1817 3312 1997 3354 reliquarum
2014 3330 2083 3364 cap,
2106 3329 2120 3355 1
2130 3331 2159 3368 3,

199 3365 353 3400 xandrini
369 3366 381 3397 .’
404 3364 508 3412 Qod
522 3362 608 3397 enim
621 3364 783 3398 Coenobia
798 3365 859 3397 sint
880 3365 911 3398 S.
923 3363 1066 3396 Antonii
1116 3362 1305 3404 facultatum
1318 3363 1542 3395 divenditarum
1561 3367 1690 3402 pretium
1707 3361 1890 3404 pauperibus
1901 3362 1997 3402 distri-

200 3414 440 3455 institutum,&
452 3414 516 3456 ipsa
529 3412 629 3458 usque
638 3414 678 3447 ad
691 3413 783 3447 illum
796 3414 1066 3466 ignoraveritom-
1123 3413 1185 3445 buit
1201 3439 1208 3446 .
1238 3413 1369 3455 Utique
1381 3413 1511 3455 proprio
1523 3412 1657 3446 arbitrio
1681 3413 1714 3446 ὅ(
1737 3422 1834 3444 manu
1848 3436 1855 3443 .
1884 3411 1925 3445 Et
1953 3413 1996 3448 de

191 3462 249 3502 vuis
262 3465 402 3501 Ecclesia
414 3488 425 3504 ,
445 3463 489 3497 est
501 3463 625 3497 eunetis
634 3463 839 3506 exploratum
850 3487 860 3497 .
887 3462 941 3497 An
954 3463 985 3498 S.
994 3462 1066 3498 Cle·
1109 3473 1112 3499 τ
1124 3463 1217 3508 ipsius
1230 3461 1423 3507 Discipulo,
1435 3462 1489 3507 qui
1503 3461 1773 3496 Monachismum
1784 3472 1824 3497 ex
1836 3460 1992 3506 AEgypto

312 3514 419 3556 christ.
433 3517 514 3557 Lupi
526 3517 624 3558 opera
637 3516 718 3547 Tom·
728 3515 785 3547 XI.
1501 3512 1532 3547 C
1543 3522 1562 3544 c
1587 3520 1613 3547 2
1906 3513 1968 3555 pri·
