2366 3736
64 1970 114 1997 η.
153 1969 203 2005 13-

64 2020 115 2053 14-

60 2635 125 2670 Lib
152 2647 204 2671 22.

59 2699 125 2730 cap.
160 2685 192 2722 3.

378 141 463 187 De
499 141 780 196 ANHQJA
811 131 1186 182 'melinum
1222 132 1465 178 Cnatst.
1502 131 1780 180 Murrus.
1920 147 2008 194 153

237 231 406 266 procurare
424 230 462 252 ac
482 217 620 264 dirigere
643 242 650 250 .
677 215 799 255 Tertio
814 241 825 256 ,
853 214 941 261 quod
960 214 994 250 in
1015 213 1113 257 hujus
1170 212 1303 249 canevam
1314 217 1450 257 Regionis
1458 218 1599 257 praciam
1609 228 1673 251 cum
1686 215 1851 251 hominibus
1864 221 1896 249 in
1905 217 1977 259 suas
1990 224 2047 252 Re-

236 273 375 306 defeaus
393 271 502 305 casum
524 270 686 305 exercitus
700 266 841 311 gaudeat
862 264 931 307 jure
954 263 1113 306 Principis
1163 270 1267 308 giones
1291 263 1456 305 transferri
1467 273 1660 305 permittere.
1688 268 1770 302 Sunt
1782 267 1872 310 plura
1886 268 2045 303 istiusmo-

237 330 342 357 terrae.
370 320 499 364 Nempe
511 318 772 360 cruce-signatus
786 315 959 349 Exercitus
971 338 978 346 .
1001 313 1114 348 Ratio·
1167 313 1201 348 di
1223 313 1340 347 fimilia
1363 324 1531 357 pravorum
1546 316 1803 351 Christianorum
1818 317 1974 359 Exempla
1988 342 1995 349 .

235 381 294 407 nes
315 372 389 404 sunt
411 370 605 404 manifestas.
631 367 715 413 Qae
727 366 803 410 quia
816 376 884 401 nou
898 363 1041 398 militant
1055 374 1113 408 pro
1218 364 1299 398 Non
1320 365 1387 398 fine
1408 365 1624 399 fundamento
1648 367 1752 401 scribo
1773 365 2048 403 istiusmodimili-

233 419 302 454 alio
313 421 430 464 quovis
440 419 583 454 exercitu
598 441 609 457 ,
633 427 702 450 non
714 416 812 449 aufim
826 414 907 459 ipsas
917 413 958 452 ad
970 414 1052 448 alios
1063 426 1112 448 ex·
1168 422 1217 451 tes
1239 415 1302 449 effe
1317 425 1431 457 pravos
1454 413 1658 449 Christianos
1680 441 1688 449 .
1725 417 1856 452 Etenim
1879 419 1913 450 in
1938 417 2048 451 Sanffi

234 471 385 508 tendere.
412 467 542 518 Qartd
566 468 684 506 docet,
712 465 801 510 quod
824 466 859 499 in
884 465 1011 508 propria
1033 474 1111 499 terra
1168 462 1346 508 Augustini
1367 464 1544 507 appendice
1570 466 1713 499 eruditus
1736 468 1848 501 Sermo
1864 466 2022 500 declamat
2038 479 2049 499 .·

234 519 357 565 degens
375 531 430 555 aut
450 518 600 554 transiens
619 527 696 552 cum
719 515 862 553 exercitu
885 514 1040 558 Princeps
1053 514 1112 548 ha-
1169 518 1240 551 Non
1264 516 1392 550 militare
1403 514 1539 546 delic‘ium
1550 514 1605 553 est,
1628 514 1962 558 sedpropterpraedam
1974 517 2051 549 mili-

234 569 309 604 beat
320 571 370 613 jus
382 594 392 609 ,
403 579 438 602 ut
448 568 601 604 victualia
612 589 624 607 ,
650 567 671 600 fi
682 567 806 611 emptio
818 565 997 609 denegetur
1008 590 1018 605 ,
1041 566 1113 609 pos·
1167 573 1233 596 tare
1251 571 1404 605 peccatum
1416 564 1453 602 est
1464 588 1471 595 .
1497 567 1565 597 Nec
1576 566 1793 605 Rempublicam
1799 578 1900 609 gerere
1913 572 2052 599 crimino-

232 619 271 655 fit
293 623 311 654 a
323 619 438 666 quovis
457 617 618 652 violenter
630 618 796 660 accipere,
821 615 933 651 verum
946 626 1021 651 cum
1034 615 1110 650 dua·
1163 612 1229 656 sum
1242 614 1279 653 est
1291 625 1305 654 ἱ
1327 612 1383 655 sed
1402 615 1467 647 ''de‘’
1487 625 1570 657 agere
1580 616 1799 655 Rempublicam
1810 639 1819 654 ,
1846 625 1879 648 ut
1892 628 1953 648 rem
1960 616 2054 660 fami-

237 668 295 706 bus
314 668 582 705 conditionibus.
610 666 721 702 Prima
733 666 777 701 est
791 689 802 707 ,
824 674 861 698 ut
884 665 938 699 illa
951 666 1110 708 accipian·
1170 665 1274 697 liarem
1282 670 1383 706 potius
1394 675 1503 707 augeas
1515 689 1525 704 ‚
1553 666 1675 697 videtur
1698 666 1748 707 effe
1760 666 1932 697 damnabile
1948 691 1954 696 .
1985 669 2054 698 Pro-

234 727 287 757 tur
310 716 366 751 sub
386 719 551 762 proposito
575 714 808 753 satisfaciendi.
835 715 888 748 Ex
910 726 975 758 quo
989 716 1074 748 lucet
1104 739 1114 754 ,
1168 723 1271 755 pterea
1291 719 1369 746 enim
1395 716 1590 748 Providentia
1607 716 1746 756 quadam·
1768 715 1967 747 militantibus
1985 715 2057 757 sunt

233 766 323 813 quod
345 767 499 811 Princeps
530 767 678 811 quaelibet
698 765 796 812 gratis
820 766 1106 812 extorquere'non
1127 762 1134 818 l
1165 763 1310 805 stipendia
1322 764 1497 804 constituta,
1524 776 1560 797 ne
1572 766 1643 797 dum
1650 762 1788 806 sumptus
1802 772 1946 806 quaernur
1959 791 1967 803 ,
1978 773 2056 805 prae-

232 818 328 861 poffit
338 843 348 858 ,
375 818 428 852 sed
452 818 547 852 debet
561 817 662 853 multa
673 827 780 850 emere
790 839 797 848 .
827 815 900 849 Nec
912 816 1000 848 enim
1023 814 1111 847 Prin·
1172 814 1212 846 da
1219 814 1365 857 graffetur
1378 839 1385 845 .
1413 814 1497 847 iilud
1506 824 1605 847 autem
1617 817 1703 856 quale
1714 815 1750 854 est
1766 839 1775 854 ‚
1804 817 1883 856 quod
1894 827 1956 846 cum
1969 815 2001 847 ob
2013 826 2058 847 er-

232 879 306 912 ceps
317 866 413 902 habet
425 868 610 905 dominium
620 892 631 908 ‚
657 875 713 903 aut
724 864 859 906 liberam
869 863 1117 909 dispositionem¹
1172 870 1262 897 rorem
1283 864 1412 906 aliquem
1423 867 1442 896 a
1454 865 1619 897 senioribus
1631 876 1795 909 arguuntur
1808 890 1817 903 ,
1846 867 1879 898 ὁ·
1890 874 2058 906 imputatur

232 918 267 952 in
281 919 430 953 fortunas
442 917 645 955 subditorum
657 940 664 948 .
692 915 852 949 Pontifex
874 916 993 958 quinto
1016 915 1112 948 docet
1173 915 1260 946 alicui
1271 916 1306 945 de
1317 915 1379 946 illis
1393 938 1403 956 ,
1432 926 1481 947 cur
1494 914 1590 947 ebrius
1594 915 1694 955 fuerit
1707 940 1716 955 ‚
1742 927 1794 948 cur
1802 927 1847 947 res
1862 917 1977 950 alienas
1987 923 2060 954 peru

232 966 299 1006 haec
317 967 430 1001 sanciri
443 967 539 1010 ajure
549 966 637 1000 civili
657 983 666 990 -
692 965 757 1002 His
779 966 868 1001 enim
880 966 921 998 de
935 965 1028 999 rebus
1042 966 1115 998 sunt
1173 962 1308 1006 vaserit,
1334 966 1446 997 caedem
1466 975 1516 997 cur
1538 966 1726 998 turbulentus
1749 963 1906 1006 admiserit
1929 989 1937 1002 ‚
1956 965 2060 1004 statim

232 1017 326 1054 variae
337 1018 440 1060 Leges
454 1041 466 1060 ,
484 1027 550 1050 tam
564 1017 597 1049 in
611 1014 853 1052 Theodosiano
866 1015 1004 1059 Codice,
1017 1014 1115 1059 quam
1174 1013 1346 1056 respondeat
1358 1027 1368 1046 .·
1395 1016 1485 1058 ,Quid
1504 1014 1649 1048 habebam
1656 1015 1761 1056 facere
1773 1041 1782 1055 ,
1810 1015 1891 1046 homo
1909 1013 2061 1056 saecularts

231 1067 266 1099 in
279 1066 505 1109 Justininnaeo.
531 1065 632 1100 Sexto
647 1066 805 1102 Pontifex
816 1066 928 1099 eadem
941 1066 1115 1100 confirmat
1175 1074 1228 1096 aut
1243 1066 1326 1097 miles
1342 1065 1359 1096 ,ἲ
1371 1067 1509 1106 nunquid
1520 1065 1696 1098 Monachum
1707 1065 1845 1108 profeffias
1854 1064 1920 1107 sum
1932 1075 1984 1096 aut
1999 1065 2063 1095 Cle-

231 1127 272 1150 ex
284 1112 385 1154 Sacris
399 1117 563 1163 utriusque
575 1115 781 1150 Testamenti
795 1115 913 1150 Literis
925 1140 932 1147 .
961 1117 1003 1149 Et
1017 1114 1118 1149 Anti·
1176 1121 1267 1147 ricum
1281 1115 1297 1145 ?
1322 1115 1447 1151 Laudat
1471 1117 1575 1149 Sancti
1599 1116 1734 1158 Joannis
1748 1115 1896 1158 Baptistae
1917 1116 1956 1147 de
1980 1113 2065 1146 mili-

227 1166 290 1209 qui
311 1166 519 1200 Testamenti
543 1166 731 1200 testimonia
756 1166 1029 1209 lucideevincunt
1043 1164 1120 1198 Pro·
1178 1177 1246 1198 tum
1271 1164 1438 1206 stipendiis
1457 1164 1617 1207 judicium
1632 1190 1641 1205 ,
1667 1167 1902 1200 &concluditz
1928 1166 2066 1208 ,Quicum-

230 1215 388 1250 vinciales
411 1241 422 1256 ‚
444 1216 522 1252 dum
537 1216 685 1259 proprius
695 1215 911 1253 Exercitusin
927 1215 1119 1250 offenfivum
1177 1226 1230 1256 que
1245 1214 1396 1255 stipendia
1413 1214 1468 1255 fibi
1475 1215 1592 1257 publice
1603 1218 1719 1249 decreta
1729 1215 1914 1258 consequitur
1930 1240 1937 1252 ‚
1960 1214 1988 1255 fi
2004 1216 2068 1246 am-

231 1265 358 1303 hossem
372 1265 475 1299 tehdit
485 1289 495 1304 ,
507 1266 648 1310 obligari
662 1265 700 1300 ad
713 1266 782 1309 ejus
794 1266 985 1300 alimentitia
997 1265 1121 1308 adjuto·
1176 1267 1257 1306 plius
1266 1270 1374 1306 qua-rit
1388 1289 1398 1304 ‚
1417 1275 1562 1307 tanquam
1573 1268 1771 1299 calumniator
1781 1268 1815 1300 cb·
1826 1265 1962 1307 concussor
1967 1268 1995 1308 J
2000 1263 2067 1296 oan-

232 1316 278 1352 ria
291 1341 298 1347 .
328 1316 371 1348 Et
384 1316 543 1349 Pontifex
558 1316 690 1350 tandem
702 1315 871 1351 concludit
885 1318 915 1350 se
927 1316 993 1350 haec
1006 1315 1122 1349 scribe·
1151 1358 1153 1361 ι
1181 1321 1227 1347 nis
1245 1313 1397 1356 fintentia
1418 1317 1647 1348 condemnatur.
1677 1317 1761 1362 Qae
1783 1316 1892 1348 omnis
1910 1314 2069 1347 Doctrina

232 1377 267 1399 re
283 1390 293 1406 ,
320 1376 386 1398 non
401 1376 436 1399 ut
450 1366 593 1408 rapiendi
610 1367 718 1399 ansam
731 1366 868 1409 praebeat
880 1377 935 1399 aut
948 1368 1095 1400 fomenta
1110 1387 1121 1406 ,
1180 1365 1223 1397 est
1238 1362 1318 1397 bene
1332 1364 1493 1397 notanda.
1519 1364 1602 1398 Haec
1615 1367 1783 1406 praesertim
1798 1364 1891 1397 verba
1906 1364 1992 1395 :Idea
2005 1374 2071 1405 age-

235 1415 288 1454 sed
302 1426 336 1449 ut
349 1416 511 1449 succurrat
525 1415 629 1449 fidelis
648 1416 820 1455 Exercitus
835 1414 1094 1449 neceffitatibus.
1180 1425 1212 1446 re
1233 1414 1455 1455 Rempublicam
1467 1438 1477 1453 ,
1504 1424 1537 1446 ut
1549 1426 1610 1448 rem
1619 1414 1807 1458 familiarem
1815 1420 1915 1456 potius
1941 1424 2072 1456 augeas,

1152 1461 1153 1465 ¹
1180 1465 1299 1497 videtur
1321 1464 1585 1506 effedamnabile.
1616 1464 1669 1498 De
1689 1465 1756 1507 'quo
1771 1466 1889 1507 punito
1910 1462 2072 1507 quidquid

1181 1515 1239 1555 fit;
1266 1515 1307 1547 de
1332 1515 1416 1554 illis,
1444 1514 1499 1557 qui
1523 1526 1590 1547 non
1618 1515 1673 1549 nifi
1698 1515 1741 1558 'ex
1764 1516 1937 1557 praedarum
1962 1522 2073 1546 amore

1181 1565 1259 1598 dant
1284 1575 1402 1597 nomen
1430 1564 1555 1597 militiae
1576 1564 1828 1598 redie'scribitad
1844 1565 1971 1598 Esaiam
1996 1564 2074 1597 San-

1181 1615 1248 1647 &us
1270 1614 1408 1647 Isidorus
1432 1613 1609 1648 Pelufiotes
1630 1629 1637 1647 :
1667 1618 1749 1647 Eum
1761 1622 1811 1656 qui
1822 1614 2073 1658 pugnisgaude't,
2090 1631 2154 1666 Lib
2189 1644 2205 1668 1

1165 1675 1216 1699 ⁴ac
1237 1664 1409 1696 tumultibus
1432 1663 1614 1703 delee‘tatar,
1641 1674 1731 1707 atque
1744 1667 1780 1697 id
1783 1665 1881 1704 studet
1893 1674 1926 1696 ut
1938 1663 2071 1695 omnibus
2092 1684 2118 1716 E
2157 1657 2217 1718 ‘16'

1165 1711 1244 1746 fodio
1258 1714 1294 1755 fit
1309 1738 1319 1753 ,
1346 1726 1471 1756 quonam
1489 1726 1555 1747 eum
1577 1721 1692 1748 nomine
1713 1716 1814 1756 aptius
1841 1717 1874 1748 (5
1896 1714 2072 1746 commodius
2121 1696 2150 1729 P'
2211 1694 2242 1730 7‘

1180 1763 1326 1807 quispiam
1349 1765 1480 1806 appellat
1493 1787 1502 1802 ‚
1529 1777 1618 1806 quam
1634 1764 1665 1805 fi
1679 1764 1773 1807 ipsum
1784 1776 1912 1807 nequam
1923 1768 2072 1805 atqueim-

1175 1815 1299 1856 probum
1327 1817 1497 1846 Daemonem
1522 1823 1606 1847 vocet
1616 1839 1625 1854 ,
1652 1825 1685 1848 ut
1698 1815 1752 1856 qu}
1763 1819 1918 1848 voluntate
1928 1824 1963 1846 ac
1978 1819 2073 1846 animi

1179 1864 1309 1904 instituto
1333 1874 1473 1897 naturam
1484 1866 1641 1898 mutavit?
1669 1864 1822 1909 ,Quoniam
1836 1870 1929 1909 igitur
1939 1863 2072 1902 Christus·

357 1513 388 1553 C
439 1513 470 1549 A
523 1512 550 1546 P
604 1513 645 1553 U
696 1512 735 1546 T
822 1513 992 1554 XVIII..

383 1617 589 1656 Exponuatur
602 1613 686 1655 justa
707 1614 836 1647 militum
851 1613 970 1657 spolia.

315 1666 347 1697 X
369 1665 547 1707 spoliorum
579 1665 611 1697 ὅ(
635 1663 811 1707 praedarum
832 1675 944 1699 amore
969 1664 1009 1699 ad
1035 1664 1120 1700 bella

341 1715 513 1758 procedere
535 1739 545 1753 ,
576 1714 678 1748 immo
699 1715 732 1748 ὅ(
754 1713 836 1748 bella
861 1715 996 1759 diligere
1020 1740 1029 1756 ,
1059 1713 1123 1748 fuit*

233 1775 410 1799 commune
433 1764 626 1809 quibusdam
648 1764 832 1808 gentilibus
860 1788 867 1797 .
906 1764 944 1798 In
973 1764 1057 1798 libro
1081 1766 1120 1798 de

233 1814 476 1848 Germanorum
491 1815 635 1849 moribus
645 1815 820 1850 Cornelius
827 1814 968 1849 Tacitus
979 1815 1118 1849 affirmat

233 1864 377 1907 ipsorum
400 1864 565 1907 Principes
589 1865 684 1898 fuisse
704 1866 816 1910 magni
831 1865 1062 1899 comitatusac
1076 1866 1115 1898 fa-

233 1914 331 1947 miliae
342 1914 511 1949 dile-stores
522 1938 532 1953 ,
542 1915 624 1948 acin
638 1914 796 1949 familiam
809 1915 1029 1949 fuiiieeximie
1049 1927 1117 1948 mu-

235 1964 352 1997 nificos
364 1988 374 2004 ,
400 1975 499 2008 atque
511 1964 677 2008 adjungit:
698 1968 829 1997 Materia
841 1965 1051 2006 munificentiae
1059 1974 1115 2006 per

236 2013 312 2045 bella
336 2014 502 2054 &uptun
532 2018 598 2046 Nec
610 2025 699 2045 arare
711 2023 825 2045 terram
836 2038 846 2052 ,
873 2024 925 2046 aut
947 2013 1116 2056 exspec'lare

234 2075 346 2095 annum
372 2072 435 2095 tam
450 2062 546 2104 facile
552 2061 734 2104 persuaseris
744 2085 753 2101 ,
783 2066 874 2105 qutim
886 2075 989 2097 vocare
1001 2063 1089 2104 hostes
1102 2090 1112 2104 ,

235 2115 269 2147 (β’
289 2116 416 2147 vulnera
429 2119 550 2145 mereri.
582 2115 704 2156 Pigrum
718 2137 727 2152 ‚
750 2116 922 2154 quinimmo
935 2115 968 2146 o*
979 2118 1057 2147 iners
1069 2120 1115 2146 vi·

234 2165 323 2197 detur
336 2162 443 2205 sudore
454 2169 604 2206 acquirere
615 2187 624 2201 ,
652 2163 732 2203 quod
738 2162 830 2203 poffes
835 2161 981 2205 sanguine
987 2171 1109 2204 parare.

234 2212 276 2245 Et
299 2214 478 2256 Imperator
500 2211 725 2251 Maximinus,
752 2221 819 2243 non
844 2212 987 2245 solorum
1015 2212 1110 2246 Afro-

233 2274 302 2298 rum
314 2287 324 2302 ,
351 2263 402 2295 sed
416 2262 448 2294 ὅ(
464 2262 606 2295 Romani
620 2260 756 2293 Senatus
767 2260 947 2294 rebellione
962 2272 1108 2302 vexatus,

230 2326 268 2347 ac
290 2312 383 2355 ipfius
395 2311 523 2353 Imperii
543 2310 723 2343 declaratus
737 2308 858 2351 hostis,
885 2311 970 2344 dixit
986 2312 1025 2345 ad
1053 2311 1107 2346 fibi

231 2363 343 2397 fideles
356 2361 492 2394 milites:
521 2364 603 2403 Ergo
614 2385 623 2399 ‚
641 2359 737 2399 liviri
748 2360 814 2400 estis
830 2360 874 2402 ‚fi
884 2367 964 2394 vires
975 2362 1094 2395 habetis

231 2425 332 2447 eamus
345 2421 447 2444 contra
455 2413 596 2443 Senatum
607 2412 640 2444 (ν
656 2409 743 2451 Afros
753 2435 765 2450 ,
791 2421 910 2453 quorum
921 2418 1051 2444 omnium
1061 2412 1103 2445 bo-

232 2475 273 2496 na
284 2474 338 2495 vos
352 2460 519 2494 habebitis.
541 2459 618 2501 EJus
630 2460 788 2504 integram
801 2462 998 2495 concionem
1012 2464 1106 2496 refert

233 2513 337 2555 Julius
359 2510 584 2553 Capitolinus.
616 2510 656 2542 Et
681 2508 721 2543 de
743 2509 928 2554 Agathocle
948 2537 959 2551 ‚
984 2512 1107 2546 Siculo·

231 2573 303 2595 rum
327 2561 416 2603 Rege
436 2571 510 2591 cum
526 2559 612 2592 Afris
635 2559 867 2602 belligerante,
894 2561 1001 2596 scribit
1013 2563 1104 2605 Justi-

233 2622 312 2645 nus:
343 2608 510 2652 Agathocles
535 2613 566 2639 in
590 2607 721 2648 Africam
733 2609 868 2652 reversus
877 2610 1022 2652 seditione
1031 2615 1103 2646 mili-

231 2671 296 2694 tum
317 2664 479 2712 excipitur.
506 2661 592 2690 Nam
607 2657 819 2699 stipendiorum
834 2659 935 2702 solutio
946 2669 979 2693 in
991 2664 1103 2695 adven-

231 2721 296 2744 tum
310 2713 410 2742 Patris
422 2708 521 2740 dilata
529 2707 635 2748 fuerat
649 2711 667 2740 a
677 2709 755 2751 filio.
769 2714 863 2753 Igitur
876 2712 918 2743 ad
930 2715 1104 2745 concionem

231 2770 349 2794 vocatos
371 2759 491 2791 blandIs
515 2758 613 2791 verbis
623 2756 792 2799 permulsit,
814 2760 962 2801 stipendia
975 2763 1034 2794 illis
1047 2774 1103 2795 non

230 2812 250 2844 ἃ
257 2809 290 2853 se
299 2809 470 2852 flagitanda
481 2807 531 2850 effe
540 2832 552 2847 ‚
574 2806 629 2850 sed
637 2807 675 2840 ab
686 2807 760 2848 hoste
771 2813 934 2850 quaerenda
944 2836 954 2851 ,
982 2824 1100 2844 commu-

230 2871 294 2893 nem
305 2859 462 2892 vitiorum
474 2882 484 2897 ,
511 2869 687 2891 communem
695 2859 977 2904 praedamfhturam
991 2862 1098 2907 ,Qin

230 2911 262 2944 δε
283 2910 362 2946 tales
382 2909 503 2941 milites
514 2907 668 2941 habemus
681 2909 763 2942 inter
774 2908 996 2944 Christianos.
1027 2913 1100 2946 Ete-

230 2960 298 2993 nim
311 2959 350 2993 ad
364 2959 435 2993 suos
447 2958 566 2992 milites
576 2981 585 2996 ,
612 2958 688 2991 belli
704 2960 850 3001 pertaesos
861 2985 870 3000 ‚
881 2973 917 3005 ac
929 2962 1029 3003 praelia
1040 2963 1098 2996 de-

230 3011 397 3043 trestantes
418 3008 501 3042 dixit
523 3008 603 3042 olim
616 3008 849 3043 Theodoricus
863 3009 883 3042 1.
902 3011 1096 3045 Francorum

231 3058 302 3091 Rex
314 3072 326 3092 .-
353 3063 400 3091 Me
420 3057 584 3102 sequamini
596 3083 606 3098 ‚
633 3061 667 3092 (τ
677 3070 729 3091 vos
742 3062 881 3092 inducam
891 3066 923 3093 in
938 3064 1076 3094 Patriam
1089 3088 1098 3102 ‚

231 3108 280 3142 nebi
302 3120 404 3140 aurum
426 3111 623 3152 &argentum
645 3114 797 3150 accipiatis
813 3134 822 3149 ,
849 3113 991 3152 quantum
1003 3112 1100 3151 vestra

228 3156 319 3199 potest
339 3157 498 3198 defiderare
520 3160 689 3201 cupiditas,
717 3161 754 3192 de
775 3171 836 3202 qua
839 3169 963 3201 pecora,
991 3163 1027 3194 de
1039 3174 1098 3204 qua

229 3212 376 3248 mancipia
389 3230 398 3246 ,
423 3210 461 3240 de
484 3220 541 3250 qua
554 3209 729 3248 vestimenta
739 3214 771 3241 In
784 3210 1002 3243 abundantiam
1013 3211 1087 3255 adsu

227 3262 320 3289 matis
336 3269 343 3287 :
368 3258 496 3289 Tantum
517 3269 560 3290 me
574 3257 763 3301 sequamini.
792 3259 839 3292 Ita
858 3261 951 3295 refert
967 3262 1100 3296 sanstus

1179 1916 1213 1949 <35
1237 1914 1283 1947 bic
1305 1924 1376 1947 ante
1397 1923 1512 1956 tempus
1537 1918 1692 1955 Daemones
1712 1925 1850 1958 torquet,
1878 1917 1954 1948 &tn
1976 1916 2070 1947 altero

1177 1977 1244 1998 aevo
1259 1963 1473 2007 sempiternum
1493 1964 1559 2005 ipfis
1580 1965 1677 2008 ignem
1689 1963 1751 1998 uni?
1764 1977 1828 1998 cum
1839 1964 1968 2010 ipsorum
1979 1966 2069 1996 Patre

1173 2013 1308 2056 promifit
1320 2038 1329 2052 ,
1349 2022 1410 2054 „aut
1421 2016 1646 2047 tumultuaritrm
1662 2022 1760 2048 vitam
1769 2015 1929 2058 consec‘lari
1951 2013 2044 2054 desine
2054 2038 2066 2054 ‚

1175 2074 1229 2096 aut
1248 2063 1328 2096 illud
1340 2062 1414 2106 scito
1434 2072 1462 2096 te
1475 2066 1508 2097 (τ’
1521 2064 1566 2096 bic
1576 2064 1680 2108 flangs
1695 2065 1851 2099 obnoxium
1863 2067 1913 2109 effe
1923 2089 1932 2104 ‚
1961 2066 1994 2098 Θ
2004 2065 2066 2097 illic

1175 2113 1346 2146 vindiciam
1368 2115 1489 2147 minime*
1509 2114 1562 2156 effe
1574 2121 1762 2148 vitaturum.
1791 2116 1834 2149 Et
1847 2117 1879 2149 in
1896 2116 2011 2148 litteris
2023 2113 2064 2147 ad

1175 2162 1335 2205 Alphiurn
1350 2162 1558 2196 Monachum
1573 2165 1690 2206 scripsit
1705 2178 1715 2198 .·
1741 2168 1807 2207 ,Qui
1818 2162 2064 2207 bellasuscipiunt

1172 2214 1302 2253 rapienti
1314 2211 1493 2257 causJ‘a,sunt
1505 2213 1585 2245 velut
1595 2211 1750 2256 perniciosi
1757 2217 1915 2247 Daemones
1926 2213 2062 2246 habendi.

1173 2261 1274 2308 Qod
1291 2262 1393 2304 ipsum
1408 2263 1599 2307 scripserunt
1612 2264 1710 2297 etiam
1724 2264 1876 2298 meliores
1890 2263 2014 2308 Pagani
2029 2288 2036 2294 .

1223 2311 1453 2346 Nihilominus
1476 2314 1509 2346 in
1531 2313 1616 2356 justo
1629 2313 1716 2346 bello
1738 2315 1860 2349 milites
1874 2313 1993 2348 habent
2012 2313 2061 2355 jus

1170 2360 1210 2395 ad
1233 2363 1318 2396 varia
1333 2362 1443 2405 Spolia
1458 2387 1464 2394 .
1493 2362 1625 2397 Etenim
1640 2364 1673 2397 &
1687 2362 1867 2399 Patriarcha
1881 2363 2059 2404 Abraham,

1169 2410 1248 2445 dum
1271 2413 1305 2445 in
1328 2422 1470 2456 quatuor
1485 2414 1621 2447 vidiores
1643 2414 1752 2458 Reges
1764 2415 1932 2456 processit,
1954 2424 2059 2456 repor-

1170 2462 1252 2496 tavit
1274 2463 1385 2506 opima
1409 2463 1518 2506 Spolia
1534 2488 1544 2503 ,
1571 2465 1604 2496 &
1629 2464 1667 2496 ad
1682 2465 1784 2506 ipsum
1798 2463 1880 2497 dixit
1898 2463 2057 2497 Sodomo-

1170 2523 1240 2546 rum
1266 2513 1355 2546 Rex.
1383 2516 1434 2544 Da
1447 2513 1665 2550 mibianimas,
1693 2523 1800 2546 caetera
1820 2514 1886 2547 tolle
1896 2513 1953 2545 tibi
1973 2537 1980 2544 .
2013 2513 2053 2546 Et
2071 2521 2154 2556 Gen„

1169 2563 1209 2596 de
1232 2561 1395 2605 Propheta
1421 2562 1529 2596 David
1553 2587 1563 2602 ,
1592 2563 1793 2597 Amalecitas
1812 2565 2019 2606 persequente
2041 2587 2051 2603 ‚
2068 2583 2127 2615 cap
2143 2581 2191 2618 ¹4·

1170 2612 1278 2645 scribit
1302 2612 1423 2657 primus
1441 2612 1570 2655 Regum
1597 2611 1695 2645 liber:
1725 2616 1924 2656 ,Quaecumque
1948 2622 2052 2654 rapue-

1167 2672 1238 2696 rant
1261 2663 1448 2701 Amalecitae,
1476 2667 1597 2694 reduxit
1610 2664 1735 2696 David.
1758 2666 1804 2696 Et
1812 2666 1882 2696 tulit
1896 2662 2049 2705 universos

1161 2723 1265 2755 greges
1286 2714 1319 2745 (5
1343 2719 1498 2750 armenta,
1526 2714 1560 2745 (⁸2⁹
1580 2718 1711 2745 minavit
1731 2723 1802 2746 ante
1809 2714 1923 2755 faciem
1931 2712 2017 2755 suam
2037 2726 2046 2755 3
2065 2698 2143 2743 0³?-
2163 2705 2218 2742 30·

1166 2764 1382 2803 dixeruntque.-
1412 2761 1475 2794 baee
1495 2760 1532 2800 est
1557 2763 1671 2795 Praeda
1694 2765 1814 2796 David:
1837 2768 1924 2797 Venit
1945 2773 2045 2795 autem

1165 2813 1274 2843 David
1293 2812 1334 2843 ad
1345 2813 1480 2844 ducentos
1493 2816 1595 2852 viros,
1623 2810 1936 2856 quilaffisubstiterant
1956 2837 1965 2852 ,
1994 2823 2045 2845 nec

1145 2851 1149 2920 J
1160 2860 1246 2903 sequi
1252 2870 1411 2903 potuerant
1423 2863 1532 2895 David
1542 2886 1552 2900 ,
1581 2863 1614 2895 cb·
1624 2861 1745 2901 residere
1756 2864 1933 2905 eosjufferat
1945 2869 1976 2894 in
1986 2873 2049 2895 tor--

1145 2921 1147 2951 ζ
1163 2920 1243 2963 rentf
1257 2910 1348 2954 Besor
1361 2924 1368 2944 ι
1395 2914 1447 2954 qul
1457 2910 1628 2955 egreffisunt
1639 2912 1758 2944 obviam
1773 2915 1899 2953 David,
1926 2914 1959 2946 (θ’
1981 2915 2046 2945 Po-

1143 2954 1228 3006 ¹{pulo
1248 2968 1299 3003 qui
1321 2970 1386 2993 erat
1408 2973 1472 2994 cum
1483 2973 1531 2994 eo.
1562 2964 1704 2994 accedens
1715 2971 1814 2996 autem
1829 2965 1934 2996 David
1942 2964 1985 2994 ad
1990 2971 2042 3004 po-

1143 3010 1145 3056 j
1158 3013 1260 3052 pulum
1273 3037 1282 3051 ‚
1306 3009 1457 3053 salutavit
1470 3024 1514 3043 eos
1521 3012 1658 3052 pacifice.
1688 3011 1931 3056 Respondenfque
1945 3018 2040 3046 omnis

1143 3064 1146 3099 Ξ
1162 3069 1211 3094 'vir
1220 3063 1352 3102 pefflmus
1366 3064 1527 3103 &iniquus
1542 3085 1551 3100 ,
1578 3063 1615 3093 de
1631 3066 1707 3094 viris
1723 3070 1772 3105 qui
1784 3070 1883 3096 ierant
1892 3075 1954 3097 cum
1977 3067 2039 3096 Da-

1162 3113 1219 3144 vid
1230 3137 1239 3151 ,
1267 3114 1346 3144 dlxit
1359 3126 1370 3145 .·
1398 3114 1481 3154 ,Quia
1492 3121 1548 3143 non
1557 3122 1703 3145 venerunt
1715 3112 1859 3156 nobtfium
1872 3139 1881 3154 ‚
1905 3126 1962 3146 non
1984 3116 2038 3146 da-

1161 3161 1253 3194 bimus
1266 3167 1308 3194 eis
1321 3163 1481 3203 quidquam
1492 3164 1529 3194 de
1543 3163 1655 3194 Praeda
1667 3187 1676 3201 ,
1702 3175 1793 3204 quam
1814 3169 1955 3197 eruimus:
1982 3162 2041 3205 sed

1157 3210 1283 3254 sufficiat
1306 3219 1454 3253 unicuique
1476 3223 1551 3243 uxor
1568 3210 1748 3254 suaetfi‘lii:
1775 3226 1916 3256 quoscum
1927 3220 2038 3253 accepe-

1160 3268 1237 3301 rint,
1265 3264 1405 3294 recedant
1421 3287 1425 3292 .
1449 3264 1535 3293 Dixit
1548 3272 1645 3294 autem
1658 3265 1784 3303 David,
1813 3276 1868 3296 non
1880 3265 1911 3297 ἤι’
1910 3264 2037 3305 facietis

226 3306 405 3351 Gregorius
424 3305 622 3342 Turonensis
647 3310 843 3353 Episcopus,
873 3311 905 3344 ὅς
930 3311 1098 3357 adjungit:
1164 3316 1292 3345 Frarres
1305 3318 1362 3345 mei
1374 3337 1384 3351 ,
1410 3312 1446 3344 de
1457 3311 1504 3343 his
1517 3322 1581 3353 quae
1594 3314 1723 3345 tradidit
1735 3315 1817 3346 nobis
1833 3318 1971 3345 Dominus
1983 3334 1992 3349 ,
2004 3313 2040 3345 <⁹⁸

226 3360 281 3389 His
303 3356 530 3398 promiffionibus
554 3356 700 3399 bultem,
727 3361 789 3400 ejus
809 3362 988 3394 voluntatem
996 3362 1100 3403 facere
1160 3360 1312 3401 custodivit
1335 3373 1385 3394 nos
1400 3385 1408 3399 ‚
1437 3363 1469 3394 &⁴
1492 3363 1575 3394 dedit
1586 3364 1787 3403 latrunculos,
1818 3372 1867 3403 qui
1879 3367 2039 3403 eruperant

224 3411 420 3448 promittunt.
450 3407 502 3439 Ille
520 3409 591 3439 vero
611 3409 695 3449 illuc,
724 3414 755 3441 in
782 3415 947 3451 Arvernos,
977 3412 1099 3454 transire
1159 3413 1322 3445 adversum
1347 3423 1400 3444 nos
1414 3435 1425 3450 ,
1451 3417 1484 3443 in
1505 3423 1611 3444 manus
1633 3415 1743 3454 nostras
1757 3426 1767 3446 :
1795 3424 1844 3444 nec
1862 3413 1965 3445 audiet
1984 3422 2040 3444 vos

228 3455 374 3500 disponit,
396 3462 575 3499 promittens
594 3462 699 3491 iterum
720 3468 808 3502 atque
830 3466 935 3494 iterum
946 3460 1116 3501 Exercituil
1160 3461 1315 3506 quisquam
1328 3461 1417 3506 super
1425 3459 1560 3504 sermone
1571 3461 1642 3496 hoc.
1665 3466 1773 3505 AEqua
1793 3469 1871 3495 enim
1884 3470 1960 3501 pars
1986 3466 2042 3495 erit

281 3522 288 3527 ·
1882 3510 1995 3555 descen-

2079 2190 2155 2225 Lib.
2175 2202 2213 2238 5:

2079 2241 2138 2286 Ep.
2153 2240 2228 2289 386.
