2366 3736
22 2021 120 2068 Lege
131 2033 186 2071 32·

590 188 674 234 Dr:
709 187 972 231 Sinonia
1007 183 1568 230 MONASTER-lonum.

179 282 267 316 ribus
287 276 388 321 posset
405 272 528 317 aliquid
564 285 620 317 per
634 279 812 304 extremam
845 269 1048 302 voluntatem

179 331 374 372 relinquere.
405 325 543 358 Praesens
565 323 633 356 Lex
653 319 803 364 adjungit
816 319 962 353 causam:
990 318 1048 350 Sub

1883 197 1943 244 73

1113 274 1222 309 Nuper
1231 277 1296 300 cum
1317 268 1354 299 de
1365 256 1532 304 testamento
1544 267 1714 308 Clariffimae
1725 271 1871 300 memoriae
1885 271 1980 306 Hypa-

1113 321 1165 352 tiae
1179 343 1188 358 ,
1215 329 1281 360 quae
1302 322 1380 349 inter
1398 316 1474 347 alios
1497 322 1598 349 virum
1629 316 1790 361 religiosum
1810 319 1977 349 Anatolium

175 386 329 422 pnaetexru
339 377 500 409 Catholicae
511 368 694 415 disciph'nae'.
723 369 853 413 Nem-pe
866 369 915 402 uti
928 367 1049 401 Clerici
1116 367 1315 406 Presbyterum
1325 372 1358 399 in
1377 371 1508 408 portione
1531 367 1685 408 manifesta
1706 368 1843 400 bonorum
1860 365 1980 409 suorum

177 430 215 463 ἀ
238 426 399 461 Monachi
425 427 604 469 AgapetaS‚
632 419 677 455 ita
702 420 822 454 Clerici
848 418 1053 452 Diaconiffas

176 477 353 521 captabant
373 472 587 516 &capiebant
605 471 662 505 sub
674 469 853 506 Catholicae
874 467 1052 511 disciplinae

178 530 233 562 seu
257 524 473 561 instrufflonis
493 521 570 555 fuco
584 545 595 562 ‚
621 523 772 564 atqueita
793 517 1005 562 proficiebant
1018 519 1051 551 in

181 576 361 611 haeredes&
383 573 563 606 viventium
577 571 831 605 &morientium
845 594 852 601 .
882 569 957 602 Erat
977 568 1055 602 dura

181 624 399 662 Constitutio.
429 622 597 655 Dominus
618 620 798 655 Cardinalis
812 619 969 651 Batonius
991 619 1058 651 exi-

179 677 288 711 stimat
311 675 411 716 ipsam
425 672 565 716 graviter
578 671 772 714 displicuisse
784 670 902 702 Sansto
916 668 1055 702 Ambro-

180 726 249 765 sio,
275 723 527 766 ideoqueipsum
550 721 701 755 adversus
713 731 783 753 eam
797 720 1058 761 potenterinter·

179 774 317 809 ceffilie.
345 773 388 806 Et
415 773 500 806 certe
519 772 595 806 data
623 771 676 805 illa
699 772 761 804 fuit
786 768 992 809 Mediolani;
1022 767 1055 800 &

180 823 264 859 adeo
288 823 420 868 propere
441 821 678 860 circumducta,
705 829 740 854 ut
760 819 907 862 plurimis
919 818 1058 851 necdum

181 884 254 908 nota
270 875 353 917 effer.
382 873 611 907 Circumdueca
623 870 668 904 est
690 870 797 903 statim
819 869 888 911 post
905 868 1054 901 mensem.

185 923 289 971 Qod
308 934 390 966 opus
415 922 554 958 omniuo
576 921 705 954 videtur
725 920 817 954 fuifle
838 919 944 952 Sanffi
974 918 1060 950 Am-

184 974 298 1008 brosii.
325 974 406 1006 Haec
422 983 502 1016 ergo
524 971 595 1005 Lex
619 970 719 1013 ipsam
742 971 847 1002 firmat
867 967 977 1011 quoad
1008 966 1060 1000 ul-

182 1026 278 1059 timas
290 1023 496 1061 voluntates,
522 1020 631 1064 quoad
651 1020 848 1054 donationes
871 1019 954 1052 inter
969 1016 1061 1050 vivos

183 1072 420 1107 circumducit.
446 1071 525 1105 lssas
537 1071 696 1114 permittit
716 1070 733 1103 a
758 1068 954 1103 Diaconiffis
974 1068 1063 1101 dein·

183 1133 260 1166 ceps
281 1121 349 1157 fieri
374 1122 474 1156 etiam
489 1122 523 1154 in
536 1120 702 1159 ciericos,
729 1119 885 1154 Ecclesias
906 1143 917 1158 ,
945 1119 978 1152 &
992 1129 1065 1161 pau·

184 1183 295 1217 peres.
324 1172 432 1206 Etiam
445 1172 486 1205 de
509 1171 651 1214 ptaediis.
678 1171 730 1203 Sic
753 1171 853 1213 ipsam
868 1165 1065 1212 post-modo,

183 1222 416 1265 interpretatus
438 1222 499 1254 fuit
514 1222 547 1254 in
572 1222 625 1254 sua
643 1222 683 1254 ad
700 1219 882 1253 Palladium
898 1218 1066 1251 Praetorio·

185 1271 376 1306 Praefestum
398 1271 439 1305 de
462 1271 666 1305 Clericorum
698 1270 900 1304 testamentis
923 1267 1065 1301 Novella

187 1322 281 1365 Lege
303 1322 479 1364 Imperator
494 1321 696 1354 Martianus.
730 1321 770 1353 Et
786 1319 859 1352 sane
870 1329 962 1352 tanto
975 1341 986 1356 ,
1011 1317 1065 1358 qui

189 1371 356 1415 Magnum
382 1369 612 1413 Theodosium
637 1369 744 1403 videre
767 1369 860 1412 poffit
883 1392 894 1407 ,
922 1366 1066 1408 Principi

189 1420 237 1453 est
263 1420 371 1463 potius
393 1420 591 1452 credendum
615 1443 625 1458 ,
663 1419 760 1460 quam
785 1416 908 1460 Jacobo
937 1415 1067 1448 Gotho-

191 1469 305 1503 fredo.
333 1468 469 1502 Interim
490 1466 538 1500 hae
563 1469 664 1500 ambae
682 1489 693 1505 ‚
718 1468 752 1500 ὅ(
789 1466 1008 1500 circumdufia
1034 1465 1068 1498 ὅ(

191 1518 460 1557 circumducens,
486 1517 591 1561 Leges
611 1517 758 1551 statuunt
785 1517 826 1550 de
854 1516 928 1549 solis
948 1516 1068 1548 Diaco-

192 1568 304 1608 niffis,
329 1579 397 1611 quae
420 1578 486 1601 non
510 1577 599 1600 erant
620 1578 760 1611 agapetae
777 1591 784 1599 .
810 1566 932 1614 Qoad
953 1565 1009 1599 has
1023 1566 1069 1598 fir·

193 1628 246 1652 ma
267 1618 381 1651 mansit
402 1618 454 1650 lex
469 1618 565 1659 primi
579 1616 803 1650 Valentiniani
817 1642 824 1649 .

249 1667 431 1711 Emergunt
453 1666 578 1708 aliquot
600 1667 794 1710 quaestiones
818 1692 823 1699 .
851 1666 961 1700 Prima
988 1666 1032 1699 est
1059 1689 1071 1706 ‚

195 1715 255 1751 An
274 1717 402 1750 Primus
415 1716 667 1750 Valentinianus
680 1717 766 1751 suam
790 1717 914 1760 Legem
932 1715 1076 1759 postmo-

196 1766 242 1800 do
264 1766 444 1800 extenderit
455 1766 555 1799 etiam
567 1767 607 1801 ad
634 1767 857 1810 Episcopos&
880 1769 988 1801 Sacras
1001 1765 1074 1799 Vir-

197 1817 314 1861 gines?
341 1816 394 1850 De
407 1815 456 1850 his
467 1817 554 1849 enim
569 1818 656 1860 prior
675 1817 744 1859 ejus
756 1817 807 1850 lex
821 1829 887 1851 non
908 1817 1052 1859 loquitur
1063 1840 1073 1855 ,

197 1866 254 1900 sed
274 1867 314 1899 de
336 1866 413 1900 solis
426 1866 564 1900 Clericis
577 1878 614 1900 ac
628 1866 806 1901 Monachis
824 1892 831 1898 .
859 1866 998 1910 Jacobus
1007 1865 1074 1898 Go-

198 1915 370 1950 thofredus
380 1916 537 1950 affirmat.
566 1917 609 1950 Et
630 1918 738 1950 censet
764 1918 986 1950 extensionem
1000 1915 1075 1948 suis·

199 1966 235 2005 se
260 1967 377 1999 factam
396 1966 437 2000 ab
459 1967 520 1999 hac
541 1967 583 2000 ad
608 1966 745 2000 Paulum
768 1978 858 2000 novae
880 1966 971 2008 Epiri
1000 1965 1077 1997 Prae-

200 2014 424 2057 fidemlcripta
447 2016 560 2057 Lege:
586 2019 696 2047 Forma
716 2018 917 2056 praecedentis
940 2013 1076 2055 Consulti

201 2070 295 2099 etiam
316 2070 393 2096 circa
414 2062 625 2107 Episcoporum
661 2068 872 2107 Virginumque
898 2062 1042 2105 personas
1069 2087 1078 2102 ‚

203 2115 236 2147 Θ·
256 2118 332 2146 circa
351 2116 428 2147 alias
454 2137 465 2154 ,
500 2125 625 2155 quarum
641 2113 751 2152 statuto
777 2115 961 2155 praecedenti
988 2111 1080 2153 facila

203 2163 362 2205 complexio
385 2162 444 2203 est,
470 2163 579 2196 valeat.
598 2174 632 2195 ac
653 2169 840 2204 porrigatur.
868 2162 962 2195 Prior
973 2162 1078 2205 quarti

204 2213 312 2247 saeculi
331 2213 588 2255 septuagesimo,
615 2211 679 2245 haec
691 2212 762 2245 Lex
774 2212 847 2246 data
859 2212 902 2245 est
916 2222 1004 2245 anno
1017 2212 1080 2252 sep·

203 2262 385 2306 tuagefimo
396 2262 555 2295 secundo.
585 2261 638 2295 Est
654 2262 724 2295 Lex
748 2263 948 2299 extendens,
973 2261 1007 2294 δε
1036 2259 1080 2293 est

204 2312 350 2355 ejusdem
377 2310 556 2354 Principis:
585 2310 662 2345 hinc
675 2312 801 2345 videtur
813 2324 879 2345 non
903 2311 1077 2345 extendere

204 2361 328 2402 aliam,
353 2360 573 2404 quamistam.
605 2360 800 2404 Respondeo
813 2371 920 2395 tamen
946 2360 1030 2394 hanc
1042 2358 1083 2393 ab

207 2412 265 2446 illa
289 2422 356 2445 non
378 2411 512 2445 extendi
535 2436 542 2443 .
582 2410 713 2445 Etenim
733 2412 766 2445 &
788 2413 922 2447 Sanstus
944 2410 1083 2444 Ambro-

208 2463 291 2500 sius,
315 2461 350 2495 &
366 2460 500 2494 Sanetus
516 2461 746 2503 Hieronymus
767 2463 808 2495 de
829 2464 896 2496 sola
922 2462 956 2495 in
973 2460 1081 2494 Cleri-

209 2522 267 2545 cos
287 2511 520 2544 &Monachus
537 2514 677 2545 exercita
701 2511 820 2545 duritia
846 2513 919 2545 sunt
940 2511 1042 2554 questi
1071 2535 1080 2550 ,

209 2562 369 2602 nusquam
397 2560 438 2593 de
461 2561 628 2603 Episcopis
641 2570 696 2595 aut
726 2561 827 2595 Sacris
852 2560 1047 2605 Virginibus
1076 2585 1081 2591 .

210 2609 310 2643 Certe
347 2620 414 2642 non
437 2610 623 2643 tacuissent.
656 2611 696 2643 Et
718 2611 818 2644 Sacrae
843 2611 1001 2654 Virgines
1038 2610 1079 2644 de

211 2659 346 2702 captatis
357 2670 564 2703 agapetarum
586 2659 824 2695 haereditatibus
837 2671 1002 2703 nunquam
1014 2661 1078 2693 fue-

210 2719 289 2743 runt
325 2709 488 2751 suspeQae.
515 2707 657 2743 Nullum
679 2711 764 2754 apud
790 2711 957 2754 Antiquos
993 2721 1082 2744 extat

211 2759 304 2793 istius
325 2758 517 2802 suspicionis
538 2759 706 2804 vestigium
720 2785 727 2792 .
756 2760 906 2794 Praeterea
921 2760 988 2794 haec
1014 2759 1083 2793 Lex

211 2820 282 2843 non
306 2808 347 2842 ad
369 2809 509 2842 sancium
521 2810 699 2843 Damasum
722 2809 919 2845 Pontificem
930 2811 1049 2844 diresta
1074 2834 1084 2849 ,

211 2869 275 2893 nec
288 2858 365 2901 jussa
376 2859 419 2892 est
434 2858 495 2902 legi
513 2860 544 2892 in
562 2859 722 2894 Romanis
734 2861 896 2902 Bafilicis,
924 2861 972 2894 sed
990 2860 1082 2902 scrip-

210 2918 245 2943 ta
261 2907 359 2942 estad
383 2907 553 2943 Praefidem
580 2910 671 2953 Epiri
692 2936 699 2942 .
736 2910 864 2944 Certeli
887 2910 927 2944 de
952 2911 1083 2953 Episco-

210 2958 306 3001 pis&
323 2958 426 2992 Sacris
451 2958 647 3003 Virginibus
669 2960 843 3001 sanxisset,
871 2961 969 3005 dirigi
991 2960 1084 2993 debe·

213 3005 268 3041 bat
289 3006 330 3042 ad
351 3008 536 3042 Romanam
562 3009 735 3044 Ecclesiam
758 3023 797 3045 ac
817 3022 871 3054 per
892 3021 1005 3045 omnes
1017 3010 1084 3043 ubi-

214 3068 276 3099 que
288 3057 435 3092 Basilicas
455 3058 633 3104 divulgari.
666 3060 878 3104 Augustasde
892 3059 1083 3095 Ecclesiasti-

216 3116 254 3139 ca
275 3107 454 3152 Disciplina
466 3109 570 3153 Leges
580 3110 716 3154 antiqua
729 3110 958 3145 Christianitas
973 3111 1017 3144 ita
1027 3108 1082 3143 ho—

216 3155 351 3190 norabat
389 3172 400 3191 .·
436 3158 563 3193 ostendi
582 3160 616 3194 id
650 3161 744 3204 poffit
778 3161 873 3195 variis
894 3161 1053 3204 exemplis
1079 3184 1087 3191 .

215 3204 319 3238 Porri>
343 3216 438 3247 quam
462 3208 586 3254 Legem
610 3210 669 3244 ista
691 3211 763 3244 Lex
776 3211 931 3245 extendat
956 3211 996 3244 ad
1010 3210 1086 3253 Epi·

216 3256 330 3297 scopos
349 3255 381 3287 ἀ
401 3257 507 3292 Sacras
519 3259 695 3304 Virgines,
722 3262 825 3295 fateor
845 3272 899 3295 me
917 3261 1086 3306 ignorare.

267 3303 412 3338 Secunda
449 3308 647 3348 quaestioeffi
679 3311 733 3344 An
761 3310 810 3345 h'ae
845 3322 962 3345 omnes
983 3312 1086 3355 Leges

215 3355 340 3396 semper
358 3355 519 3397 viguerint
539 3357 573 3392 in
589 3359 752 3401 Ecclesia,
778 3361 811 3394 δι
831 3372 1000 3406 nunquam
1020 3362 1085 3395 fue·

218 3403 284 3437 rint
306 3403 558 3439 Circumdssstae?
586 3409 782 3453 Respondeo
796 3411 886 3445 fuisse
907 3411 1087 3445 circumdu-

219 3454 283 3486 &as
294 3453 334 3488 ab
357 3453 553 3497 Imperatore
573 3456 756 3493 Martiano.
787 3461 1089 3496 circumductionis

220 3502 359 3538 radicem
380 3503 546 3538 audiamus
565 3506 606 3540 ab
626 3508 694 3550 ejus
713 3508 777 3549 jam
805 3511 935 3548 laudata
959 3511 1049 3557 Lege
1074 3521 1086 3544 .·

316 3551 426 3595 Christ.
437 3557 515 3598 Lupi
533 3560 631 3599 Opera
648 3561 728 3593 Tam.
741 3560 798 3593 XI.

1109 417 1222 462 scripſjt
1232 417 1381 450 baeredem
1392 440 1403 455 ,
1429 416 1593 456 ampliffimo
1599 415 1707 458 senatu
1713 417 1861 460 praesente
1872 417 1983 449 trabla-

1114 476 1158 502 ret
1177 471 1279 501 Pietas
1290 478 1378 506 mea,
1403 464 1567 499 &dubium
1580 469 1746 507 videretur,
1775 474 1820 499 An
1841 469 1913 500 vere
1932 466 1985 509 effe

1116 518 1253 552 deberent
1268 516 1317 549 hae
1336 516 1504 548 voluntates
1517 516 1677 548 viduarum
1688 541 1697 556 ‚
1725 528 1793 559 quae
1817 516 1983 556 testamento

1111 567 1164 611 suo
1174 568 1290 608 aliquid
1301 565 1345 597 his
1357 566 1478 597 clericis
1491 565 1660 606 relinquunt
1673 591 1682 605 ‚
1708 566 1821 608 quisub
1831 575 1983 607 praetextu

1117 620 1264 661 religionis
1278 613 1445 657 hujusmodi
1448 614 1643 655 soeminarum
1654 617 1753 648 domos
1765 617 1875 648 adeunt
1884 640 1891 647 .
1907 621 1985 648 Cum

1119 671 1182 700 Lex
1195 671 1287 699 Divae
1305 671 1453 698 memoriae
1465 666 1689 704 Valentiniani,
1717 667 1751 699 (rt
1771 667 1926 702 Valentis,
1952 666 1986 698 (5

1118 722 1263 750 Gratiani
1275 741 1285 756 ‚
1313 714 1515 757 Ecclefiallicos
1527 738 1537 753 ‚
1564 716 1615 748 vel
1634 727 1679 748 eos
1699 720 1748 757 qui
1763 719 1987 747 Continentium

1118 767 1263 811 sevolunt
1273 771 1388 798 nomine
1410 772 1591 806 nuncupati,
1620 765 1698 797 nibil
1717 776 1893 807 quacumque
1913 765 1989 797 libe-

1121 818 1242 849 ralitate
1253 821 1417 849 viduarum
1427 826 1559 848 extremo
1561 817 1675 855 judicio
1685 822 1842 855 permittat
1854 813 1989 856 adipisci.

1121 871 1234 899 Contra
1244 865 1307 899 haec
1327 873 1426 897 autem
1449 868 1540 898 Divae
1566 873 1714 899 memoriae
1752 866 1956 897 Valentiniani
1982 886 1992 901 ,

1121 915 1285 957 Theodofii‚
1311 917 1344 949 Θ
1376 916 1496 947 Arcadii
1515 916 1690 954 constitutio
1710 916 1853 959 legeretur
1866 940 1875 955 ,
1902 913 1995 956 inspi-

1121 966 1261 1000 cientibus
1270 968 1304 999 (ς
1316 964 1530 1004 aestimantibus
1544 966 1626 998 nobis
1638 968 1742 999 latoris
1765 972 1898 998 animum
1912 990 1920 1005 ‚
1948 969 1998 997 vi·

1119 1016 1185 1060 sum
1206 1015 1328 1057 estjufta
1341 1016 1559 1048 &rationabili
1575 1021 1755 1056 poenitentila
1764 1024 1899 1058 priorum
1921 1021 1998 1048 Con-

1120 1067 1305 1107 stitutionum
1325 1071 1454 1108 vigorem
1476 1073 1633 1107 antiquare
1653 1068 1770 1109 voluisse
1794 1092 1800 1099 .
1837 1070 1922 1098 Nam
1933 1066 1999 1099 cam

1125 1123 1157 1149 in
1165 1122 1267 1157 prima
1278 1117 1440 1148 viduarum
1450 1118 1650 1149 tantummodo
1663 1117 1867 1158 mentiofadla
1880 1115 1919 1157 fit
1930 1139 1940 1154 ,
1966 1121 2000 1148 in

1122 1166 1254 1210 secunda
1274 1174 1372 1197 autem
1383 1168 1588 1199 tantummodo
1613 1168 1862 1210 Diacomffarum;
1891 1167 2003 1199 intelli-

1122 1223 1206 1261 gitur
1224 1227 1289 1249 eam
1301 1215 1543 1254 Constitutionem
1556 1241 1565 1254 ‚
1591 1228 1657 1258 quae
1679 1220 1841 1250 viduarum
1855 1219 1888 1250 (5
1901 1220 2003 1248 Diaco-

1128 1266 1267 1308 niffarum
1290 1268 1444 1302 meminit,
1472 1267 1511 1299 de
1531 1269 1607 1309 Lege
1627 1276 1755 1308 utraque
1778 1268 1901 1308 dixisse.
1929 1265 2005 1298 Illu-

1129 1316 1199 1348 stris
1209 1314 1355 1356 Hypatia
1368 1324 1517 1347 extremo
1541 1316 1598 1349 suo
1615 1316 1741 1357 judicio
1764 1316 1868 1349 multa
1893 1315 2004 1348 Eccle-

1129 1366 1178 1398 siis
1191 1388 1202 1404 ‚
1229 1363 1332 1397 multa
1345 1363 1534 1405 pauperibus
1545 1388 1556 1404 ‚
1570 1365 1672 1398 multa
1685 1364 1884 1399 redimendis
1905 1365 2008 1408 capti-

1131 1416 1179 1448 vis
1193 1438 1204 1454 ,
1229 1414 1333 1447 multa
1346 1412 1522 1447 Monachis
1537 1439 1547 1455 ‚
1576 1415 1677 1448 multa
1689 1416 1753 1449 suis
1765 1415 1889 1449 libertis
1899 1439 1908 1455 ‚
1919 1426 2006 1456 quae-

1131 1466 1204 1498 dam
1217 1463 1355 1497 donarat
1369 1463 1530 1497 Anatolio
1543 1464 1738 1509 Presbytero
1749 1490 1756 1496 .
1785 1465 1826 1500 Et
1840 1465 1925 1498 hanc
1936 1475 2008 1507 prae-
2042 1475 2044 1478 ⁴

1133 1515 1241 1548 sertim
1264 1514 1447 1548 testamenti
1472 1525 1592 1557 partem
1629 1515 1731 1559 aliqui
1759 1527 1814 1559 per
1839 1515 2012 1549 addustam

1133 1566 1229 1608 primi
1255 1563 1484 1597 Valentiniani
1500 1565 1623 1609 Legem
1636 1565 1807 1599 studebant
1830 1576 1974 1599 evertere
2002 1590 2010 1597 .

1134 1615 1203 1651 Alii
1215 1613 1406 1654 firmabant,
1430 1615 1598 1648 asserentes
1612 1627 1679 1649 non
1692 1614 1832 1650 Secundi
1845 1617 2015 1650 dumtaxat

1133 1665 1197 1708 jam
1206 1664 1442 1706 addustam,sed
1456 1665 1593 1699 &istam
1606 1666 1701 1708 primi
1716 1665 1943 1700 Valentiniani
1957 1666 2018 1699 Le-

1135 1724 1209 1760 gem
1222 1713 1314 1748 fuisse
1339 1715 1379 1748 ab
1399 1714 1488 1748 illius
1511 1716 1649 1750 secunda
1673 1717 1945 1750 circumductam.
1975 1716 2020 1748 Et:

1137 1765 1221 1798 hanc
1235 1765 1428 1798 sententiam
1441 1765 1620 1808 Imperator
1634 1766 1820 1800 Marcianus
1830 1789 1839 1804 ‚
1852 1767 1898 1800 vel
1911 1765 2021 1809 potius

1138 1815 1193 1858 ipsi
1204 1813 1379 1847 assistentes
1389 1815 1636 1858 JurisConsulti
1651 1816 1908 1860 comprobabant
1920 1840 1927 1847 .
1955 1815 2021 1849 Ad-

1138 1865 1230 1898 ducta
1246 1865 1313 1907 ejus
1325 1865 1461 1907 prefatio
1476 1876 1633 1900 memorat
1645 1877 1706 1899 tres
1719 1867 1894 1910 superiores
1906 1866 2023 1909 Leges.

1140 1914 1247 1948 Prima
1261 1916 1306 1948 est
1322 1913 1550 1949 Valentiniani
1563 1916 1586 1950 1.
1598 1916 1750 1950 Valentis
1762 1941 1773 1957 ‚
1799 1917 1831 1950 ἀ
1843 1916 2018 1955 Gratiani,

1142 1965 1288 1998 sanciens
1298 1965 1339 1998 de
1355 1964 1430 1998 solis
1444 1965 1551 1999 viduis
1565 1990 1573 1998 .
1603 1967 1645 2000 Et
1655 1966 1699 1999 est
1712 1968 1814 2009 prima
1837 1965 1899 2008 jam
1912 1966 1930 1998 a
1958 1977 2023 1998 no-

1143 2013 1191 2047 bis
1202 2014 1360 2052 addusta,
1385 2015 1418 2046 in
1433 2015 1680 2049 Sexto-decimo
1703 2014 1930 2050 Theodosiani
1957 2015 2024 2048 Co·

1143 2063 1320 2096 dicislibro
1346 2063 1386 2097 ad
1409 2064 1587 2098 secundum
1612 2066 1745 2099 titulum
1771 2066 1942 2110 vigesima.
1971 2066 2023 2098 Se·

1143 2113 1251 2146 cunda
1263 2113 1307 2146 est
1335 2112 1565 2147 Valentiniani
1588 2115 1627 2147 ll.
1649 2115 1855 2155 Theodosii,
1882 2126 1920 2148 ac
1944 2115 2023 2148 Gra-

1143 2162 1225 2195 tiani
1240 2185 1251 2200 ‚
1279 2163 1425 2196 sanciens
1436 2163 1477 2196 de
1491 2164 1566 2196 solis
1577 2164 1797 2204 Diaconiffis,
1820 2164 1963 2206 eiusdem
1984 2164 2024 2197 ti-

1144 2211 1205 2245 tuli
1218 2211 1519 2255 vigesima-septima
1532 2237 1543 2253 ,
1566 2214 1650 2246 inter
1661 2214 1812 2250 adductas
1824 2214 1842 2247 ὁ.
1851 2226 1902 2248 me
1914 2215 2026 2248 secun·

1146 2262 1185 2294 da
1199 2286 1205 2292 .
1233 2261 1350 2295 Tertia
1367 2262 1411 2295 est
1426 2263 1617 2297 eorumdem
1630 2264 1823 2308 Principum
1835 2289 1846 2305 ,
1873 2265 2021 2299 sanciens

1145 2313 1185 2344 de
1203 2311 1402 2345 Diaconiffis
1415 2312 1558 2347 simulac
1575 2312 1701 2353 viduis,
1726 2313 1844 2358 praefati
1867 2315 1957 2348 tituli
1979 2314 2027 2347 vi-

1146 2361 1263 2406 gesima
1277 2362 1386 2395 oslava
1397 2387 1407 2402 ‚
1434 2364 1532 2397 etiam
1546 2365 1632 2397 inter
1645 2365 1795 2399 addufias
1808 2366 1825 2399 a
1840 2375 1892 2398 me
1912 2365 2004 2397 tertia
2018 2388 2027 2396 .

1148 2412 1189 2444 Et
1206 2412 1393 2445 Marcianus
1416 2414 1523 2448 censet
1546 2413 1586 2447 ab
1601 2413 1661 2448 hac
1689 2425 1859 2458 utramque
1886 2415 2024 2457 priorem

1147 2459 1240 2494 fuisse
1255 2461 1506 2496 circumdufflam
1522 2488 1531 2503 ‚
1559 2464 1699 2507 ideoque
1712 2465 1869 2507 Hypatiae
1888 2466 1922 2497 in
1936 2464 2025 2497 Ana·

1149 2513 1268 2545 tolium
1284 2512 1440 2545 beneficia
1454 2514 1546 2546 fuiffe
1556 2524 1622 2547 rata
1637 2526 1673 2546 ac
1688 2515 1793 2548 firma.
1845 2548 1847 2550 .

1201 2562 1254 2594 Est
1269 2573 1317 2595 res
1332 2562 1432 2605 digna
1454 2565 1623 2596 examine.
1652 2564 1789 2597 Certum
1815 2564 1859 2598 est
1883 2563 2025 2597 Martia-

1151 2622 1228 2644 num
1243 2634 1253 2650 ,
1277 2623 1332 2645 aut
1346 2613 1453 2655 potius
1477 2613 1662 2646 Adseffores
1682 2614 1750 2656 ejus
1774 2614 1806 2646 in
1831 2614 2025 2657 quibusdam

1151 2661 1241 2694 fuisse
1254 2662 1551 2704 circumscriptos&
1564 2662 1678 2705 lapsos.
1710 2664 1954 2707 Primuslapsus
1976 2663 2023 2697 est

1152 2712 1183 2743 in
1209 2710 1259 2743 his
1270 2711 1393 2744 verbis.-
1421 2712 1549 2744 Dubium
1564 2714 1718 2746 videretur
1730 2738 1741 2755 ‚
1769 2718 1816 2746 An
1826 2716 1895 2747 vere
1914 2713 1963 2756 effe
1975 2715 2024 2747 de·

1150 2760 1252 2793 berem
1276 2759 1325 2793 bae
1349 2762 1518 2795 voluntates
1543 2765 1706 2795 viduarum
1729 2787 1740 2804 ‚
1760 2774 1828 2806 quae
1850 2763 2022 2803 testamento

1146 2809 1199 2852 suo
1221 2811 1339 2852 aliquid
1356 2812 1481 2844 clericis
1505 2814 1677 2855 relinquunt
1693 2835 1703 2851 ,
1729 2819 1778 2856 qui
1792 2812 1848 2856 βψ
1867 2821 2022 2854 praetextu

1150 2856 1318 2902 Religionis*
1333 2859 1501 2903 hujusmodi
1531 2863 1730 2904 foeminarum
1756 2865 1855 2896 domas
1875 2864 1985 2896 adeunt
2013 2887 2021 2895 .

1152 2911 1281 2955 Etenim
1293 2909 1333 2945 de
1358 2911 1536 2946 istiusmodi
1553 2912 1775 2946 voluntatibus
1797 2912 1924 2946 nullum
1949 2923 2018 2946 erat

1150 2958 1308 2995 dubium.
1338 2961 1438 2995 Erant
1461 2963 1565 3005 palam
1593 2963 1664 2996 vere
1683 2962 1858 3006 legitimae,
1884 2962 2017 2996 validae.

1151 3010 1250 3044 Primi
1266 3022 1405 3055 namque
1418 3011 1649 3046 Valentiniani
1662 3012 1731 3046 Lex
1744 3037 1755 3053 ,
1782 3013 1858 3047 licet
1871 3012 1942 3047 istas
1951 3013 2023 3046 adi·

1151 3061 1257 3095 tiones
1277 3063 1509 3105 proscripserit,
1537 3061 1694 3096 adeuntes
1705 3073 1813 3097 tamen
1829 3061 2019 3097 Monachus

1150 3121 1204 3144 aut
1220 3111 1365 3146 Clericus
1389 3123 1455 3146 non
1481 3112 1657 3155 proscripsit
1675 3113 1716 3146 ab
1737 3113 1874 3147 extremi
1899 3112 2019 3156 Judicii

1150 3160 1337 3202 beneflciis,
1363 3162 1456 3195 Solos
1480 3162 1646 3206 Agapetos
1669 3163 1878 3207 proscripfita
1901 3162 2020 3197 talibus

1152 3211 1317 3246 beneficiis
1339 3212 1579 3256 Agapetarum.
1608 3211 1684 3248 Sola
1704 3213 1829 3254 aditio,
1856 3212 1931 3253 licet
1954 3213 2020 3245 fre-

1152 3262 1377 3303 quentiffima,
1405 3273 1471 3294 non
1496 3262 1683 3306 complebat
1705 3263 1908 3308 agapeticum
1931 3271 2023 3295 com-

1152 3313 1307 3347 mercium
1330 3338 1336 3344 .
1376 3311 1543 3346 Secundus
1565 3313 1673 3355 lapsus
1693 3313 1738 3347 est
1761 3336 1771 3352 ,
1806 3312 1895 3356 quod
1916 3309 2022 3344 Primi

1154 3361 1380 3396 Valentiniani
1403 3362 1471 3395 Lex
1504 3362 1678 3404 proscribat
1706 3363 1875 3404 Clericum
1898 3360 1939 3394 ab
1960 3370 2022 3393 ex-

1152 3420 1253 3445 tremo
1276 3411 1434 3445 beneflcio
1463 3411 1695 3455 cujuscumque
1717 3414 1822 3446 viduae
1842 3436 1848 3443 .
1891 3408 2023 3443 Etenim

1154 3462 1319 3503 proscribit
1348 3462 1366 3494 a
1389 3461 1549 3496 beneficio
1569 3463 1668 3496 solius
1685 3461 1856 3505 Agapetae.
1886 3459 2028 3492 Tertius

1149 3511 1333 3556 lapsusest,
1357 3511 1446 3556 quod
1467 3512 1644 3547 revocatrix
1660 3511 1830 3571 Valentini
1853 3521 1890 3544 ac
1912 3508 2030 3553 Theu-¹

1670 3562 1702 3595 (ι
1899 3558 1982 3596 dolii
