<?xml version="1.0" encoding="UTF-8"?>
<!DOCTYPE html PUBLIC "-//W3C//DTD XHTML 1.0 Transitional//EN"
    "http://www.w3.org/TR/xhtml1/DTD/xhtml1-transitional.dtd">
<html xmlns="http://www.w3.org/1999/xhtml" xml:lang="en" lang="en">
 <head>
  <title>
</title>
<meta http-equiv="Content-Type" content="text/html;charset=utf-8" />
  <meta name='ocr-system' content='tesseract 3.04.00' />
  <meta name='ocr-capabilities' content='ocr_page ocr_carea ocr_par ocr_line ocrx_word'/>
</head>
<body>
  <div class='ocr_page' id='page_1' title='image "./operaomniastudio11lupuuoft_0252.png"; bbox 0 0 2366 3736; ppageno 0'>
   <div class='ocr_carea' id='block_1_1' title="bbox 134 933 294 1127">
    <p class='ocr_par' dir='ltr' id='par_1_1' title="bbox 134 933 294 1127">
     <span class='ocr_line' id='line_1_1' title="bbox 138 933 293 976; baseline 0 -10"><span class='ocrx_word' id='word_1_1' title='bbox 138 933 293 976; x_wconf 76' lang='lat' dir='ltr'>Exponi—</span> 
     </span>
     <span class='ocr_line' id='line_1_2' title="bbox 135 983 294 1024; baseline 0.006 -9"><span class='ocrx_word' id='word_1_2' title='bbox 135 994 188 1024; x_wconf 73' lang='lat' dir='ltr'>tur</span> <span class='ocrx_word' id='word_1_3' title='bbox 231 983 294 1016; x_wconf 89' lang='lat' dir='ltr'>Ca-</span> 
     </span>
     <span class='ocr_line' id='line_1_3' title="bbox 134 1033 294 1074; baseline 0.013 -9"><span class='ocrx_word' id='word_1_4' title='bbox 134 1045 204 1074; x_wconf 79' lang='lat' dir='ltr'>non</span> <span class='ocrx_word' id='word_1_5' title='bbox 217 1033 294 1067; x_wconf 84' lang='lat' dir='ltr'>Tri-</span> 
     </span>
     <span class='ocr_line' id='line_1_4' title="bbox 134 1083 291 1127; baseline 0.013 -2"><span class='ocrx_word' id='word_1_6' title='bbox 134 1083 291 1127; x_wconf 68' lang='lat' dir='ltr'>deminus</span> 
     </span>
    </p>
   </div>
   <div class='ocr_carea' id='block_1_2' title="bbox 363 170 456 227">
    <p class='ocr_par' dir='ltr' id='par_1_2' title="bbox 363 170 456 227">
     <span class='ocr_line' id='line_1_5' title="bbox 363 170 456 227; baseline 0.043 -4"><span class='ocrx_word' id='word_1_7' title='bbox 363 170 456 227; x_wconf 70' lang='lat'>238</span> 
     </span>
    </p>
   </div>
   <div class='ocr_carea' id='block_1_3' title="bbox 876 166 1699 220">
    <p class='ocr_par' dir='ltr' id='par_1_3' title="bbox 876 166 1699 220">
     <span class='ocr_line' id='line_1_6' title="bbox 876 166 1699 220; baseline 0.004 -7"><span class='ocrx_word' id='word_1_8' title='bbox 876 166 1290 220; x_wconf 71' lang='lat' dir='ltr'>DissERTATIO</span> <span class='ocrx_word' id='word_1_9' title='bbox 1325 168 1699 215; x_wconf 64' lang='lat' dir='ltr'>Donni-nen</span> 
     </span>
    </p>
   </div>
   <div class='ocr_carea' id='block_1_4' title="bbox 325 250 2138 296">
    <p class='ocr_par' dir='ltr' id='par_1_4' title="bbox 325 250 2138 296">
     <span class='ocr_line' id='line_1_7' title="bbox 325 250 2138 296; baseline 0 -8"><span class='ocrx_word' id='word_1_10' title='bbox 325 254 474 287; x_wconf 63' lang='lat' dir='ltr'>effecius-t</span> <span class='ocrx_word' id='word_1_11' title='bbox 502 250 739 296; x_wconf 79' lang='lat' dir='ltr'>cognitionem</span> <span class='ocrx_word' id='word_1_12' title='bbox 750 250 873 294; x_wconf 87' lang='lat' dir='ltr'>peccati</span> <span class='ocrx_word' id='word_1_13' title='bbox 884 274 895 291; x_wconf 95' lang='lat'>,</span> <span class='ocrx_word' id='word_1_14' title='bbox 922 252 955 286; x_wconf 74' lang='grc' dir='ltr'>δι</span> <span class='ocrx_word' id='word_1_15' title='bbox 969 252 1127 288; x_wconf 80' lang='lat' dir='ltr'>incuffum</span> <span class='ocrx_word' id='word_1_16' title='bbox 1141 263 1205 296; x_wconf 87' lang='lat' dir='ltr'>poe·</span> <span class='ocrx_word' id='word_1_17' title='bbox 1264 259 1297 285; x_wconf 86' lang='lat' dir='ltr'>tu</span> <span class='ocrx_word' id='word_1_18' title='bbox 1313 277 1324 293; x_wconf 90' lang='lat'><strong>,</strong></span> <span class='ocrx_word' id='word_1_19' title='bbox 1352 258 1402 296; x_wconf 81' lang='lat' dir='ltr'>qui</span> <span class='ocrx_word' id='word_1_20' title='bbox 1413 263 1441 287; x_wconf 85' lang='lat' dir='ltr'>te</span> <span class='ocrx_word' id='word_1_21' title='bbox 1455 252 1579 287; x_wconf 82' lang='lat' dir='ltr'>ducebat</span> <span class='ocrx_word' id='word_1_22' title='bbox 1589 253 1713 288; x_wconf 74' lang='lat' dir='ltr'><em>obicibus</em></span> <span class='ocrx_word' id='word_1_23' title='bbox 1725 254 1815 288; x_wconf 77' lang='lat' dir='ltr'>nullis</span> <span class='ocrx_word' id='word_1_24' title='bbox 1825 278 1836 295; x_wconf 93' lang='lat'><strong>,</strong></span> <span class='ocrx_word' id='word_1_25' title='bbox 1846 273 1850 277; x_wconf 93' lang='lat'>·</span> <span class='ocrx_word' id='word_1_26' title='bbox 1861 251 1955 291; x_wconf 74' lang='lat' dir='ltr'>obruit</span> <span class='ocrx_word' id='word_1_27' title='bbox 1974 263 2003 291; x_wconf 82' lang='lat' dir='ltr'>te</span> <span class='ocrx_word' id='word_1_28' title='bbox 2012 253 2138 292; x_wconf 74' lang='lat' dir='ltr'><em>obicibus</em></span> 
     </span>
    </p>
   </div>
   <div class='ocr_carea' id='block_1_5' title="bbox 302 301 1209 1646">
    <p class='ocr_par' dir='ltr' id='par_1_5' title="bbox 302 301 1207 895">
     <span class='ocr_line' id='line_1_8' title="bbox 325 301 1204 348; baseline 0 -13"><span class='ocrx_word' id='word_1_29' title='bbox 325 314 373 336; x_wconf 79' lang='lat' dir='ltr'>nae</span> <span class='ocrx_word' id='word_1_30' title='bbox 394 313 517 336; x_wconf 85' lang='lat' dir='ltr'>metum</span> <span class='ocrx_word' id='word_1_31' title='bbox 532 325 539 332; x_wconf 92' lang='lat'><strong>.</strong></span> <span class='ocrx_word' id='word_1_32' title='bbox 563 301 654 334; x_wconf 88' lang='lat' dir='ltr'>Hinc</span> <span class='ocrx_word' id='word_1_33' title='bbox 675 310 843 344; x_wconf 86' lang='lat' dir='ltr'>peccatum</span> <span class='ocrx_word' id='word_1_34' title='bbox 866 302 1204 348; x_wconf 85' lang='lat' dir='ltr'>&amp;minuit&amp;auget.</span> 
     </span>
     <span class='ocr_line' id='line_1_9' title="bbox 325 350 1207 394; baseline 0 -8"><span class='ocrx_word' id='word_1_35' title='bbox 325 352 389 389; x_wconf 87' lang='lat' dir='ltr'>Per</span> <span class='ocrx_word' id='word_1_36' title='bbox 415 351 521 385; x_wconf 86' lang='lat' dir='ltr'>datam</span> <span class='ocrx_word' id='word_1_37' title='bbox 543 350 652 394; x_wconf 82' lang='lat' dir='ltr'>ignoti</span> <span class='ocrx_word' id='word_1_38' title='bbox 677 350 771 385; x_wconf 83' lang='lat' dir='ltr'>antea</span> <span class='ocrx_word' id='word_1_39' title='bbox 783 353 902 394; x_wconf 84' lang='lat' dir='ltr'>peccati</span> <span class='ocrx_word' id='word_1_40' title='bbox 917 354 1071 386; x_wconf 85' lang='lat' dir='ltr'>notitiam</span> <span class='ocrx_word' id='word_1_41' title='bbox 1086 377 1096 393; x_wconf 91' lang='lat'>‚</span> <span class='ocrx_word' id='word_1_42' title='bbox 1121 352 1207 387; x_wconf 89' lang='lat' dir='ltr'>abla-</span> 
     </span>
     <span class='ocr_line' id='line_1_10' title="bbox 323 400 1205 446; baseline 0.001 -11"><span class='ocrx_word' id='word_1_43' title='bbox 323 411 458 445; x_wconf 78' lang='lat' dir='ltr'>tamque</span> <span class='ocrx_word' id='word_1_44' title='bbox 482 400 702 443; x_wconf 73' lang='lat' dir='ltr'>ignorantiam</span> <span class='ocrx_word' id='word_1_45' title='bbox 722 425 734 442; x_wconf 88' lang='lat'>‚</span> <span class='ocrx_word' id='word_1_46' title='bbox 769 412 811 435; x_wconf 86' lang='lat' dir='ltr'>ex</span> <span class='ocrx_word' id='word_1_47' title='bbox 828 402 966 446; x_wconf 80' lang='lat' dir='ltr'>simplici</span> <span class='ocrx_word' id='word_1_48' title='bbox 990 403 1107 437; x_wconf 72' lang='lat' dir='ltr'>delisto</span> <span class='ocrx_word' id='word_1_49' title='bbox 1128 403 1205 436; x_wconf 89' lang='lat' dir='ltr'>facit</span> 
     </span>
     <span class='ocr_line' id='line_1_11' title="bbox 323 450 1204 497; baseline 0.003 -13"><span class='ocrx_word' id='word_1_50' title='bbox 323 450 615 495; x_wconf 74' lang='lat' dir='ltr'>praevaricationem</span> <span class='ocrx_word' id='word_1_51' title='bbox 629 474 640 490; x_wconf 91' lang='lat'><strong>,</strong></span> <span class='ocrx_word' id='word_1_52' title='bbox 666 451 700 484; x_wconf 67' lang='grc' dir='ltr'>ὅς</span> <span class='ocrx_word' id='word_1_53' title='bbox 719 452 806 496; x_wconf 79' lang='lat' dir='ltr'>quasi</span> <span class='ocrx_word' id='word_1_54' title='bbox 828 451 982 486; x_wconf 75' lang='lat' dir='ltr'>intensive</span> <span class='ocrx_word' id='word_1_55' title='bbox 994 463 1091 497; x_wconf 89' lang='lat' dir='ltr'>auget</span> <span class='ocrx_word' id='word_1_56' title='bbox 1113 464 1123 495; x_wconf 87' lang='lat'>;</span> <span class='ocrx_word' id='word_1_57' title='bbox 1150 464 1204 496; x_wconf 90' lang='lat' dir='ltr'>per</span> 
     </span>
     <span class='ocr_line' id='line_1_12' title="bbox 323 500 1202 546; baseline 0.002 -11"><span class='ocrx_word' id='word_1_58' title='bbox 323 500 480 535; x_wconf 76' lang='lat' dir='ltr'>incussum</span> <span class='ocrx_word' id='word_1_59' title='bbox 495 511 594 543; x_wconf 82' lang='lat' dir='ltr'>poenae</span> <span class='ocrx_word' id='word_1_60' title='bbox 607 510 727 535; x_wconf 87' lang='lat' dir='ltr'>metum</span> <span class='ocrx_word' id='word_1_61' title='bbox 740 502 913 546; x_wconf 77' lang='lat' dir='ltr'>grassantes</span> <span class='ocrx_word' id='word_1_62' title='bbox 924 503 957 536; x_wconf 92' lang='lat' dir='ltr'>in</span> <span class='ocrx_word' id='word_1_63' title='bbox 974 513 1078 537; x_wconf 90' lang='lat' dir='ltr'>vetere</span> <span class='ocrx_word' id='word_1_64' title='bbox 1090 504 1202 537; x_wconf 83' lang='lat' dir='ltr'>animo</span> 
     </span>
     <span class='ocr_line' id='line_1_13' title="bbox 321 549 1200 593; baseline 0.003 -10"><span class='ocrx_word' id='word_1_65' title='bbox 321 549 602 592; x_wconf 84' lang='lat' dir='ltr'>concupiscentias</span> <span class='ocrx_word' id='word_1_66' title='bbox 615 575 624 591; x_wconf 92' lang='lat'><em>‚</em></span> <span class='ocrx_word' id='word_1_67' title='bbox 651 551 727 585; x_wconf 83' lang='lat' dir='ltr'>licet</span> <span class='ocrx_word' id='word_1_68' title='bbox 739 563 807 586; x_wconf 88' lang='lat' dir='ltr'>non</span> <span class='ocrx_word' id='word_1_69' title='bbox 819 554 943 587; x_wconf 83' lang='lat' dir='ltr'>auferat</span> <span class='ocrx_word' id='word_1_70' title='bbox 956 578 966 593; x_wconf 93' lang='lat'>,</span> <span class='ocrx_word' id='word_1_71' title='bbox 994 564 1102 587; x_wconf 87' lang='lat' dir='ltr'>tamen</span> <span class='ocrx_word' id='word_1_72' title='bbox 1114 564 1200 587; x_wconf 90' lang='lat' dir='ltr'>com-</span> 
     </span>
     <span class='ocr_line' id='line_1_14' title="bbox 320 599 1200 646; baseline 0.003 -13"><span class='ocrx_word' id='word_1_73' title='bbox 320 599 419 642; x_wconf 86' lang='lat' dir='ltr'>pescit</span> <span class='ocrx_word' id='word_1_74' title='bbox 441 599 482 634; x_wconf 87' lang='lat' dir='ltr'>ab</span> <span class='ocrx_word' id='word_1_75' title='bbox 501 602 643 634; x_wconf 80' lang='lat' dir='ltr'>externis</span> <span class='ocrx_word' id='word_1_76' title='bbox 665 601 858 646; x_wconf 87' lang='lat' dir='ltr'>op&#39;eribus&amp;</span> <span class='ocrx_word' id='word_1_77' title='bbox 872 603 1005 643; x_wconf 85' lang='lat' dir='ltr'>fraenat‚</span> <span class='ocrx_word' id='word_1_78' title='bbox 1030 614 1071 638; x_wconf 85' lang='lat' dir='ltr'>ex</span> <span class='ocrx_word' id='word_1_79' title='bbox 1093 603 1200 637; x_wconf 83' lang='lat' dir='ltr'>media</span> 
     </span>
     <span class='ocr_line' id='line_1_15' title="bbox 319 649 1199 695; baseline 0.003 -12"><span class='ocrx_word' id='word_1_80' title='bbox 319 661 407 694; x_wconf 81' lang='lat' dir='ltr'>parte</span> <span class='ocrx_word' id='word_1_81' title='bbox 419 650 521 694; x_wconf 86' lang='lat' dir='ltr'>legem</span> <span class='ocrx_word' id='word_1_82' title='bbox 532 649 679 685; x_wconf 86' lang='lat' dir='ltr'>observat</span> <span class='ocrx_word' id='word_1_83' title='bbox 689 676 700 692; x_wconf 94' lang='lat'>‚</span> <span class='ocrx_word' id='word_1_84' title='bbox 727 653 848 695; x_wconf 85' lang='lat' dir='ltr'>peccati</span> <span class='ocrx_word' id='word_1_85' title='bbox 863 663 915 695; x_wconf 90' lang='lat' dir='ltr'>per</span> <span class='ocrx_word' id='word_1_86' title='bbox 928 653 1030 687; x_wconf 89' lang='lat' dir='ltr'>multa</span> <span class='ocrx_word' id='word_1_87' title='bbox 1043 653 1199 686; x_wconf 79' lang='lat' dir='ltr'>extensio-</span> 
     </span>
     <span class='ocr_line' id='line_1_16' title="bbox 302 700 1198 745; baseline 0.004 -13"><span class='ocrx_word' id='word_1_88' title='bbox 302 711 393 738; x_wconf 30' lang='lat' dir='ltr'>*nem</span> <span class='ocrx_word' id='word_1_89' title='bbox 405 711 531 734; x_wconf 90' lang='lat' dir='ltr'>truncat</span> <span class='ocrx_word' id='word_1_90' title='bbox 544 700 776 741; x_wconf 84' lang='lat' dir='ltr'>&amp;contrahit,</span> <span class='ocrx_word' id='word_1_91' title='bbox 801 712 898 745; x_wconf 83' lang='lat' dir='ltr'>atque</span> <span class='ocrx_word' id='word_1_92' title='bbox 912 703 954 735; x_wconf 92' lang='lat' dir='ltr'>ita</span> <span class='ocrx_word' id='word_1_93' title='bbox 970 702 1073 745; x_wconf 73' lang='lat' dir='ltr'>palam</span> <span class='ocrx_word' id='word_1_94' title='bbox 1087 713 1147 736; x_wconf 90' lang='lat' dir='ltr'>nos</span> <span class='ocrx_word' id='word_1_95' title='bbox 1158 705 1198 736; x_wconf 85' lang='lat' dir='ltr'>fa-</span> 
     </span>
     <span class='ocr_line' id='line_1_17' title="bbox 316 750 1198 795; baseline 0.006 -13"><span class='ocrx_word' id='word_1_96' title='bbox 316 750 361 783; x_wconf 89' lang='lat' dir='ltr'>cit</span> <span class='ocrx_word' id='word_1_97' title='bbox 382 750 489 784; x_wconf 76' lang='lat' dir='ltr'>minus</span> <span class='ocrx_word' id='word_1_98' title='bbox 511 762 708 794; x_wconf 86' lang='lat' dir='ltr'>peccatores.</span> <span class='ocrx_word' id='word_1_99' title='bbox 737 751 954 795; x_wconf 80' lang='lat' dir='ltr'>Cognitionis</span> <span class='ocrx_word' id='word_1_100' title='bbox 975 752 1122 785; x_wconf 64' lang='lat' dir='ltr'>effectum</span> <span class='ocrx_word' id='word_1_101' title='bbox 1143 753 1198 787; x_wconf 90' lang='lat' dir='ltr'>do·</span> 
     </span>
     <span class='ocr_line' id='line_1_18' title="bbox 315 800 1197 843; baseline 0.005 -10"><span class='ocrx_word' id='word_1_102' title='bbox 315 800 382 834; x_wconf 77' lang='lat' dir='ltr'>lose</span> <span class='ocrx_word' id='word_1_103' title='bbox 405 802 438 834; x_wconf 90' lang='lat' dir='ltr'>in</span> <span class='ocrx_word' id='word_1_104' title='bbox 453 812 577 835; x_wconf 82' lang='lat' dir='ltr'>metum</span> <span class='ocrx_word' id='word_1_105' title='bbox 590 801 753 836; x_wconf 85' lang='lat' dir='ltr'>Martinus</span> <span class='ocrx_word' id='word_1_106' title='bbox 765 801 927 839; x_wconf 83' lang='lat' dir='ltr'>Lutherus</span> <span class='ocrx_word' id='word_1_107' title='bbox 944 802 1124 843; x_wconf 78' lang='lat' dir='ltr'>transtulit,</span> <span class='ocrx_word' id='word_1_108' title='bbox 1155 813 1197 837; x_wconf 86' lang='lat' dir='ltr'>at·</span> 
     </span>
     <span class='ocr_line' id='line_1_19' title="bbox 313 850 891 895; baseline 0.002 -11"><span class='ocrx_word' id='word_1_109' title='bbox 313 861 376 895; x_wconf 87' lang='lat' dir='ltr'>que</span> <span class='ocrx_word' id='word_1_110' title='bbox 390 852 434 885; x_wconf 92' lang='lat' dir='ltr'>ita</span> <span class='ocrx_word' id='word_1_111' title='bbox 446 850 575 895; x_wconf 73' lang='lat' dir='ltr'>pessime</span> <span class='ocrx_word' id='word_1_112' title='bbox 586 852 701 885; x_wconf 83' lang='lat' dir='ltr'>erravit</span> <span class='ocrx_word' id='word_1_113' title='bbox 712 876 720 884; x_wconf 85' lang='lat'><strong>.</strong></span> <span class='ocrx_word' id='word_1_114' title='bbox 886 860 891 864; x_wconf 86' lang='lat'><em>·</em></span> 
     </span>
    </p>

    <p class='ocr_par' dir='ltr' id='par_1_6' title="bbox 302 900 1209 1646">
     <span class='ocr_line' id='line_1_20' title="bbox 364 900 1197 946; baseline 0.004 -12"><span class='ocrx_word' id='word_1_115' title='bbox 364 901 478 935; x_wconf 86' lang='lat' dir='ltr'>Altera</span> <span class='ocrx_word' id='word_1_116' title='bbox 499 901 631 943; x_wconf 80' lang='lat' dir='ltr'>quaesiio</span> <span class='ocrx_word' id='word_1_117' title='bbox 652 900 696 935; x_wconf 89' lang='lat' dir='ltr'>est</span> <span class='ocrx_word' id='word_1_118' title='bbox 710 925 721 941; x_wconf 92' lang='lat'>‚</span> <span class='ocrx_word' id='word_1_119' title='bbox 744 911 800 935; x_wconf 89' lang='lat' dir='ltr'>cur</span> <span class='ocrx_word' id='word_1_120' title='bbox 824 901 1018 936; x_wconf 69' lang='lat' dir='ltr'>sacrosancta</span> <span class='ocrx_word' id='word_1_121' title='bbox 1044 902 1197 946; x_wconf 84' lang='lat' dir='ltr'>synodus</span> 
     </span>
     <span class='ocr_line' id='line_1_21' title="bbox 313 949 1197 996; baseline 0.002 -13"><span class='ocrx_word' id='word_1_122' title='bbox 313 949 443 984; x_wconf 76' lang='lat' dir='ltr'>Carioni</span> <span class='ocrx_word' id='word_1_123' title='bbox 452 949 682 985; x_wconf 84' lang='lat' dir='ltr'>suo&#39;addiderit</span> <span class='ocrx_word' id='word_1_124' title='bbox 695 949 763 984; x_wconf 87' lang='lat' dir='ltr'>haec</span> <span class='ocrx_word' id='word_1_125' title='bbox 775 951 870 987; x_wconf 88' lang='lat' dir='ltr'>verba</span> <span class='ocrx_word' id='word_1_126' title='bbox 884 976 892 984; x_wconf 92' lang='lat'>.</span> <span class='ocrx_word' id='word_1_127' title='bbox 919 955 978 986; x_wconf 87' lang='lat' dir='ltr'>Per</span> <span class='ocrx_word' id='word_1_128' title='bbox 988 964 1074 996; x_wconf 84' lang='lat' dir='ltr'>quem</span> <span class='ocrx_word' id='word_1_129' title='bbox 1084 954 1128 987; x_wconf 90' lang='lat' dir='ltr'>ad</span> <span class='ocrx_word' id='word_1_130' title='bbox 1138 958 1197 986; x_wconf 78' lang='lat' dir='ltr'>mi-</span> 
     </span>
     <span class='ocr_line' id='line_1_22' title="bbox 306 998 1209 1047; baseline 0.002 -13"><span class='ocrx_word' id='word_1_131' title='bbox 306 998 495 1043; x_wconf 85' lang='lat' dir='ltr'>sericordiam</span> <span class='ocrx_word' id='word_1_132' title='bbox 507 1005 570 1046; x_wconf 67' lang='lat' dir='ltr'>Dei,</span> <span class='ocrx_word' id='word_1_133' title='bbox 576 1002 611 1034; x_wconf 87' lang='lat' dir='ltr'>de</span> <span class='ocrx_word' id='word_1_134' title='bbox 617 1007 747 1042; x_wconf 83' lang='lat' dir='ltr'>peccatis</span> <span class='ocrx_word' id='word_1_135' title='bbox 758 1001 880 1037; x_wconf 78' lang='lat' dir='ltr'>dolendo</span> <span class='ocrx_word' id='word_1_136' title='bbox 889 1002 1072 1047; x_wconf 77' lang='lat' dir='ltr'>confligimus</span> <span class='ocrx_word' id='word_1_137' title='bbox 1086 1004 1099 1036; x_wconf 89' lang='lat'>?</span> <span class='ocrx_word' id='word_1_138' title='bbox 1121 1003 1209 1038; x_wconf 76' lang='lat' dir='ltr'>Res-—</span> 
     </span>
     <span class='ocr_line' id='line_1_23' title="bbox 310 1051 1198 1094; baseline 0.001 -10"><span class='ocrx_word' id='word_1_139' title='bbox 310 1052 444 1094; x_wconf 87' lang='lat' dir='ltr'>pondeo</span> <span class='ocrx_word' id='word_1_140' title='bbox 468 1051 562 1085; x_wconf 88' lang='lat' dir='ltr'>verba</span> <span class='ocrx_word' id='word_1_141' title='bbox 584 1051 641 1085; x_wconf 89' lang='lat' dir='ltr'>ista</span> <span class='ocrx_word' id='word_1_142' title='bbox 663 1052 726 1086; x_wconf 75' lang='lat' dir='ltr'>effe</span> <span class='ocrx_word' id='word_1_143' title='bbox 748 1051 967 1087; x_wconf 78' lang='lat' dir='ltr'>combinanda</span> <span class='ocrx_word' id='word_1_144' title='bbox 980 1064 1055 1088; x_wconf 86' lang='lat' dir='ltr'>cum</span> <span class='ocrx_word' id='word_1_145' title='bbox 1067 1051 1139 1093; x_wconf 91' lang='lat' dir='ltr'>his,</span> <span class='ocrx_word' id='word_1_146' title='bbox 1165 1056 1198 1086; x_wconf 77' lang='lat' dir='ltr'>Si</span> 
     </span>
     <span class='ocr_line' id='line_1_24' title="bbox 308 1101 1195 1146; baseline 0.003 -12"><span class='ocrx_word' id='word_1_147' title='bbox 308 1107 377 1143; x_wconf 78' lang='lat' dir='ltr'>quis</span> <span class='ocrx_word' id='word_1_148' title='bbox 390 1101 653 1145; x_wconf 81' lang='lat' dir='ltr'>dixeritgebcnnae</span> <span class='ocrx_word' id='word_1_149' title='bbox 665 1110 770 1134; x_wconf 84' lang='lat' dir='ltr'>metum</span> <span class='ocrx_word' id='word_1_150' title='bbox 777 1109 931 1142; x_wconf 85' lang='lat' dir='ltr'>peccatum</span> <span class='ocrx_word' id='word_1_151' title='bbox 954 1103 1021 1146; x_wconf 79' lang='lat' dir='ltr'>effe.</span> <span class='ocrx_word' id='word_1_152' title='bbox 1051 1103 1093 1137; x_wconf 91' lang='lat' dir='ltr'>Et</span> <span class='ocrx_word' id='word_1_153' title='bbox 1117 1101 1195 1137; x_wconf 87' lang='lat' dir='ltr'>hinc</span> 
     </span>
     <span class='ocr_line' id='line_1_25' title="bbox 309 1151 1194 1196; baseline 0.002 -12"><span class='ocrx_word' id='word_1_154' title='bbox 309 1151 441 1193; x_wconf 84' lang='lat' dir='ltr'>quidam</span> <span class='ocrx_word' id='word_1_155' title='bbox 457 1151 632 1195; x_wconf 74' lang='lat' dir='ltr'>gra‘viffimi</span> <span class='ocrx_word' id='word_1_156' title='bbox 646 1153 801 1185; x_wconf 69' lang='lat' dir='ltr'>Doctores</span> <span class='ocrx_word' id='word_1_157' title='bbox 813 1152 1000 1187; x_wconf 79' lang='lat' dir='ltr'>existimant</span> <span class='ocrx_word' id='word_1_158' title='bbox 1011 1153 1194 1196; x_wconf 78' lang='lat' dir='ltr'>synodum,</span> 
     </span>
     <span class='ocr_line' id='line_1_26' title="bbox 306 1199 1194 1244; baseline 0.001 -9"><span class='ocrx_word' id='word_1_159' title='bbox 306 1211 375 1235; x_wconf 88' lang='lat' dir='ltr'>non</span> <span class='ocrx_word' id='word_1_160' title='bbox 389 1199 429 1235; x_wconf 89' lang='lat' dir='ltr'>de</span> <span class='ocrx_word' id='word_1_161' title='bbox 442 1200 519 1244; x_wconf 74' lang='lat' dir='ltr'>pure</span> <span class='ocrx_word' id='word_1_162' title='bbox 529 1201 654 1240; x_wconf 85' lang='lat' dir='ltr'>servili,</span> <span class='ocrx_word' id='word_1_163' title='bbox 681 1202 733 1235; x_wconf 89' lang='lat' dir='ltr'>sed</span> <span class='ocrx_word' id='word_1_164' title='bbox 746 1200 879 1235; x_wconf 87' lang='lat' dir='ltr'>definire</span> <span class='ocrx_word' id='word_1_165' title='bbox 901 1202 941 1236; x_wconf 90' lang='lat' dir='ltr'>de</span> <span class='ocrx_word' id='word_1_166' title='bbox 954 1211 1042 1236; x_wconf 87' lang='lat' dir='ltr'>metu</span> <span class='ocrx_word' id='word_1_167' title='bbox 1053 1201 1194 1244; x_wconf 82' lang='lat' dir='ltr'>initiali,</span> 
     </span>
     <span class='ocr_line' id='line_1_27' title="bbox 305 1250 1192 1294; baseline 0.003 -10"><span class='ocrx_word' id='word_1_168' title='bbox 305 1263 405 1293; x_wconf 87' lang='lat' dir='ltr'>quem</span> <span class='ocrx_word' id='word_1_169' title='bbox 427 1251 594 1294; x_wconf 83' lang='lat' dir='ltr'>praesertim</span> <span class='ocrx_word' id='word_1_170' title='bbox 624 1250 793 1285; x_wconf 74' lang='lat' dir='ltr'>infamarat</span> <span class='ocrx_word' id='word_1_171' title='bbox 824 1252 989 1287; x_wconf 86' lang='lat' dir='ltr'>Martinus</span> <span class='ocrx_word' id='word_1_172' title='bbox 1011 1252 1192 1287; x_wconf 80' lang='lat' dir='ltr'>Lutherus.</span> 
     </span>
     <span class='ocr_line' id='line_1_28' title="bbox 304 1300 1193 1345; baseline 0.002 -10"><span class='ocrx_word' id='word_1_173' title='bbox 304 1301 379 1344; x_wconf 85' lang='lat' dir='ltr'>Nec</span> <span class='ocrx_word' id='word_1_174' title='bbox 399 1300 579 1344; x_wconf 88' lang='lat' dir='ltr'>loquuntur</span> <span class='ocrx_word' id='word_1_175' title='bbox 591 1301 656 1335; x_wconf 87' lang='lat' dir='ltr'>fine</span> <span class='ocrx_word' id='word_1_176' title='bbox 670 1301 885 1345; x_wconf 81' lang='lat' dir='ltr'>fundamento</span> <span class='ocrx_word' id='word_1_177' title='bbox 898 1325 906 1333; x_wconf 87' lang='lat'><strong>.</strong></span> <span class='ocrx_word' id='word_1_178' title='bbox 933 1301 1068 1337; x_wconf 88' lang='lat' dir='ltr'>Etenim</span> <span class='ocrx_word' id='word_1_179' title='bbox 1094 1304 1193 1342; x_wconf 82' lang='lat' dir='ltr'>sacro·</span> 
     </span>
     <span class='ocr_line' id='line_1_29' title="bbox 305 1350 1193 1395; baseline 0.001 -10"><span class='ocrx_word' id='word_1_180' title='bbox 305 1353 411 1386; x_wconf 62' lang='lat' dir='ltr'>sanita</span> <span class='ocrx_word' id='word_1_181' title='bbox 433 1351 587 1393; x_wconf 88' lang='lat' dir='ltr'>Synodus</span> <span class='ocrx_word' id='word_1_182' title='bbox 608 1351 758 1385; x_wconf 84' lang='lat' dir='ltr'>definitas</span> <span class='ocrx_word' id='word_1_183' title='bbox 770 1350 856 1395; x_wconf 76' lang='lat' dir='ltr'>prius</span> <span class='ocrx_word' id='word_1_184' title='bbox 871 1352 904 1385; x_wconf 91' lang='lat' dir='ltr'>in</span> <span class='ocrx_word' id='word_1_185' title='bbox 915 1353 974 1386; x_wconf 86' lang='lat' dir='ltr'>suo</span> <span class='ocrx_word' id='word_1_186' title='bbox 987 1352 1062 1386; x_wconf 89' lang='lat' dir='ltr'>fidei</span> <span class='ocrx_word' id='word_1_187' title='bbox 1076 1354 1193 1387; x_wconf 87' lang='lat' dir='ltr'>Decre-</span> 
     </span>
     <span class='ocr_line' id='line_1_30' title="bbox 305 1400 1192 1444; baseline 0.001 -9"><span class='ocrx_word' id='word_1_188' title='bbox 305 1411 340 1439; x_wconf 78' lang='lat' dir='ltr'>to</span> <span class='ocrx_word' id='word_1_189' title='bbox 363 1401 510 1435; x_wconf 81' lang='lat' dir='ltr'>veritates</span> <span class='ocrx_word' id='word_1_190' title='bbox 529 1400 654 1436; x_wconf 71' lang='lat' dir='ltr'>rursum</span> <span class='ocrx_word' id='word_1_191' title='bbox 681 1401 788 1444; x_wconf 85' lang='lat' dir='ltr'>postea</span> <span class='ocrx_word' id='word_1_192' title='bbox 800 1401 908 1435; x_wconf 84' lang='lat' dir='ltr'>suisin</span> <span class='ocrx_word' id='word_1_193' title='bbox 922 1401 1117 1438; x_wconf 88' lang='lat' dir='ltr'>Canonibus</span> <span class='ocrx_word' id='word_1_194' title='bbox 1138 1404 1192 1436; x_wconf 90' lang='lat' dir='ltr'>seu</span> 
     </span>
     <span class='ocr_line' id='line_1_31' title="bbox 304 1450 1191 1495; baseline 0.001 -10"><span class='ocrx_word' id='word_1_195' title='bbox 304 1450 597 1485; x_wconf 87' lang='lat' dir='ltr'>Anathematismis</span> <span class='ocrx_word' id='word_1_196' title='bbox 623 1451 734 1493; x_wconf 85' lang='lat' dir='ltr'>paffirn</span> <span class='ocrx_word' id='word_1_197' title='bbox 754 1451 865 1495; x_wconf 87' lang='lat' dir='ltr'>repetit</span> <span class='ocrx_word' id='word_1_198' title='bbox 882 1453 914 1485; x_wconf 75' lang='grc' dir='ltr'>ὃ(</span> <span class='ocrx_word' id='word_1_199' title='bbox 926 1453 1100 1486; x_wconf 82' lang='lat' dir='ltr'>confirmat</span> <span class='ocrx_word' id='word_1_200' title='bbox 1112 1477 1123 1494; x_wconf 97' lang='lat'>,</span> <span class='ocrx_word' id='word_1_201' title='bbox 1149 1463 1191 1486; x_wconf 89' lang='lat' dir='ltr'>at·</span> 
     </span>
     <span class='ocr_line' id='line_1_32' title="bbox 303 1499 1190 1546; baseline 0.001 -11"><span class='ocrx_word' id='word_1_202' title='bbox 303 1513 368 1546; x_wconf 91' lang='lat' dir='ltr'>que</span> <span class='ocrx_word' id='word_1_203' title='bbox 390 1503 433 1536; x_wconf 90' lang='lat' dir='ltr'>ita</span> <span class='ocrx_word' id='word_1_204' title='bbox 446 1499 696 1535; x_wconf 66' lang='lat' dir='ltr'>adduetaostavi</span> <span class='ocrx_word' id='word_1_205' title='bbox 712 1500 986 1536; x_wconf 81' lang='lat' dir='ltr'>Anathematismi</span> <span class='ocrx_word' id='word_1_206' title='bbox 1010 1502 1102 1536; x_wconf 88' lang='lat' dir='ltr'>verba</span> <span class='ocrx_word' id='word_1_207' title='bbox 1124 1512 1190 1539; x_wconf 84' lang='lat' dir='ltr'>om·</span> 
     </span>
     <span class='ocr_line' id='line_1_33' title="bbox 302 1550 1190 1596; baseline 0 -10"><span class='ocrx_word' id='word_1_208' title='bbox 302 1553 388 1586; x_wconf 79' lang='lat' dir='ltr'>nino</span> <span class='ocrx_word' id='word_1_209' title='bbox 399 1551 650 1595; x_wconf 84' lang='lat' dir='ltr'>correspondent</span> <span class='ocrx_word' id='word_1_210' title='bbox 671 1550 779 1591; x_wconf 86' lang='lat' dir='ltr'>hisce,</span> <span class='ocrx_word' id='word_1_211' title='bbox 805 1552 846 1585; x_wconf 92' lang='lat' dir='ltr'>de</span> <span class='ocrx_word' id='word_1_212' title='bbox 868 1551 988 1585; x_wconf 85' lang='lat' dir='ltr'>initiali</span> <span class='ocrx_word' id='word_1_213' title='bbox 1008 1552 1125 1586; x_wconf 87' lang='lat' dir='ltr'>timore</span> <span class='ocrx_word' id='word_1_214' title='bbox 1141 1563 1190 1596; x_wconf 84' lang='lat' dir='ltr'>pa·</span> 
     </span>
     <span class='ocr_line' id='line_1_34' title="bbox 303 1601 1190 1646; baseline -0.001 -10"><span class='ocrx_word' id='word_1_215' title='bbox 303 1602 369 1637; x_wconf 71' lang='lat' dir='ltr'>lam</span> <span class='ocrx_word' id='word_1_216' title='bbox 392 1602 564 1646; x_wconf 82' lang='lat' dir='ltr'>agentibus</span> <span class='ocrx_word' id='word_1_217' title='bbox 577 1625 587 1641; x_wconf 87' lang='lat'>‚</span> <span class='ocrx_word' id='word_1_218' title='bbox 614 1602 648 1634; x_wconf 79' lang='lat' dir='ltr'>in</span> <span class='ocrx_word' id='word_1_219' title='bbox 662 1603 752 1634; x_wconf 82' lang='lat' dir='ltr'>sexto</span> <span class='ocrx_word' id='word_1_220' title='bbox 763 1601 868 1644; x_wconf 91' lang='lat' dir='ltr'>capite</span> <span class='ocrx_word' id='word_1_221' title='bbox 883 1602 1017 1635; x_wconf 89' lang='lat' dir='ltr'>Decreti</span> <span class='ocrx_word' id='word_1_222' title='bbox 1034 1615 1041 1634; x_wconf 77' lang='grc' dir='ltr'><strong>ε</strong></span> <span class='ocrx_word' id='word_1_223' title='bbox 1067 1608 1091 1634; x_wconf 76' lang='lat' dir='ltr'><strong><em>A</em></strong></span> <span class='ocrx_word' id='word_1_224' title='bbox 1104 1607 1190 1636; x_wconf 72' lang='lat' dir='ltr'>Divi-</span> 
     </span>
    </p>
   </div>
   <div class='ocr_carea' id='block_1_6' title="bbox 299 1630 2316 2094">
    <p class='ocr_par' dir='ltr' id='par_1_7' title="bbox 304 1630 2316 1744">
     <span class='ocr_line' id='line_1_35' title="bbox 304 1630 2316 1698; baseline -0.001 -12"><span class='ocrx_word' id='word_1_225' title='bbox 304 1666 355 1688; x_wconf 85' lang='lat' dir='ltr'>nae</span> <span class='ocrx_word' id='word_1_226' title='bbox 374 1652 514 1698; x_wconf 76' lang='lat' dir='ltr'>Justiti&#39;ae</span> <span class='ocrx_word' id='word_1_227' title='bbox 537 1657 639 1684; x_wconf 83' lang='lat' dir='ltr'>timore</span> <span class='ocrx_word' id='word_1_228' title='bbox 649 1676 659 1691; x_wconf 92' lang='lat'><em>‚</em></span> <span class='ocrx_word' id='word_1_229' title='bbox 685 1663 741 1693; x_wconf 85' lang='lat' dir='ltr'>quo</span> <span class='ocrx_word' id='word_1_230' title='bbox 757 1652 870 1685; x_wconf 66' lang='lat' dir='ltr'>utae&#39;liter</span> <span class='ocrx_word' id='word_1_231' title='bbox 893 1654 1093 1685; x_wconf 80' lang='lat' dir='ltr'>concutiuntur</span> <span class='ocrx_word' id='word_1_232' title='bbox 1113 1677 1124 1694; x_wconf 82' lang='lat'>‚</span> <span class='ocrx_word' id='word_1_233' title='bbox 1150 1653 1195 1685; x_wconf 86' lang='lat' dir='ltr'>ad</span> <span class='ocrx_word' id='word_1_234' title='bbox 1251 1651 1362 1685; x_wconf 83' lang='lat' dir='ltr'>fronte</span> <span class='ocrx_word' id='word_1_235' title='bbox 1374 1651 1632 1685; x_wconf 78' lang='lat' dir='ltr'>resuscitantem.</span> <span class='ocrx_word' id='word_1_236' title='bbox 1661 1652 1868 1696; x_wconf 87' lang='lat' dir='ltr'>Conceptarn</span> <span class='ocrx_word' id='word_1_237' title='bbox 1880 1663 1920 1686; x_wconf 85' lang='lat' dir='ltr'>ex</span> <span class='ocrx_word' id='word_1_238' title='bbox 1933 1651 2036 1685; x_wconf 81' lang='lat' dir='ltr'>servili</span> <span class='ocrx_word' id='word_1_239' title='bbox 2051 1659 2143 1685; x_wconf 72' lang='lat' dir='ltr'>motu</span> <span class='ocrx_word' id='word_1_240' title='bbox 2271 1630 2316 1658; x_wconf 43' lang='lat' dir='ltr'>&#39;m’</span> 
     </span>
     <span class='ocr_line' id='line_1_36' title="bbox 304 1699 2144 1744; baseline -0.002 -6"><span class='ocrx_word' id='word_1_241' title='bbox 304 1703 542 1744; x_wconf 80' lang='lat' dir='ltr'>confiderandam</span> <span class='ocrx_word' id='word_1_242' title='bbox 556 1705 613 1733; x_wconf 82' lang='lat' dir='ltr'>Dei</span> <span class='ocrx_word' id='word_1_243' title='bbox 627 1699 856 1742; x_wconf 83' lang='lat' dir='ltr'>misericordiam</span> <span class='ocrx_word' id='word_1_244' title='bbox 866 1699 899 1743; x_wconf 73' lang='lat' dir='ltr'>je</span> <span class='ocrx_word' id='word_1_245' title='bbox 910 1703 1101 1736; x_wconf 80' lang='lat' dir='ltr'>convertendo</span> <span class='ocrx_word' id='word_1_246' title='bbox 1122 1726 1133 1742; x_wconf 94' lang='lat'>,</span> <span class='ocrx_word' id='word_1_247' title='bbox 1160 1707 1192 1735; x_wconf 77' lang='lat' dir='ltr'>in</span> <span class='ocrx_word' id='word_1_248' title='bbox 1254 1700 1499 1735; x_wconf 88' lang='lat' dir='ltr'>Contritionem</span> <span class='ocrx_word' id='word_1_249' title='bbox 1525 1712 1599 1735; x_wconf 88' lang='lat' dir='ltr'>curn</span> <span class='ocrx_word' id='word_1_250' title='bbox 1622 1701 1692 1744; x_wconf 88' lang='lat' dir='ltr'>ipso</span> <span class='ocrx_word' id='word_1_251' title='bbox 1718 1713 1807 1736; x_wconf 90' lang='lat' dir='ltr'>metu</span> <span class='ocrx_word' id='word_1_252' title='bbox 1830 1713 1867 1736; x_wconf 81' lang='lat' dir='ltr'>ac</span> <span class='ocrx_word' id='word_1_253' title='bbox 1877 1702 1945 1744; x_wconf 86' lang='lat' dir='ltr'>ejus</span> <span class='ocrx_word' id='word_1_254' title='bbox 1968 1700 2144 1735; x_wconf 76' lang='lat' dir='ltr'>servilitato</span> 
     </span>
    </p>

    <p class='ocr_par' dir='ltr' id='par_1_8' title="bbox 299 1748 2144 1800">
     <span class='ocr_line' id='line_1_37' title="bbox 299 1748 2144 1800; baseline -0.002 -14"><span class='ocrx_word' id='word_1_255' title='bbox 299 1754 387 1800; x_wconf 83' lang='lat' dir='ltr'>spem</span> <span class='ocrx_word' id='word_1_256' title='bbox 410 1759 583 1795; x_wconf 79' lang='lat' dir='ltr'>eriguntur,</span> <span class='ocrx_word' id='word_1_257' title='bbox 605 1749 731 1789; x_wconf 83' lang='lat' dir='ltr'>fidentes</span> <span class='ocrx_word' id='word_1_258' title='bbox 749 1749 804 1791; x_wconf 80' lang='lat' dir='ltr'>fibi</span> <span class='ocrx_word' id='word_1_259' title='bbox 817 1754 935 1790; x_wconf 86' lang='lat' dir='ltr'>Deum,</span> <span class='ocrx_word' id='word_1_260' title='bbox 959 1760 1080 1794; x_wconf 80' lang='lat' dir='ltr'>propter</span> <span class='ocrx_word' id='word_1_261' title='bbox 1104 1751 1191 1785; x_wconf 78' lang='lat' dir='ltr'>Chri·</span> <span class='ocrx_word' id='word_1_262' title='bbox 1253 1751 1429 1785; x_wconf 78' lang='lat' dir='ltr'>confundit</span> <span class='ocrx_word' id='word_1_263' title='bbox 1444 1749 1546 1785; x_wconf 87' lang='lat' dir='ltr'>homo</span> <span class='ocrx_word' id='word_1_264' title='bbox 1557 1762 1663 1785; x_wconf 87' lang='lat' dir='ltr'>coecus</span> <span class='ocrx_word' id='word_1_265' title='bbox 1677 1753 1711 1785; x_wconf 68' lang='grc' dir='ltr'>ὅ(</span> <span class='ocrx_word' id='word_1_266' title='bbox 1723 1751 1875 1791; x_wconf 89' lang='lat' dir='ltr'>dolosus,</span> <span class='ocrx_word' id='word_1_267' title='bbox 1889 1752 2029 1793; x_wconf 90' lang='lat' dir='ltr'>ideoque</span> <span class='ocrx_word' id='word_1_268' title='bbox 2041 1748 2144 1783; x_wconf 71' lang='lat' dir='ltr'>&amp;hu-</span> 
     </span>
    </p>

    <p class='ocr_par' dir='ltr' id='par_1_9' title="bbox 299 1799 2316 2094">
     <span class='ocr_line' id='line_1_38' title="bbox 299 1799 2311 1846; baseline -0.001 -12"><span class='ocrx_word' id='word_1_269' title='bbox 299 1801 378 1846; x_wconf 81' lang='lat' dir='ltr'>flum</span> <span class='ocrx_word' id='word_1_270' title='bbox 391 1828 400 1843; x_wconf 90' lang='lat'>‚</span> <span class='ocrx_word' id='word_1_271' title='bbox 421 1806 582 1844; x_wconf 84' lang='lat' dir='ltr'>propitium</span> <span class='ocrx_word' id='word_1_272' title='bbox 589 1799 656 1841; x_wconf 84' lang='lat' dir='ltr'>fore</span> <span class='ocrx_word' id='word_1_273' title='bbox 671 1824 682 1839; x_wconf 94' lang='lat'>,</span> <span class='ocrx_word' id='word_1_274' title='bbox 709 1800 849 1842; x_wconf 78' lang='lat' dir='ltr'>illumque</span> <span class='ocrx_word' id='word_1_275' title='bbox 863 1808 1018 1842; x_wconf 81' lang='lat' dir='ltr'><em>tamquam</em></span> <span class='ocrx_word' id='word_1_276' title='bbox 1028 1806 1123 1837; x_wconf 76' lang='lat' dir='ltr'>omnis</span> <span class='ocrx_word' id='word_1_277' title='bbox 1141 1804 1193 1842; x_wconf 84' lang='lat' dir='ltr'>ju·</span> <span class='ocrx_word' id='word_1_278' title='bbox 1252 1799 1299 1842; x_wconf 82' lang='lat' dir='ltr'>jus</span> <span class='ocrx_word' id='word_1_279' title='bbox 1312 1799 1443 1834; x_wconf 84' lang='lat' dir='ltr'>&amp;istius</span> <span class='ocrx_word' id='word_1_280' title='bbox 1453 1825 1462 1840; x_wconf 96' lang='lat'>,</span> <span class='ocrx_word' id='word_1_281' title='bbox 1490 1812 1631 1844; x_wconf 86' lang='lat' dir='ltr'>quorum</span> <span class='ocrx_word' id='word_1_282' title='bbox 1642 1811 1776 1835; x_wconf 80' lang='lat' dir='ltr'>externa</span> <span class='ocrx_word' id='word_1_283' title='bbox 1789 1801 1875 1835; x_wconf 84' lang='lat' dir='ltr'>bona</span> <span class='ocrx_word' id='word_1_284' title='bbox 1886 1812 1983 1844; x_wconf 87' lang='lat' dir='ltr'>opera</span> <span class='ocrx_word' id='word_1_285' title='bbox 1996 1800 2028 1833; x_wconf 78' lang='grc' dir='ltr'>δε</span> <span class='ocrx_word' id='word_1_286' title='bbox 2042 1799 2060 1832; x_wconf 76' lang='lat' dir='ltr'>a</span> <span class='ocrx_word' id='word_1_287' title='bbox 2072 1809 2145 1842; x_wconf 88' lang='lat' dir='ltr'>pec·</span> <span class='ocrx_word' id='word_1_288' title='bbox 2288 1799 2311 1832; x_wconf 52' lang='lat'>³5</span> 
     </span>
     <span class='ocr_line' id='line_1_39' title="bbox 299 1848 2313 1896; baseline -0.003 -10"><span class='ocrx_word' id='word_1_289' title='bbox 299 1853 513 1896; x_wconf 79' lang='lat' dir='ltr'>stitiaefonrem</span> <span class='ocrx_word' id='word_1_290' title='bbox 524 1852 644 1894; x_wconf 65' lang='lat' dir='ltr'>diligere</span> <span class='ocrx_word' id='word_1_291' title='bbox 653 1855 799 1892; x_wconf 76' lang='lat' dir='ltr'>incipiunt</span> <span class='ocrx_word' id='word_1_292' title='bbox 813 1874 824 1889; x_wconf 89' lang='lat'>‚</span> <span class='ocrx_word' id='word_1_293' title='bbox 852 1861 886 1883; x_wconf 86' lang='lat' dir='ltr'>ac</span> <span class='ocrx_word' id='word_1_294' title='bbox 890 1858 1052 1892; x_wconf 81' lang='lat' dir='ltr'>propterea</span> <span class='ocrx_word' id='word_1_295' title='bbox 1073 1861 1192 1885; x_wconf 84' lang='lat' dir='ltr'>moven-</span> <span class='ocrx_word' id='word_1_296' title='bbox 1254 1850 1335 1884; x_wconf 87' lang='lat' dir='ltr'>catis</span> <span class='ocrx_word' id='word_1_297' title='bbox 1359 1850 1501 1884; x_wconf 86' lang='lat' dir='ltr'>externis</span> <span class='ocrx_word' id='word_1_298' title='bbox 1512 1849 1705 1885; x_wconf 87' lang='lat' dir='ltr'>abstinentia</span> <span class='ocrx_word' id='word_1_299' title='bbox 1726 1851 1801 1884; x_wconf 88' lang='lat' dir='ltr'>sunt</span> <span class='ocrx_word' id='word_1_300' title='bbox 1812 1850 1967 1885; x_wconf 87' lang='lat' dir='ltr'>veraciter</span> <span class='ocrx_word' id='word_1_301' title='bbox 1976 1848 2145 1892; x_wconf 84' lang='lat' dir='ltr'>compulsa</span> <span class='ocrx_word' id='word_1_302' title='bbox 2297 1864 2313 1880; x_wconf 60' lang='lat' dir='ltr'>s·</span> 
     </span>
     <span class='ocr_line' id='line_1_40' title="bbox 303 1898 2316 1943; baseline -0.002 -5"><span class='ocrx_word' id='word_1_303' title='bbox 303 1914 354 1938; x_wconf 84' lang='lat' dir='ltr'>tur</span> <span class='ocrx_word' id='word_1_304' title='bbox 367 1902 517 1936; x_wconf 71' lang='lat' dir='ltr'>adversus</span> <span class='ocrx_word' id='word_1_305' title='bbox 533 1899 715 1943; x_wconf 83' lang='lat' dir='ltr'>peccatasua</span> <span class='ocrx_word' id='word_1_306' title='bbox 724 1908 778 1942; x_wconf 84' lang='lat' dir='ltr'>per</span> <span class='ocrx_word' id='word_1_307' title='bbox 790 1901 887 1933; x_wconf 85' lang='lat' dir='ltr'>odium</span> <span class='ocrx_word' id='word_1_308' title='bbox 906 1900 1062 1943; x_wconf 72' lang='lat' dir='ltr'>aliquid&amp;</span> <span class='ocrx_word' id='word_1_309' title='bbox 1074 1901 1192 1940; x_wconf 78' lang='lat' dir='ltr'>detesia-</span> <span class='ocrx_word' id='word_1_310' title='bbox 1255 1900 1288 1934; x_wconf 77' lang='grc' dir='ltr'>δε</span> <span class='ocrx_word' id='word_1_311' title='bbox 1315 1898 1491 1933; x_wconf 70' lang='lat' dir='ltr'>secundnm</span> <span class='ocrx_word' id='word_1_312' title='bbox 1516 1900 1595 1943; x_wconf 86' lang='lat' dir='ltr'>quid</span> <span class='ocrx_word' id='word_1_313' title='bbox 1610 1900 1830 1935; x_wconf 85' lang='lat' dir='ltr'>involuntaria</span> <span class='ocrx_word' id='word_1_314' title='bbox 1845 1924 1857 1941; x_wconf 89' lang='lat'>,</span> <span class='ocrx_word' id='word_1_315' title='bbox 1883 1898 2147 1942; x_wconf 63' lang='lat' dir='ltr'>imperfefflonea</span> <span class='ocrx_word' id='word_1_316' title='bbox 2198 1913 2200 1916; x_wconf 96' lang='lat'>·</span> <span class='ocrx_word' id='word_1_317' title='bbox 2296 1899 2316 1925; x_wconf 77' lang='lat'>·²</span> 
     </span>
     <span class='ocr_line' id='line_1_41' title="bbox 305 1946 2307 1994; baseline -0.004 -5"><span class='ocrx_word' id='word_1_318' title='bbox 305 1961 413 1989; x_wconf 77' lang='lat' dir='ltr'>tionem</span> <span class='ocrx_word' id='word_1_319' title='bbox 426 1979 435 1993; x_wconf 88' lang='lat'>‚</span> <span class='ocrx_word' id='word_1_320' title='bbox 463 1952 512 1984; x_wconf 83' lang='lat' dir='ltr'>hoc</span> <span class='ocrx_word' id='word_1_321' title='bbox 525 1952 582 1992; x_wconf 38' lang='lat' dir='ltr'>estv,</span> <span class='ocrx_word' id='word_1_322' title='bbox 606 1960 662 1992; x_wconf 84' lang='lat' dir='ltr'>per</span> <span class='ocrx_word' id='word_1_323' title='bbox 674 1962 739 1983; x_wconf 80' lang='lat' dir='ltr'>eam</span> <span class='ocrx_word' id='word_1_324' title='bbox 754 1953 966 1984; x_wconf 62' lang='lat' dir='ltr'>Paenitentiam</span> <span class='ocrx_word' id='word_1_325' title='bbox 980 1975 990 1990; x_wconf 93' lang='lat'>,</span> <span class='ocrx_word' id='word_1_326' title='bbox 1017 1963 1108 1994; x_wconf 90' lang='lat' dir='ltr'>quam</span> <span class='ocrx_word' id='word_1_327' title='bbox 1121 1960 1193 1984; x_wconf 83' lang='lat' dir='ltr'>ante</span> <span class='ocrx_word' id='word_1_328' title='bbox 1254 1951 1287 1984; x_wconf 68' lang='lat' dir='ltr'>&amp;r</span> <span class='ocrx_word' id='word_1_329' title='bbox 1301 1950 1379 1983; x_wconf 85' lang='lat' dir='ltr'>vitia</span> <span class='ocrx_word' id='word_1_330' title='bbox 1390 1950 1422 1982; x_wconf 89' lang='lat' dir='ltr'>in</span> <span class='ocrx_word' id='word_1_331' title='bbox 1437 1949 1527 1983; x_wconf 84' lang='lat' dir='ltr'>illam</span> <span class='ocrx_word' id='word_1_332' title='bbox 1539 1951 1685 1993; x_wconf 89' lang='lat' dir='ltr'>nequiter</span> <span class='ocrx_word' id='word_1_333' title='bbox 1696 1951 1728 1984; x_wconf 76' lang='grc' dir='ltr'>δε</span> <span class='ocrx_word' id='word_1_334' title='bbox 1741 1949 1915 1985; x_wconf 74' lang='lat' dir='ltr'>Donatiste</span> <span class='ocrx_word' id='word_1_335' title='bbox 1936 1946 2124 1983; x_wconf 71' lang='lat' dir='ltr'>transcribit</span> <span class='ocrx_word' id='word_1_336' title='bbox 2133 1969 2145 1980; x_wconf 84' lang='grc'><strong>.</strong></span> <span class='ocrx_word' id='word_1_337' title='bbox 2288 1971 2307 1980; x_wconf 50' lang='lat' dir='ltr'>a</span> 
     </span>
     <span class='ocr_line' id='line_1_42' title="bbox 305 1998 2315 2047; baseline -0.002 -9"><span class='ocrx_word' id='word_1_338' title='bbox 305 2003 502 2047; x_wconf 81' lang='lat' dir='ltr'>Baptismum</span> <span class='ocrx_word' id='word_1_339' title='bbox 526 2006 572 2045; x_wconf 82' lang='lat' dir='ltr'>agi</span> <span class='ocrx_word' id='word_1_340' title='bbox 596 2008 704 2042; x_wconf 85' lang='lat' dir='ltr'>oportet</span> <span class='ocrx_word' id='word_1_341' title='bbox 714 2025 721 2032; x_wconf 93' lang='lat'><strong><em>.</em></strong></span> <span class='ocrx_word' id='word_1_342' title='bbox 746 2000 867 2034; x_wconf 87' lang='lat' dir='ltr'>Purum</span> <span class='ocrx_word' id='word_1_343' title='bbox 889 2012 928 2036; x_wconf 84' lang='lat' dir='ltr'>ao</span> <span class='ocrx_word' id='word_1_344' title='bbox 951 2000 1082 2044; x_wconf 75' lang='lat' dir='ltr'>pienum</span> <span class='ocrx_word' id='word_1_345' title='bbox 1105 2024 1115 2040; x_wconf 90' lang='lat'>,</span> <span class='ocrx_word' id='word_1_346' title='bbox 1139 2002 1191 2035; x_wconf 89' lang='lat' dir='ltr'>cui</span> <span class='ocrx_word' id='word_1_347' title='bbox 1256 2000 1435 2033; x_wconf 82' lang='lat' dir='ltr'>Resuscitat</span> <span class='ocrx_word' id='word_1_348' title='bbox 1459 1999 1476 2032; x_wconf 82' lang='lat' dir='ltr'>a</span> <span class='ocrx_word' id='word_1_349' title='bbox 1499 2000 1608 2034; x_wconf 64' lang='lat' dir='ltr'>saneto</span> <span class='ocrx_word' id='word_1_350' title='bbox 1620 1999 1808 2044; x_wconf 84' lang='lat' dir='ltr'>Augustino</span> <span class='ocrx_word' id='word_1_351' title='bbox 1832 2008 2051 2034; x_wconf 85' lang='lat' dir='ltr'>memoratum</span> <span class='ocrx_word' id='word_1_352' title='bbox 2061 2007 2146 2033; x_wconf 68' lang='lat' dir='ltr'>estne</span> <span class='ocrx_word' id='word_1_353' title='bbox 2284 1998 2315 2034; x_wconf 64' lang='grc' dir='ltr'>Τ]</span> 
     </span>
     <span class='ocr_line' id='line_1_43' title="bbox 303 2046 2315 2094; baseline -0.003 -6"><span class='ocrx_word' id='word_1_354' title='bbox 303 2055 412 2090; x_wconf 81' lang='lat' dir='ltr'>adbuc</span> <span class='ocrx_word' id='word_1_355' title='bbox 425 2054 548 2088; x_wconf 82' lang='lat' dir='ltr'>adnexa</span> <span class='ocrx_word' id='word_1_356' title='bbox 561 2050 715 2085; x_wconf 84' lang='lat' dir='ltr'>servilitas</span> <span class='ocrx_word' id='word_1_357' title='bbox 726 2074 737 2091; x_wconf 88' lang='lat'>,</span> <span class='ocrx_word' id='word_1_358' title='bbox 764 2050 909 2084; x_wconf 84' lang='lat' dir='ltr'>servilem</span> <span class='ocrx_word' id='word_1_359' title='bbox 932 2060 1054 2085; x_wconf 88' lang='lat' dir='ltr'>metum</span> <span class='ocrx_word' id='word_1_360' title='bbox 1070 2051 1192 2094; x_wconf 83' lang='lat' dir='ltr'>peccati</span> <span class='ocrx_word' id='word_1_361' title='bbox 1256 2060 1322 2084; x_wconf 91' lang='lat' dir='ltr'>rem</span> <span class='ocrx_word' id='word_1_362' title='bbox 1334 2048 1503 2089; x_wconf 80' lang='lat' dir='ltr'>Petiliani,</span> <span class='ocrx_word' id='word_1_363' title='bbox 1529 2049 1808 2084; x_wconf 83' lang='lat' dir='ltr'>Constantinenfis</span> <span class='ocrx_word' id='word_1_364' title='bbox 1818 2051 1872 2084; x_wconf 84' lang='lat' dir='ltr'>seu</span> <span class='ocrx_word' id='word_1_365' title='bbox 1884 2046 2060 2083; x_wconf 82' lang='lat' dir='ltr'>Cirthenfis</span> <span class='ocrx_word' id='word_1_366' title='bbox 2070 2047 2148 2090; x_wconf 87' lang='lat' dir='ltr'>Epi·</span> <span class='ocrx_word' id='word_1_367' title='bbox 2281 2059 2315 2082; x_wconf 30' lang='lat' dir='ltr'>fr)</span> 
     </span>
    </p>
   </div>
   <div class='ocr_carea' id='block_1_7' title="bbox 305 2100 1195 2443">
    <p class='ocr_par' dir='ltr' id='par_1_10' title="bbox 305 2100 1195 2443">
     <span class='ocr_line' id='line_1_44' title="bbox 305 2100 1193 2150; baseline -0.007 -10"><span class='ocrx_word' id='word_1_368' title='bbox 305 2105 439 2150; x_wconf 88' lang='lat' dir='ltr'>quidem</span> <span class='ocrx_word' id='word_1_369' title='bbox 462 2101 650 2142; x_wconf 84' lang='lat' dir='ltr'>accusavit,</span> <span class='ocrx_word' id='word_1_370' title='bbox 676 2101 717 2134; x_wconf 89' lang='lat' dir='ltr'>de</span> <span class='ocrx_word' id='word_1_371' title='bbox 740 2101 811 2144; x_wconf 89' lang='lat' dir='ltr'>ipso</span> <span class='ocrx_word' id='word_1_372' title='bbox 838 2111 947 2135; x_wconf 87' lang='lat' dir='ltr'>tamen</span> <span class='ocrx_word' id='word_1_373' title='bbox 972 2102 1028 2134; x_wconf 86' lang='lat' dir='ltr'>vix</span> <span class='ocrx_word' id='word_1_374' title='bbox 1050 2100 1193 2144; x_wconf 76' lang='lat' dir='ltr'>expresse</span> 
     </span>
     <span class='ocr_line' id='line_1_45' title="bbox 306 2150 1192 2198; baseline -0.006 -9"><span class='ocrx_word' id='word_1_375' title='bbox 306 2154 482 2198; x_wconf 79' lang='lat' dir='ltr'>disputavit</span> <span class='ocrx_word' id='word_1_376' title='bbox 495 2152 660 2186; x_wconf 80' lang='lat' dir='ltr'>Martinus</span> <span class='ocrx_word' id='word_1_377' title='bbox 672 2150 856 2192; x_wconf 60' lang='lat' dir='ltr'>Lametus,</span> <span class='ocrx_word' id='word_1_378' title='bbox 883 2151 1023 2192; x_wconf 80' lang='lat' dir='ltr'>ideoque</span> <span class='ocrx_word' id='word_1_379' title='bbox 1041 2152 1192 2185; x_wconf 69' lang='lat' dir='ltr'>&amp;sancta</span> 
     </span>
     <span class='ocr_line' id='line_1_46' title="bbox 306 2199 1192 2248; baseline -0.007 -8"><span class='ocrx_word' id='word_1_380' title='bbox 306 2205 459 2248; x_wconf 78' lang='lat' dir='ltr'>synodus</span> <span class='ocrx_word' id='word_1_381' title='bbox 478 2203 605 2237; x_wconf 82' lang='lat' dir='ltr'>videtur</span> <span class='ocrx_word' id='word_1_382' title='bbox 618 2202 659 2234; x_wconf 91' lang='lat' dir='ltr'>de</span> <span class='ocrx_word' id='word_1_383' title='bbox 670 2202 739 2244; x_wconf 86' lang='lat' dir='ltr'>ipso</span> <span class='ocrx_word' id='word_1_384' title='bbox 754 2199 835 2233; x_wconf 87' lang='lat' dir='ltr'>nihil</span> <span class='ocrx_word' id='word_1_385' title='bbox 846 2200 993 2234; x_wconf 77' lang='lat' dir='ltr'>definiffe</span> <span class='ocrx_word' id='word_1_386' title='bbox 1008 2224 1016 2232; x_wconf 79' lang='grc'><em>.</em></span> <span class='ocrx_word' id='word_1_387' title='bbox 1044 2200 1192 2234; x_wconf 85' lang='lat' dir='ltr'>Fundata</span> 
     </span>
     <span class='ocr_line' id='line_1_47' title="bbox 307 2248 1194 2298; baseline -0.009 -8"><span class='ocrx_word' id='word_1_388' title='bbox 307 2256 342 2290; x_wconf 77' lang='grc' dir='ltr'>δε</span> <span class='ocrx_word' id='word_1_389' title='bbox 365 2253 539 2298; x_wconf 80' lang='lat' dir='ltr'>probabilis</span> <span class='ocrx_word' id='word_1_390' title='bbox 563 2250 608 2284; x_wconf 89' lang='lat' dir='ltr'>est</span> <span class='ocrx_word' id='word_1_391' title='bbox 622 2249 815 2296; x_wconf 63' lang='lat' dir='ltr'>haecppinio</span> <span class='ocrx_word' id='word_1_392' title='bbox 827 2273 834 2281; x_wconf 91' lang='lat'><strong>.</strong></span> <span class='ocrx_word' id='word_1_393' title='bbox 861 2249 965 2296; x_wconf 86' lang='lat' dir='ltr'>Qod</span> <span class='ocrx_word' id='word_1_394' title='bbox 979 2260 1086 2283; x_wconf 82' lang='lat' dir='ltr'>tamen</span> <span class='ocrx_word' id='word_1_395' title='bbox 1100 2248 1194 2283; x_wconf 82' lang='lat' dir='ltr'>addu-</span> 
     </span>
     <span class='ocr_line' id='line_1_48' title="bbox 307 2298 1194 2342; baseline -0.009 -2"><span class='ocrx_word' id='word_1_396' title='bbox 307 2307 376 2340; x_wconf 68' lang='lat' dir='ltr'>stus</span> <span class='ocrx_word' id='word_1_397' title='bbox 404 2301 701 2337; x_wconf 85' lang='lat' dir='ltr'>Anathematismus</span> <span class='ocrx_word' id='word_1_398' title='bbox 720 2300 818 2334; x_wconf 86' lang='lat' dir='ltr'>etiam</span> <span class='ocrx_word' id='word_1_399' title='bbox 841 2299 882 2333; x_wconf 85' lang='lat' dir='ltr'>de</span> <span class='ocrx_word' id='word_1_400' title='bbox 904 2298 998 2342; x_wconf 74' lang='lat' dir='ltr'>plene</span> <span class='ocrx_word' id='word_1_401' title='bbox 1009 2299 1135 2339; x_wconf 86' lang='lat' dir='ltr'>servili,</span> <span class='ocrx_word' id='word_1_402' title='bbox 1162 2299 1194 2333; x_wconf 73' lang='grc' dir='ltr'><strong>ἃ</strong></span> 
     </span>
     <span class='ocr_line' id='line_1_49' title="bbox 309 2348 1195 2396; baseline -0.009 -7"><span class='ocrx_word' id='word_1_403' title='bbox 309 2355 451 2389; x_wconf 83' lang='lat' dir='ltr'>necdum</span> <span class='ocrx_word' id='word_1_404' title='bbox 473 2362 610 2396; x_wconf 83' lang='lat' dir='ltr'>purgato</span> <span class='ocrx_word' id='word_1_405' title='bbox 633 2360 723 2384; x_wconf 88' lang='lat' dir='ltr'>metu</span> <span class='ocrx_word' id='word_1_406' title='bbox 744 2350 838 2392; x_wconf 83' lang='lat' dir='ltr'>poffit</span> <span class='ocrx_word' id='word_1_407' title='bbox 861 2349 1025 2393; x_wconf 82' lang='lat' dir='ltr'>intelligi,</span> <span class='ocrx_word' id='word_1_408' title='bbox 1051 2350 1084 2384; x_wconf 72' lang='grc' dir='ltr'>ὅ(</span> <span class='ocrx_word' id='word_1_409' title='bbox 1107 2348 1195 2393; x_wconf 67' lang='lat' dir='ltr'>supra</span> 
     </span>
     <span class='ocr_line' id='line_1_50' title="bbox 309 2398 1155 2443; baseline -0.014 -4"><span class='ocrx_word' id='word_1_410' title='bbox 309 2405 381 2440; x_wconf 77' lang='lat' dir='ltr'>dixi</span> <span class='ocrx_word' id='word_1_411' title='bbox 397 2429 405 2443; x_wconf 90' lang='lat'>‚</span> <span class='ocrx_word' id='word_1_412' title='bbox 431 2404 464 2437; x_wconf 68' lang='grc' dir='ltr'>ὃς</span> <span class='ocrx_word' id='word_1_413' title='bbox 477 2402 599 2436; x_wconf 76' lang='lat' dir='ltr'>rursum</span> <span class='ocrx_word' id='word_1_414' title='bbox 612 2399 666 2433; x_wconf 79' lang='lat' dir='ltr'>hic</span> <span class='ocrx_word' id='word_1_415' title='bbox 676 2399 812 2434; x_wconf 78' lang='lat' dir='ltr'>adfirmo</span> <span class='ocrx_word' id='word_1_416' title='bbox 825 2424 832 2431; x_wconf 97' lang='lat'>.</span> <span class='ocrx_word' id='word_1_417' title='bbox 949 2404 951 2407; x_wconf 87' lang='grc'><strong>’</strong></span> <span class='ocrx_word' id='word_1_418' title='bbox 1152 2398 1155 2399; x_wconf 72' lang='grc'>’</span> 
     </span>
    </p>
   </div>
   <div class='ocr_carea' id='block_1_8' title="bbox 1251 301 2144 1646">
    <p class='ocr_par' dir='ltr' id='par_1_11' title="bbox 1253 301 2144 1297">
     <span class='ocr_line' id='line_1_51' title="bbox 1261 301 2140 350; baseline 0.005 -15"><span class='ocrx_word' id='word_1_419' title='bbox 1261 308 1358 344; x_wconf 72' lang='lat' dir='ltr'>ruptiJ</span> <span class='ocrx_word' id='word_1_420' title='bbox 1374 328 1381 335; x_wconf 94' lang='lat'><strong>.</strong></span> <span class='ocrx_word' id='word_1_421' title='bbox 1408 303 1647 346; x_wconf 71' lang='lat' dir='ltr'>Concupifitentia</span> <span class='ocrx_word' id='word_1_422' title='bbox 1656 312 1718 337; x_wconf 89' lang='lat' dir='ltr'>tum</span> <span class='ocrx_word' id='word_1_423' title='bbox 1729 301 1828 337; x_wconf 79' lang='lat' dir='ltr'>minor</span> <span class='ocrx_word' id='word_1_424' title='bbox 1833 312 1899 339; x_wconf 83' lang='lat' dir='ltr'>erat</span> <span class='ocrx_word' id='word_1_425' title='bbox 1909 331 1920 347; x_wconf 94' lang='lat'>,</span> <span class='ocrx_word' id='word_1_426' title='bbox 1945 308 2044 350; x_wconf 85' lang='lat' dir='ltr'>quado</span> <span class='ocrx_word' id='word_1_427' title='bbox 2053 315 2140 341; x_wconf 84' lang='lat' dir='ltr'>tuam</span> 
     </span>
     <span class='ocr_line' id='line_1_52' title="bbox 1260 353 2138 400; baseline 0.007 -16"><span class='ocrx_word' id='word_1_428' title='bbox 1260 353 1395 386; x_wconf 86' lang='lat' dir='ltr'>movebat</span> <span class='ocrx_word' id='word_1_429' title='bbox 1406 353 1577 396; x_wconf 68' lang='lat' dir='ltr'>libidinem3</span> <span class='ocrx_word' id='word_1_430' title='bbox 1608 360 1700 387; x_wconf 88' lang='lat' dir='ltr'>omnis</span> <span class='ocrx_word' id='word_1_431' title='bbox 1712 353 1764 395; x_wconf 84' lang='lat' dir='ltr'>est,</span> <span class='ocrx_word' id='word_1_432' title='bbox 1780 356 1900 396; x_wconf 80' lang='lat' dir='ltr'>quando</span> <span class='ocrx_word' id='word_1_433' title='bbox 1911 356 2092 400; x_wconf 67' lang='lat' dir='ltr'>transcendit</span> <span class='ocrx_word' id='word_1_434' title='bbox 2104 357 2138 390; x_wconf 63' lang='grc' dir='ltr'><em>Θ</em></span> 
     </span>
     <span class='ocr_line' id='line_1_53' title="bbox 1259 402 2139 450; baseline 0.005 -15"><span class='ocrx_word' id='word_1_435' title='bbox 1259 402 1350 447; x_wconf 83' lang='lat' dir='ltr'>legem</span> <span class='ocrx_word' id='word_1_436' title='bbox 1358 428 1365 435; x_wconf 88' lang='lat'><strong>.</strong></span> <span class='ocrx_word' id='word_1_437' title='bbox 1394 407 1445 436; x_wconf 91' lang='lat' dir='ltr'>Vis</span> <span class='ocrx_word' id='word_1_438' title='bbox 1462 402 1543 446; x_wconf 85' lang='lat' dir='ltr'>nosce</span> <span class='ocrx_word' id='word_1_439' title='bbox 1555 414 1645 445; x_wconf 85' lang='lat' dir='ltr'>quam</span> <span class='ocrx_word' id='word_1_440' title='bbox 1657 416 1767 448; x_wconf 85' lang='lat' dir='ltr'>magna</span> <span class='ocrx_word' id='word_1_441' title='bbox 1770 404 1808 445; x_wconf 84' lang='lat' dir='ltr'>fit</span> <span class='ocrx_word' id='word_1_442' title='bbox 1819 405 1836 437; x_wconf 67' lang='grc' dir='ltr'><strong><em>ἕ</em></strong></span> <span class='ocrx_word' id='word_1_443' title='bbox 1847 406 1921 438; x_wconf 84' lang='lat' dir='ltr'>Vide</span> <span class='ocrx_word' id='word_1_444' title='bbox 1932 408 2005 447; x_wconf 80' lang='lat' dir='ltr'>quid</span> <span class='ocrx_word' id='word_1_445' title='bbox 2011 411 2139 450; x_wconf 74' lang='lat' dir='ltr'>ruperis.-</span> 
     </span>
     <span class='ocr_line' id='line_1_54' title="bbox 1259 449 2138 496; baseline 0.003 -10"><span class='ocrx_word' id='word_1_446' title='bbox 1259 449 1366 487; x_wconf 87' lang='lat' dir='ltr'>NON</span> <span class='ocrx_word' id='word_1_447' title='bbox 1375 452 1712 489; x_wconf 73' lang='lat' dir='ltr'>CONCupisCEs,</span> <span class='ocrx_word' id='word_1_448' title='bbox 1743 459 1814 488; x_wconf 83' lang='lat' dir='ltr'>Non</span> <span class='ocrx_word' id='word_1_449' title='bbox 1824 453 1907 488; x_wconf 83' lang='lat' dir='ltr'>homo</span> <span class='ocrx_word' id='word_1_450' title='bbox 1928 456 2033 496; x_wconf 82' lang='lat' dir='ltr'>dixit,</span> <span class='ocrx_word' id='word_1_451' title='bbox 2059 458 2138 489; x_wconf 86' lang='lat' dir='ltr'>Deus</span> 
     </span>
     <span class='ocr_line' id='line_1_55' title="bbox 1257 502 2140 548; baseline 0.008 -15"><span class='ocrx_word' id='word_1_452' title='bbox 1257 502 1337 534; x_wconf 78' lang='lat' dir='ltr'>dixit</span> <span class='ocrx_word' id='word_1_453' title='bbox 1349 528 1356 536; x_wconf 93' lang='lat'>.</span> <span class='ocrx_word' id='word_1_454' title='bbox 1383 503 1513 537; x_wconf 87' lang='lat' dir='ltr'>Servilis</span> <span class='ocrx_word' id='word_1_455' title='bbox 1533 513 1613 548; x_wconf 89' lang='lat' dir='ltr'>ergo</span> <span class='ocrx_word' id='word_1_456' title='bbox 1632 503 1790 548; x_wconf 67' lang='lat' dir='ltr'>gehennae</span> <span class='ocrx_word' id='word_1_457' title='bbox 1811 515 1867 539; x_wconf 88' lang='lat' dir='ltr'>aut</span> <span class='ocrx_word' id='word_1_458' title='bbox 1877 505 2016 539; x_wconf 80' lang='lat' dir='ltr'>aliarum</span> <span class='ocrx_word' id='word_1_459' title='bbox 2034 516 2140 547; x_wconf 87' lang='lat' dir='ltr'>poena·</span> 
     </span>
     <span class='ocr_line' id='line_1_56' title="bbox 1258 552 2140 598; baseline 0.003 -13"><span class='ocrx_word' id='word_1_460' title='bbox 1258 562 1329 585; x_wconf 89' lang='lat' dir='ltr'>rum</span> <span class='ocrx_word' id='word_1_461' title='bbox 1340 563 1445 587; x_wconf 88' lang='lat' dir='ltr'>metus</span> <span class='ocrx_word' id='word_1_462' title='bbox 1458 577 1469 594; x_wconf 92' lang='lat'>‚</span> <span class='ocrx_word' id='word_1_463' title='bbox 1495 552 1574 587; x_wconf 87' lang='lat' dir='ltr'>dum</span> <span class='ocrx_word' id='word_1_464' title='bbox 1596 554 1786 598; x_wconf 74' lang='lat' dir='ltr'>graffantem</span> <span class='ocrx_word' id='word_1_465' title='bbox 1799 556 1832 589; x_wconf 89' lang='lat' dir='ltr'>in</span> <span class='ocrx_word' id='word_1_466' title='bbox 1847 556 1944 589; x_wconf 83' lang='lat' dir='ltr'>veteri</span> <span class='ocrx_word' id='word_1_467' title='bbox 1956 555 2054 590; x_wconf 85' lang='lat' dir='ltr'>corde</span> <span class='ocrx_word' id='word_1_468' title='bbox 2068 554 2140 588; x_wconf 87' lang='lat' dir='ltr'>libi-</span> 
     </span>
     <span class='ocr_line' id='line_1_57' title="bbox 1257 600 2141 649; baseline 0.003 -15"><span class='ocrx_word' id='word_1_469' title='bbox 1257 600 1369 638; x_wconf 86' lang='lat' dir='ltr'>dinem</span> <span class='ocrx_word' id='word_1_470' title='bbox 1390 603 1520 638; x_wconf 74' lang='lat' dir='ltr'>fraenare</span> <span class='ocrx_word' id='word_1_471' title='bbox 1540 603 1574 639; x_wconf 65' lang='grc' dir='ltr'>ὃς</span> <span class='ocrx_word' id='word_1_472' title='bbox 1595 602 1749 638; x_wconf 88' lang='lat' dir='ltr'>cohibere</span> <span class='ocrx_word' id='word_1_473' title='bbox 1769 617 1836 639; x_wconf 86' lang='lat' dir='ltr'>non</span> <span class='ocrx_word' id='word_1_474' title='bbox 1849 606 1974 649; x_wconf 83' lang='lat' dir='ltr'>potest,</span> <span class='ocrx_word' id='word_1_475' title='bbox 1999 601 2141 639; x_wconf 66' lang='lat' dir='ltr'>omnino</span> 
     </span>
     <span class='ocr_line' id='line_1_58' title="bbox 1256 650 2141 698; baseline 0.003 -13"><span class='ocrx_word' id='word_1_476' title='bbox 1256 650 1335 685; x_wconf 84' lang='lat' dir='ltr'>facit</span> <span class='ocrx_word' id='word_1_477' title='bbox 1348 676 1360 692; x_wconf 90' lang='lat'>,</span> <span class='ocrx_word' id='word_1_478' title='bbox 1387 652 1557 687; x_wconf 81' lang='lat' dir='ltr'>dumtaxat</span> <span class='ocrx_word' id='word_1_479' title='bbox 1580 664 1690 688; x_wconf 89' lang='lat' dir='ltr'>tamen</span> <span class='ocrx_word' id='word_1_480' title='bbox 1706 655 1947 690; x_wconf 71' lang='lat' dir='ltr'>occasionaliter</span> <span class='ocrx_word' id='word_1_481' title='bbox 1968 679 1978 696; x_wconf 91' lang='lat'>‚</span> <span class='ocrx_word' id='word_1_482' title='bbox 2006 665 2063 689; x_wconf 89' lang='lat' dir='ltr'>aut</span> <span class='ocrx_word' id='word_1_483' title='bbox 2084 665 2141 698; x_wconf 88' lang='lat' dir='ltr'>po·</span> 
     </span>
     <span class='ocr_line' id='line_1_59' title="bbox 1258 701 2141 749; baseline 0.003 -15"><span class='ocrx_word' id='word_1_484' title='bbox 1258 702 1322 735; x_wconf 74' lang='lat' dir='ltr'>tilis</span> <span class='ocrx_word' id='word_1_485' title='bbox 1332 701 1472 738; x_wconf 80' lang='lat' dir='ltr'>ostendit</span> <span class='ocrx_word' id='word_1_486' title='bbox 1484 714 1544 737; x_wconf 88' lang='lat' dir='ltr'>nos</span> <span class='ocrx_word' id='word_1_487' title='bbox 1557 704 1662 749; x_wconf 83' lang='lat' dir='ltr'>magis</span> <span class='ocrx_word' id='word_1_488' title='bbox 1671 714 1870 746; x_wconf 83' lang='lat' dir='ltr'>peccatores.</span> <span class='ocrx_word' id='word_1_489' title='bbox 1902 706 1994 740; x_wconf 90' lang='lat' dir='ltr'>Hinc</span> <span class='ocrx_word' id='word_1_490' title='bbox 2011 704 2141 739; x_wconf 80' lang='lat' dir='ltr'>addidit</span> 
     </span>
     <span class='ocr_line' id='line_1_60' title="bbox 1258 752 2138 796; baseline 0.001 -10"><span class='ocrx_word' id='word_1_491' title='bbox 1258 752 1451 787; x_wconf 69' lang='lat' dir='ltr'>sacrosancta</span> <span class='ocrx_word' id='word_1_492' title='bbox 1463 753 1618 796; x_wconf 88' lang='lat' dir='ltr'>Synodus</span> <span class='ocrx_word' id='word_1_493' title='bbox 1630 768 1641 788; x_wconf 85' lang='lat'>.-</span> <span class='ocrx_word' id='word_1_494' title='bbox 1667 755 1722 788; x_wconf 81' lang='lat' dir='ltr'>Vel</span> <span class='ocrx_word' id='word_1_495' title='bbox 1732 756 1752 787; x_wconf 73' lang='grc' dir='ltr'><em>ἃ</em></span> <span class='ocrx_word' id='word_1_496' title='bbox 1759 757 1909 796; x_wconf 80' lang='lat' dir='ltr'>peccando</span> <span class='ocrx_word' id='word_1_497' title='bbox 1932 754 2109 795; x_wconf 80' lang='lat' dir='ltr'>abstinemus</span> <span class='ocrx_word' id='word_1_498' title='bbox 2130 778 2138 787; x_wconf 91' lang='lat'>.</span> 
     </span>
     <span class='ocr_line' id='line_1_61' title="bbox 1257 801 2140 848; baseline 0.003 -14"><span class='ocrx_word' id='word_1_499' title='bbox 1257 801 1413 837; x_wconf 89' lang='lat' dir='ltr'>Notanda</span> <span class='ocrx_word' id='word_1_500' title='bbox 1437 803 1482 837; x_wconf 84' lang='lat' dir='ltr'>est</span> <span class='ocrx_word' id='word_1_501' title='bbox 1503 803 1697 847; x_wconf 73' lang='lat' dir='ltr'>disjunffio,</span> <span class='ocrx_word' id='word_1_502' title='bbox 1729 807 1793 838; x_wconf 80' lang='lat' dir='ltr'>vel:</span> <span class='ocrx_word' id='word_1_503' title='bbox 1827 805 1954 839; x_wconf 88' lang='lat' dir='ltr'>Definit</span> <span class='ocrx_word' id='word_1_504' title='bbox 1977 805 2140 848; x_wconf 85' lang='lat' dir='ltr'>duplicem</span> 
     </span>
     <span class='ocr_line' id='line_1_62' title="bbox 1255 849 2140 898; baseline 0.003 -13"><span class='ocrx_word' id='word_1_505' title='bbox 1255 849 1414 896; x_wconf 73' lang='lat' dir='ltr'>gehennae</span> <span class='ocrx_word' id='word_1_506' title='bbox 1424 864 1547 888; x_wconf 87' lang='lat' dir='ltr'>metum</span> <span class='ocrx_word' id='word_1_507' title='bbox 1556 879 1566 895; x_wconf 88' lang='lat'><em>‚</em></span> <span class='ocrx_word' id='word_1_508' title='bbox 1595 855 1628 888; x_wconf 72' lang='grc' dir='ltr'>ἀ</span> <span class='ocrx_word' id='word_1_509' title='bbox 1641 855 1734 892; x_wconf 89' lang='lat' dir='ltr'>illum</span> <span class='ocrx_word' id='word_1_510' title='bbox 1748 866 1814 898; x_wconf 90' lang='lat' dir='ltr'>quo</span> <span class='ocrx_word' id='word_1_511' title='bbox 1824 854 1865 888; x_wconf 91' lang='lat' dir='ltr'>de</span> <span class='ocrx_word' id='word_1_512' title='bbox 1877 855 2015 898; x_wconf 85' lang='lat' dir='ltr'>peccatis</span> <span class='ocrx_word' id='word_1_513' title='bbox 2025 854 2140 888; x_wconf 67' lang='lat' dir='ltr'>dalem</span> 
     </span>
     <span class='ocr_line' id='line_1_63' title="bbox 1255 901 2140 949; baseline 0.005 -15"><span class='ocrx_word' id='word_1_514' title='bbox 1255 902 1300 935; x_wconf 92' lang='lat' dir='ltr'>do</span> <span class='ocrx_word' id='word_1_515' title='bbox 1320 901 1359 935; x_wconf 86' lang='lat' dir='ltr'>ad</span> <span class='ocrx_word' id='word_1_516' title='bbox 1372 904 1437 937; x_wconf 89' lang='lat' dir='ltr'>Dei</span> <span class='ocrx_word' id='word_1_517' title='bbox 1461 903 1713 939; x_wconf 81' lang='lat' dir='ltr'>misericordiam</span> <span class='ocrx_word' id='word_1_518' title='bbox 1730 904 1962 949; x_wconf 89' lang='lat' dir='ltr'>confugimus,</span> <span class='ocrx_word' id='word_1_519' title='bbox 1989 904 2023 938; x_wconf 87' lang='lat'>&amp;</span> <span class='ocrx_word' id='word_1_520' title='bbox 2045 903 2140 938; x_wconf 89' lang='lat' dir='ltr'>illum</span> 
     </span>
     <span class='ocr_line' id='line_1_64' title="bbox 1255 951 2143 1002; baseline 0.001 -17"><span class='ocrx_word' id='word_1_521' title='bbox 1255 962 1320 995; x_wconf 90' lang='lat' dir='ltr'>quo</span> <span class='ocrx_word' id='word_1_522' title='bbox 1333 952 1351 985; x_wconf 77' lang='lat' dir='ltr'>a</span> <span class='ocrx_word' id='word_1_523' title='bbox 1362 954 1527 995; x_wconf 87' lang='lat' dir='ltr'>peccando</span> <span class='ocrx_word' id='word_1_524' title='bbox 1538 951 1738 990; x_wconf 80' lang='lat' dir='ltr'>abstinemus</span> <span class='ocrx_word' id='word_1_525' title='bbox 1750 979 1762 1002; x_wconf 72' lang='lat'>³.</span> <span class='ocrx_word' id='word_1_526' title='bbox 1789 966 1849 989; x_wconf 86' lang='lat' dir='ltr'>nec</span> <span class='ocrx_word' id='word_1_527' title='bbox 1862 964 2034 1001; x_wconf 86' lang='lat' dir='ltr'>peccatum</span> <span class='ocrx_word' id='word_1_528' title='bbox 2054 953 2117 987; x_wconf 78' lang='lat' dir='ltr'>effe</span> <span class='ocrx_word' id='word_1_529' title='bbox 2129 975 2143 992; x_wconf 88' lang='lat'>,</span> 
     </span>
     <span class='ocr_line' id='line_1_65' title="bbox 1257 1001 2142 1049; baseline 0.003 -15"><span class='ocrx_word' id='word_1_530' title='bbox 1257 1012 1315 1035; x_wconf 90' lang='lat' dir='ltr'>nec</span> <span class='ocrx_word' id='word_1_531' title='bbox 1324 1002 1427 1036; x_wconf 84' lang='lat' dir='ltr'>facere</span> <span class='ocrx_word' id='word_1_532' title='bbox 1438 1005 1540 1048; x_wconf 86' lang='lat' dir='ltr'>magis</span> <span class='ocrx_word' id='word_1_533' title='bbox 1552 1015 1732 1048; x_wconf 86' lang='lat' dir='ltr'>peccatores</span> <span class='ocrx_word' id='word_1_534' title='bbox 1743 1030 1750 1037; x_wconf 92' lang='lat'><strong>.</strong></span> <span class='ocrx_word' id='word_1_535' title='bbox 1780 1003 1828 1039; x_wconf 88' lang='lat' dir='ltr'>At</span> <span class='ocrx_word' id='word_1_536' title='bbox 1841 1004 1919 1039; x_wconf 77' lang='lat' dir='ltr'>vero</span> <span class='ocrx_word' id='word_1_537' title='bbox 1931 1005 1987 1039; x_wconf 90' lang='lat' dir='ltr'>ille</span> <span class='ocrx_word' id='word_1_538' title='bbox 1996 1028 2008 1045; x_wconf 90' lang='lat'><strong>,</strong></span> <span class='ocrx_word' id='word_1_539' title='bbox 2021 1014 2089 1049; x_wconf 84' lang='lat' dir='ltr'>quo</span> <span class='ocrx_word' id='word_1_540' title='bbox 2098 1001 2142 1037; x_wconf 81' lang='lat' dir='ltr'>ad</span> 
     </span>
     <span class='ocr_line' id='line_1_66' title="bbox 1256 1050 2144 1099; baseline 0.005 -15"><span class='ocrx_word' id='word_1_541' title='bbox 1256 1050 1321 1085; x_wconf 86' lang='lat' dir='ltr'>Dei</span> <span class='ocrx_word' id='word_1_542' title='bbox 1341 1052 1591 1091; x_wconf 82' lang='lat' dir='ltr'>misericordiam</span> <span class='ocrx_word' id='word_1_543' title='bbox 1612 1055 1653 1090; x_wconf 81' lang='lat' dir='ltr'>de</span> <span class='ocrx_word' id='word_1_544' title='bbox 1674 1056 1813 1099; x_wconf 82' lang='lat' dir='ltr'>peccatis</span> <span class='ocrx_word' id='word_1_545' title='bbox 1832 1054 1978 1089; x_wconf 88' lang='lat' dir='ltr'>dolendo</span> <span class='ocrx_word' id='word_1_546' title='bbox 1998 1053 2144 1088; x_wconf 86' lang='lat' dir='ltr'>necdum</span> 
     </span>
     <span class='ocr_line' id='line_1_67' title="bbox 1254 1101 2141 1149; baseline 0.002 -15"><span class='ocrx_word' id='word_1_547' title='bbox 1254 1101 1482 1147; x_wconf 85' lang='lat' dir='ltr'>confugimus,</span> <span class='ocrx_word' id='word_1_548' title='bbox 1510 1103 1563 1137; x_wconf 83' lang='lat' dir='ltr'>sed</span> <span class='ocrx_word' id='word_1_549' title='bbox 1583 1105 1625 1139; x_wconf 88' lang='lat' dir='ltr'>ab</span> <span class='ocrx_word' id='word_1_550' title='bbox 1645 1107 1786 1140; x_wconf 86' lang='lat' dir='ltr'>externis</span> <span class='ocrx_word' id='word_1_551' title='bbox 1808 1104 1948 1149; x_wconf 77' lang='lat' dir='ltr'>peccatis</span> <span class='ocrx_word' id='word_1_552' title='bbox 1969 1104 2141 1139; x_wconf 71' lang='lat' dir='ltr'>dumtaxat</span> 
     </span>
     <span class='ocr_line' id='line_1_68' title="bbox 1254 1150 2144 1198; baseline 0.001 -13"><span class='ocrx_word' id='word_1_553' title='bbox 1254 1150 1472 1191; x_wconf 84' lang='lat' dir='ltr'>abstinemus,</span> <span class='ocrx_word' id='word_1_554' title='bbox 1499 1153 1638 1189; x_wconf 87' lang='lat' dir='ltr'>necdum</span> <span class='ocrx_word' id='word_1_555' title='bbox 1650 1155 1864 1195; x_wconf 87' lang='lat' dir='ltr'>estinitialis‚</span> <span class='ocrx_word' id='word_1_556' title='bbox 1893 1154 1947 1189; x_wconf 91' lang='lat' dir='ltr'>sed</span> <span class='ocrx_word' id='word_1_557' title='bbox 1960 1154 2067 1198; x_wconf 66' lang='lat' dir='ltr'>palam</span> <span class='ocrx_word' id='word_1_558' title='bbox 2088 1152 2144 1186; x_wconf 87' lang='lat' dir='ltr'>ad-</span> 
     </span>
     <span class='ocr_line' id='line_1_69' title="bbox 1254 1200 2140 1250; baseline 0.008 -16"><span class='ocrx_word' id='word_1_559' title='bbox 1254 1200 1319 1236; x_wconf 87' lang='lat' dir='ltr'>huc</span> <span class='ocrx_word' id='word_1_560' title='bbox 1343 1201 1438 1245; x_wconf 70' lang='lat' dir='ltr'>plene</span> <span class='ocrx_word' id='word_1_561' title='bbox 1458 1203 1599 1238; x_wconf 81' lang='lat' dir='ltr'>servilis:</span> <span class='ocrx_word' id='word_1_562' title='bbox 1626 1206 1716 1250; x_wconf 86' lang='lat' dir='ltr'>Ergo</span> <span class='ocrx_word' id='word_1_563' title='bbox 1727 1205 1828 1239; x_wconf 87' lang='lat' dir='ltr'>etiam</span> <span class='ocrx_word' id='word_1_564' title='bbox 1842 1203 1932 1238; x_wconf 86' lang='lat' dir='ltr'>hunc</span> <span class='ocrx_word' id='word_1_565' title='bbox 1943 1205 2140 1241; x_wconf 64' lang='lat' dir='ltr'>sacrosanssss</span> 
     </span>
     <span class='ocr_line' id='line_1_70' title="bbox 1253 1251 1882 1297; baseline 0.006 -13"><span class='ocrx_word' id='word_1_566' title='bbox 1253 1251 1408 1294; x_wconf 90' lang='lat' dir='ltr'>Synodus</span> <span class='ocrx_word' id='word_1_567' title='bbox 1418 1252 1534 1287; x_wconf 85' lang='lat' dir='ltr'>definit</span> <span class='ocrx_word' id='word_1_568' title='bbox 1543 1264 1611 1288; x_wconf 85' lang='lat' dir='ltr'>nou</span> <span class='ocrx_word' id='word_1_569' title='bbox 1623 1255 1685 1289; x_wconf 84' lang='lat' dir='ltr'>effe</span> <span class='ocrx_word' id='word_1_570' title='bbox 1696 1264 1865 1297; x_wconf 86' lang='lat' dir='ltr'>peccatum</span> <span class='ocrx_word' id='word_1_571' title='bbox 1875 1277 1882 1284; x_wconf 88' lang='lat'><em>-</em></span> 
     </span>
    </p>

    <p class='ocr_par' dir='ltr' id='par_1_12' title="bbox 1251 1300 2144 1646">
     <span class='ocr_line' id='line_1_71' title="bbox 1292 1300 2144 1349; baseline 0.002 -14"><span class='ocrx_word' id='word_1_572' title='bbox 1292 1301 1433 1349; x_wconf 14' lang='lat' dir='ltr'>&gt;Qarta</span> <span class='ocrx_word' id='word_1_573' title='bbox 1459 1302 1592 1346; x_wconf 79' lang='lat' dir='ltr'>quaestio</span> <span class='ocrx_word' id='word_1_574' title='bbox 1604 1304 1670 1344; x_wconf 80' lang='lat' dir='ltr'>est,</span> <span class='ocrx_word' id='word_1_575' title='bbox 1698 1303 1766 1337; x_wconf 89' lang='lat' dir='ltr'>Cur</span> <span class='ocrx_word' id='word_1_576' title='bbox 1780 1303 1976 1338; x_wconf 63' lang='lat' dir='ltr'>sacrosancta</span> <span class='ocrx_word' id='word_1_577' title='bbox 1989 1300 2144 1345; x_wconf 77' lang='lat' dir='ltr'>synodus</span> 
     </span>
     <span class='ocr_line' id='line_1_72' title="bbox 1252 1351 2143 1396; baseline -0.001 -10"><span class='ocrx_word' id='word_1_578' title='bbox 1252 1362 1447 1395; x_wconf 79' lang='lat' dir='ltr'>conceptam</span> <span class='ocrx_word' id='word_1_579' title='bbox 1470 1364 1511 1385; x_wconf 88' lang='lat' dir='ltr'>ex</span> <span class='ocrx_word' id='word_1_580' title='bbox 1536 1353 1641 1387; x_wconf 89' lang='lat' dir='ltr'>servili</span> <span class='ocrx_word' id='word_1_581' title='bbox 1665 1365 1834 1396; x_wconf 81' lang='lat' dir='ltr'>poenarum</span> <span class='ocrx_word' id='word_1_582' title='bbox 1855 1361 1946 1386; x_wconf 79' lang='lat' dir='ltr'>metu</span> <span class='ocrx_word' id='word_1_583' title='bbox 1960 1351 2143 1387; x_wconf 73' lang='lat' dir='ltr'>Contritio-</span> 
     </span>
     <span class='ocr_line' id='line_1_73' title="bbox 1253 1401 2142 1446; baseline 0 -12"><span class='ocrx_word' id='word_1_584' title='bbox 1253 1412 1327 1435; x_wconf 89' lang='lat' dir='ltr'>nem</span> <span class='ocrx_word' id='word_1_585' title='bbox 1340 1402 1476 1436; x_wconf 85' lang='lat' dir='ltr'>laudans</span> <span class='ocrx_word' id='word_1_586' title='bbox 1488 1401 1575 1436; x_wconf 88' lang='lat' dir='ltr'>dicat</span> <span class='ocrx_word' id='word_1_587' title='bbox 1588 1403 1605 1435; x_wconf 69' lang='grc' dir='ltr'>,ἒ</span> <span class='ocrx_word' id='word_1_588' title='bbox 1631 1405 1663 1436; x_wconf 82' lang='lat' dir='ltr'>Si</span> <span class='ocrx_word' id='word_1_589' title='bbox 1673 1409 1738 1446; x_wconf 83' lang='lat' dir='ltr'>quis</span> <span class='ocrx_word' id='word_1_590' title='bbox 1751 1404 1863 1437; x_wconf 77' lang='lat' dir='ltr'>dixerit</span> <span class='ocrx_word' id='word_1_591' title='bbox 1876 1403 1928 1446; x_wconf 82' lang='lat' dir='ltr'>effe</span> <span class='ocrx_word' id='word_1_592' title='bbox 1937 1403 2061 1437; x_wconf 77' lang='lat' dir='ltr'>dotorem</span> <span class='ocrx_word' id='word_1_593' title='bbox 2071 1412 2142 1435; x_wconf 82' lang='lat' dir='ltr'>coa·-</span> 
     </span>
     <span class='ocr_line' id='line_1_74' title="bbox 1251 1449 2141 1493; baseline -0.001 -9"><span class='ocrx_word' id='word_1_594' title='bbox 1251 1451 1330 1484; x_wconf 57' lang='lat' dir='ltr'>crum</span> <span class='ocrx_word' id='word_1_595' title='bbox 1340 1476 1351 1492; x_wconf 94' lang='lat'>,</span> <span class='ocrx_word' id='word_1_596' title='bbox 1377 1453 1411 1486; x_wconf 72' lang='grc'>(9·</span> <span class='ocrx_word' id='word_1_597' title='bbox 1424 1463 1480 1485; x_wconf 88' lang='lat' dir='ltr'>non</span> <span class='ocrx_word' id='word_1_598' title='bbox 1493 1452 1617 1486; x_wconf 83' lang='lat' dir='ltr'>liberum</span> <span class='ocrx_word' id='word_1_599' title='bbox 1628 1464 1662 1486; x_wconf 88' lang='lat' dir='ltr'>ac</span> <span class='ocrx_word' id='word_1_600' title='bbox 1675 1455 1880 1487; x_wconf 81' lang='lat' dir='ltr'>voluntarium</span> <span class='ocrx_word' id='word_1_601' title='bbox 1892 1451 2063 1487; x_wconf 76' lang='lat' dir='ltr'>Anatbema</span> <span class='ocrx_word' id='word_1_602' title='bbox 2074 1449 2110 1493; x_wconf 80' lang='lat' dir='ltr'>fit</span> <span class='ocrx_word' id='word_1_603' title='bbox 2122 1451 2141 1483; x_wconf 73' lang='lat'>,³</span> 
     </span>
     <span class='ocr_line' id='line_1_75' title="bbox 1253 1501 2142 1544; baseline 0.001 -10"><span class='ocrx_word' id='word_1_604' title='bbox 1253 1501 1450 1544; x_wconf 88' lang='lat' dir='ltr'>Respondeo</span> <span class='ocrx_word' id='word_1_605' title='bbox 1462 1501 1568 1535; x_wconf 86' lang='lat' dir='ltr'>dicere</span> <span class='ocrx_word' id='word_1_606' title='bbox 1583 1501 1735 1537; x_wconf 76' lang='lat' dir='ltr'>adversus</span> <span class='ocrx_word' id='word_1_607' title='bbox 1749 1503 1934 1537; x_wconf 77' lang='lat' dir='ltr'>Martinam</span> <span class='ocrx_word' id='word_1_608' title='bbox 1945 1501 2142 1541; x_wconf 85' lang='lat' dir='ltr'>Luthetum,</span> 
     </span>
     <span class='ocr_line' id='line_1_76' title="bbox 1252 1550 2143 1598; baseline 0.001 -14"><span class='ocrx_word' id='word_1_609' title='bbox 1252 1552 1283 1584; x_wconf 93' lang='lat' dir='ltr'>in</span> <span class='ocrx_word' id='word_1_610' title='bbox 1297 1552 1350 1585; x_wconf 88' lang='lat' dir='ltr'>sua</span> <span class='ocrx_word' id='word_1_611' title='bbox 1363 1562 1543 1585; x_wconf 87' lang='lat' dir='ltr'>memorata</span> <span class='ocrx_word' id='word_1_612' title='bbox 1556 1550 1721 1598; x_wconf 87' lang='lat' dir='ltr'>Apologia</span> <span class='ocrx_word' id='word_1_613' title='bbox 1732 1577 1743 1593; x_wconf 88' lang='lat'><strong>,</strong></span> <span class='ocrx_word' id='word_1_614' title='bbox 1763 1564 1800 1587; x_wconf 82' lang='lat' dir='ltr'>ac</span> <span class='ocrx_word' id='word_1_615' title='bbox 1813 1553 1847 1586; x_wconf 90' lang='lat' dir='ltr'>in</span> <span class='ocrx_word' id='word_1_616' title='bbox 1862 1554 2009 1586; x_wconf 82' lang='lat' dir='ltr'>sermone</span> <span class='ocrx_word' id='word_1_617' title='bbox 2020 1550 2060 1585; x_wconf 92' lang='lat' dir='ltr'>de</span> <span class='ocrx_word' id='word_1_618' title='bbox 2071 1550 2143 1585; x_wconf 67' lang='grc' dir='ltr'>Ράν</span> 
     </span>
     <span class='ocr_line' id='line_1_77' title="bbox 1253 1601 2143 1646; baseline 0.002 -13"><span class='ocrx_word' id='word_1_619' title='bbox 1253 1601 1390 1636; x_wconf 85' lang='lat' dir='ltr'>nitentia</span> <span class='ocrx_word' id='word_1_620' title='bbox 1412 1602 1558 1644; x_wconf 81' lang='lat' dir='ltr'>peffimas</span> <span class='ocrx_word' id='word_1_621' title='bbox 1580 1601 1654 1636; x_wconf 83' lang='lat' dir='ltr'>istas</span> <span class='ocrx_word' id='word_1_622' title='bbox 1682 1602 1927 1637; x_wconf 84' lang='lat' dir='ltr'>Donatistarum</span> <span class='ocrx_word' id='word_1_623' title='bbox 1953 1613 2056 1646; x_wconf 87' lang='lat' dir='ltr'>nugas</span> <span class='ocrx_word' id='word_1_624' title='bbox 2077 1601 2143 1635; x_wconf 74' lang='lat' dir='ltr'>fine</span> 
     </span>
    </p>
   </div>
   <div class='ocr_carea' id='block_1_9' title="bbox 1257 2097 2149 2442">
    <p class='ocr_par' dir='ltr' id='par_1_13' title="bbox 1257 2097 2149 2442">
     <span class='ocr_line' id='line_1_78' title="bbox 1257 2097 2143 2143; baseline -0.002 -10"><span class='ocrx_word' id='word_1_625' title='bbox 1257 2101 1344 2143; x_wconf 82' lang='lat' dir='ltr'>scopi</span> <span class='ocrx_word' id='word_1_626' title='bbox 1359 2098 1556 2133; x_wconf 84' lang='lat' dir='ltr'>Donatistae:</span> <span class='ocrx_word' id='word_1_627' title='bbox 1572 2102 1661 2132; x_wconf 73' lang='lat' dir='ltr'>Dixit</span> <span class='ocrx_word' id='word_1_628' title='bbox 1675 2103 1816 2132; x_wconf 80' lang='lat' dir='ltr'>Dominus</span> <span class='ocrx_word' id='word_1_629' title='bbox 1829 2099 1962 2139; x_wconf 72' lang='lat' dir='ltr'>Christus</span> <span class='ocrx_word' id='word_1_630' title='bbox 1974 2122 1984 2138; x_wconf 90' lang='lat'>,</span> <span class='ocrx_word' id='word_1_631' title='bbox 1998 2097 2143 2132; x_wconf 88' lang='lat' dir='ltr'>NEMO</span> 
     </span>
     <span class='ocr_line' id='line_1_79' title="bbox 1258 2146 2148 2195; baseline -0.003 -12"><span class='ocrx_word' id='word_1_632' title='bbox 1258 2149 1416 2183; x_wconf 81' lang='lat' dir='ltr'>VENIT</span> <span class='ocrx_word' id='word_1_633' title='bbox 1431 2149 1498 2182; x_wconf 89' lang='lat' dir='ltr'>AD</span> <span class='ocrx_word' id='word_1_634' title='bbox 1510 2149 1581 2182; x_wconf 88' lang='lat' dir='ltr'>ME</span> <span class='ocrx_word' id='word_1_635' title='bbox 1595 2173 1602 2186; x_wconf 83' lang='lat'>‚</span> <span class='ocrx_word' id='word_1_636' title='bbox 1616 2149 1865 2195; x_wconf 69' lang='lat' dir='ltr'>NisIQUEM</span> <span class='ocrx_word' id='word_1_637' title='bbox 1879 2147 2044 2182; x_wconf 83' lang='lat' dir='ltr'>PATER</span> <span class='ocrx_word' id='word_1_638' title='bbox 2061 2146 2148 2181; x_wconf 80' lang='lat' dir='ltr'>AT-</span> 
     </span>
     <span class='ocr_line' id='line_1_80' title="bbox 1257 2197 2145 2232; baseline -0.002 0"><span class='ocrx_word' id='word_1_639' title='bbox 1257 2198 1517 2232; x_wconf 76' lang='lat' dir='ltr'>TRAXERIT</span> <span class='ocrx_word' id='word_1_640' title='bbox 1527 2223 1534 2230; x_wconf 91' lang='lat'><strong><em>.</em></strong></span> <span class='ocrx_word' id='word_1_641' title='bbox 1568 2203 1630 2231; x_wconf 87' lang='lat' dir='ltr'>Cur</span> <span class='ocrx_word' id='word_1_642' title='bbox 1641 2211 1695 2232; x_wconf 86' lang='lat' dir='ltr'>vos</span> <span class='ocrx_word' id='word_1_643' title='bbox 1709 2211 1766 2231; x_wconf 88' lang='lat' dir='ltr'>non</span> <span class='ocrx_word' id='word_1_644' title='bbox 1776 2199 1899 2232; x_wconf 86' lang='lat' dir='ltr'>liberum</span> <span class='ocrx_word' id='word_1_645' title='bbox 1906 2197 2064 2231; x_wconf 80' lang='lat' dir='ltr'>arbitrium</span> <span class='ocrx_word' id='word_1_646' title='bbox 2077 2201 2145 2230; x_wconf 77' lang='lat' dir='ltr'>uni-</span> 
     </span>
     <span class='ocr_line' id='line_1_81' title="bbox 1257 2245 2145 2292; baseline -0.002 -10"><span class='ocrx_word' id='word_1_647' title='bbox 1257 2253 1358 2291; x_wconf 81' lang='lat' dir='ltr'>cuique</span> <span class='ocrx_word' id='word_1_648' title='bbox 1367 2246 1450 2290; x_wconf 69' lang='lat' dir='ltr'>sequi</span> <span class='ocrx_word' id='word_1_649' title='bbox 1458 2249 1658 2289; x_wconf 77' lang='lat' dir='ltr'>permittitis?</span> <span class='ocrx_word' id='word_1_650' title='bbox 1686 2248 1768 2292; x_wconf 88' lang='lat' dir='ltr'>Agit</span> <span class='ocrx_word' id='word_1_651' title='bbox 1780 2247 1960 2283; x_wconf 79' lang='lat' dir='ltr'>petilianus</span> <span class='ocrx_word' id='word_1_652' title='bbox 1972 2245 2145 2281; x_wconf 78' lang='lat' dir='ltr'>adversum</span> 
     </span>
     <span class='ocr_line' id='line_1_82' title="bbox 1261 2296 2146 2343; baseline -0.003 -11"><span class='ocrx_word' id='word_1_653' title='bbox 1261 2299 1346 2343; x_wconf 85' lang='lat' dir='ltr'>leges</span> <span class='ocrx_word' id='word_1_654' title='bbox 1362 2297 1542 2340; x_wconf 80' lang='lat' dir='ltr'>imperiales</span> <span class='ocrx_word' id='word_1_655' title='bbox 1554 2321 1563 2336; x_wconf 89' lang='lat'><strong>,</strong></span> <span class='ocrx_word' id='word_1_656' title='bbox 1578 2297 1730 2342; x_wconf 87' lang='lat' dir='ltr'>gravibus</span> <span class='ocrx_word' id='word_1_657' title='bbox 1743 2296 1968 2341; x_wconf 82' lang='lat' dir='ltr'>temporalium</span> <span class='ocrx_word' id='word_1_658' title='bbox 1981 2296 2146 2329; x_wconf 82' lang='lat' dir='ltr'>malorum</span> 
     </span>
     <span class='ocr_line' id='line_1_83' title="bbox 1259 2343 2148 2382; baseline -0.006 0"><span class='ocrx_word' id='word_1_659' title='bbox 1259 2347 1433 2382; x_wconf 80' lang='lat' dir='ltr'>terroribus</span> <span class='ocrx_word' id='word_1_660' title='bbox 1446 2347 1634 2381; x_wconf 77' lang='lat' dir='ltr'>Donatistas</span> <span class='ocrx_word' id='word_1_661' title='bbox 1653 2346 1694 2380; x_wconf 87' lang='lat' dir='ltr'>ad</span> <span class='ocrx_word' id='word_1_662' title='bbox 1716 2343 1851 2382; x_wconf 84' lang='lat' dir='ltr'>matrem</span> <span class='ocrx_word' id='word_1_663' title='bbox 1865 2345 2044 2379; x_wconf 74' lang='lat' dir='ltr'>Ecclesiam</span> <span class='ocrx_word' id='word_1_664' title='bbox 2055 2343 2148 2378; x_wconf 86' lang='lat' dir='ltr'>redi-</span> 
     </span>
     <span class='ocr_line' id='line_1_84' title="bbox 1260 2392 2149 2442; baseline -0.006 -10"><span class='ocrx_word' id='word_1_665' title='bbox 1260 2410 1292 2432; x_wconf 91' lang='lat' dir='ltr'>re</span> <span class='ocrx_word' id='word_1_666' title='bbox 1305 2407 1462 2442; x_wconf 84' lang='lat' dir='ltr'>cogentes</span> <span class='ocrx_word' id='word_1_667' title='bbox 1475 2409 1483 2429; x_wconf 90' lang='lat'>:</span> <span class='ocrx_word' id='word_1_668' title='bbox 1510 2397 1681 2439; x_wconf 85' lang='lat' dir='ltr'>Ejusmodi</span> <span class='ocrx_word' id='word_1_669' title='bbox 1691 2397 1832 2431; x_wconf 85' lang='lat' dir='ltr'>reditum</span> <span class='ocrx_word' id='word_1_670' title='bbox 1844 2394 1944 2441; x_wconf 78' lang='lat' dir='ltr'>garrit</span> <span class='ocrx_word' id='word_1_671' title='bbox 1957 2406 2026 2429; x_wconf 91' lang='lat' dir='ltr'>non</span> <span class='ocrx_word' id='word_1_672' title='bbox 2038 2395 2101 2428; x_wconf 80' lang='lat' dir='ltr'>efle</span> <span class='ocrx_word' id='word_1_673' title='bbox 2112 2392 2149 2426; x_wconf 84' lang='lat' dir='ltr'>li-</span> 
     </span>
    </p>
   </div>
   <div class='ocr_carea' id='block_1_10' title="bbox 2159 480 2286 519">
    <p class='ocr_par' dir='ltr' id='par_1_14' title="bbox 2159 480 2286 519">
     <span class='ocr_line' id='line_1_85' title="bbox 2159 480 2286 519; baseline 0.008 -1"><span class='ocrx_word' id='word_1_674' title='bbox 2159 480 2230 518; x_wconf 88' lang='lat' dir='ltr'>Lib.</span> <span class='ocrx_word' id='word_1_675' title='bbox 2254 493 2286 519; x_wconf 81' lang='lat'>2·</span> 
     </span>
    </p>
   </div>
   <div class='ocr_carea' id='block_1_11' title="bbox 2156 530 2313 581">
    <p class='ocr_par' dir='ltr' id='par_1_15' title="bbox 2156 530 2313 581">
     <span class='ocr_line' id='line_1_86' title="bbox 2156 530 2313 581; baseline 0.013 -14"><span class='ocrx_word' id='word_1_676' title='bbox 2156 544 2224 581; x_wconf 85' lang='lat' dir='ltr'>cap.</span> <span class='ocrx_word' id='word_1_677' title='bbox 2258 530 2313 578; x_wconf 70' lang='lat'>84.</span> 
     </span>
    </p>
   </div>
   <div class='ocr_carea' id='block_1_12' title="bbox 137 2443 2366 3062">
    <p class='ocr_par' dir='ltr' id='par_1_16' title="bbox 137 2443 2366 3062">
     <span class='ocr_line' id='line_1_87' title="bbox 138 2443 2150 2501; baseline -0.004 -17"><span class='ocrx_word' id='word_1_678' title='bbox 138 2465 295 2499; x_wconf 60' lang='lat' dir='ltr'>&#39;chonfi-</span> <span class='ocrx_word' id='word_1_679' title='bbox 362 2453 507 2501; x_wconf 81' lang='lat' dir='ltr'>Qaestio</span> <span class='ocrx_word' id='word_1_680' title='bbox 519 2451 609 2484; x_wconf 81' lang='lat' dir='ltr'>tertia</span> <span class='ocrx_word' id='word_1_681' title='bbox 625 2450 669 2483; x_wconf 82' lang='lat' dir='ltr'>est</span> <span class='ocrx_word' id='word_1_682' title='bbox 682 2474 693 2490; x_wconf 89' lang='lat'>‚</span> <span class='ocrx_word' id='word_1_683' title='bbox 720 2450 788 2483; x_wconf 85' lang='lat' dir='ltr'>Cur</span> <span class='ocrx_word' id='word_1_684' title='bbox 810 2450 1006 2483; x_wconf 67' lang='lat' dir='ltr'>sacrosansta</span> <span class='ocrx_word' id='word_1_685' title='bbox 1028 2446 1196 2482; x_wconf 83' lang='lat' dir='ltr'>‘Fridenti-</span> <span class='ocrx_word' id='word_1_686' title='bbox 1262 2449 1372 2482; x_wconf 86' lang='lat' dir='ltr'>berum</span> <span class='ocrx_word' id='word_1_687' title='bbox 1396 2459 1433 2480; x_wconf 89' lang='lat' dir='ltr'>ac</span> <span class='ocrx_word' id='word_1_688' title='bbox 1457 2446 1677 2480; x_wconf 86' lang='lat' dir='ltr'>voluntarium</span> <span class='ocrx_word' id='word_1_689' title='bbox 1691 2471 1702 2487; x_wconf 90' lang='lat'><strong>,</strong></span> <span class='ocrx_word' id='word_1_690' title='bbox 1729 2448 1782 2481; x_wconf 91' lang='lat' dir='ltr'>sed</span> <span class='ocrx_word' id='word_1_691' title='bbox 1803 2448 1951 2480; x_wconf 59' lang='lat' dir='ltr'>coaeum</span> <span class='ocrx_word' id='word_1_692' title='bbox 1963 2468 1971 2476; x_wconf 82' lang='lat'><strong>.</strong></span> <span class='ocrx_word' id='word_1_693' title='bbox 1998 2443 2150 2478; x_wconf 85' lang='lat' dir='ltr'>Eandem</span> 
     </span>
     <span class='ocr_line' id='line_1_88' title="bbox 138 2491 2149 2551; baseline -0.006 -12"><span class='ocrx_word' id='word_1_694' title='bbox 138 2491 204 2548; x_wconf 27' lang='lat' dir='ltr'>„AJK</span> <span class='ocrx_word' id='word_1_695' title='bbox 230 2515 292 2547; x_wconf 60' lang='lat'>2112</span> <span class='ocrx_word' id='word_1_696' title='bbox 313 2518 352 2538; x_wconf 83' lang='lat' dir='ltr'>na</span> <span class='ocrx_word' id='word_1_697' title='bbox 367 2503 517 2546; x_wconf 68' lang='lat' dir='ltr'>Synodur</span> <span class='ocrx_word' id='word_1_698' title='bbox 532 2500 666 2534; x_wconf 68' lang='lat' dir='ltr'>Canon}</span> <span class='ocrx_word' id='word_1_699' title='bbox 679 2499 972 2542; x_wconf 79' lang='lat' dir='ltr'>adjunxeritotiatn</span> <span class='ocrx_word' id='word_1_700' title='bbox 990 2497 1056 2532; x_wconf 87' lang='lat' dir='ltr'>haec</span> <span class='ocrx_word' id='word_1_701' title='bbox 1081 2498 1173 2532; x_wconf 90' lang='lat' dir='ltr'>verba</span> <span class='ocrx_word' id='word_1_702' title='bbox 1186 2522 1194 2537; x_wconf 93' lang='lat'><em>‚</em></span> <span class='ocrx_word' id='word_1_703' title='bbox 1262 2498 1355 2533; x_wconf 74' lang='lat' dir='ltr'>fuisse</span> <span class='ocrx_word' id='word_1_704' title='bbox 1370 2495 1551 2531; x_wconf 85' lang='lat' dir='ltr'>Gaudentii</span> <span class='ocrx_word' id='word_1_705' title='bbox 1563 2494 1848 2540; x_wconf 84' lang='lat' dir='ltr'>Thamugadenfis</span> <span class='ocrx_word' id='word_1_706' title='bbox 1866 2495 2044 2538; x_wconf 87' lang='lat' dir='ltr'>Episcopi,</span> <span class='ocrx_word' id='word_1_707' title='bbox 2070 2493 2149 2551; x_wconf 62' lang='lat' dir='ltr'>Cre-</span> 
     </span>
     <span class='ocr_line' id='line_1_89' title="bbox 138 2544 2151 2603; baseline -0.003 -20"><span class='ocrx_word' id='word_1_708' title='bbox 138 2544 268 2603; x_wconf 46' lang='lat' dir='ltr'>synodi</span> <span class='ocrx_word' id='word_1_709' title='bbox 313 2557 394 2594; x_wconf 70' lang='lat' dir='ltr'>Vela</span> <span class='ocrx_word' id='word_1_710' title='bbox 405 2552 545 2595; x_wconf 78' lang='lat' dir='ltr'>peccando</span> <span class='ocrx_word' id='word_1_711' title='bbox 558 2549 733 2589; x_wconf 71' lang='lat' dir='ltr'>abstinemus</span> <span class='ocrx_word' id='word_1_712' title='bbox 746 2549 759 2581; x_wconf 87' lang='lat'>?</span> <span class='ocrx_word' id='word_1_713' title='bbox 772 2549 967 2591; x_wconf 86' lang='lat' dir='ltr'>Respondeo</span> <span class='ocrx_word' id='word_1_714' title='bbox 979 2548 1037 2582; x_wconf 84' lang='lat' dir='ltr'>ista</span> <span class='ocrx_word' id='word_1_715' title='bbox 1049 2548 1144 2582; x_wconf 85' lang='lat' dir='ltr'>verba</span> <span class='ocrx_word' id='word_1_716' title='bbox 1155 2550 1197 2582; x_wconf 89' lang='lat' dir='ltr'>es-</span> <span class='ocrx_word' id='word_1_717' title='bbox 1263 2547 1367 2582; x_wconf 86' lang='lat' dir='ltr'>sconii</span> <span class='ocrx_word' id='word_1_718' title='bbox 1391 2546 1627 2586; x_wconf 85' lang='lat' dir='ltr'>Grammatici,</span> <span class='ocrx_word' id='word_1_719' title='bbox 1652 2557 1690 2579; x_wconf 87' lang='lat' dir='ltr'>ae</span> <span class='ocrx_word' id='word_1_720' title='bbox 1711 2546 1813 2579; x_wconf 83' lang='lat' dir='ltr'>totius</span> <span class='ocrx_word' id='word_1_721' title='bbox 1836 2544 2000 2579; x_wconf 71' lang='lat' dir='ltr'>Faffionis</span> <span class='ocrx_word' id='word_1_722' title='bbox 2019 2544 2151 2587; x_wconf 84' lang='lat' dir='ltr'>opimo-</span> 
     </span>
     <span class='ocr_line' id='line_1_90' title="bbox 137 2591 2151 2647; baseline -0.007 -7"><span class='ocrx_word' id='word_1_723' title='bbox 137 2603 230 2647; x_wconf 56' lang='lat' dir='ltr'>vssrba</span> <span class='ocrx_word' id='word_1_724' title='bbox 314 2609 346 2640; x_wconf 84' lang='lat' dir='ltr'>se</span> <span class='ocrx_word' id='word_1_725' title='bbox 365 2602 584 2639; x_wconf 84' lang='lat' dir='ltr'>combinanda</span> <span class='ocrx_word' id='word_1_726' title='bbox 608 2610 683 2639; x_wconf 83' lang='lat' dir='ltr'>cum</span> <span class='ocrx_word' id='word_1_727' title='bbox 707 2597 775 2633; x_wconf 85' lang='lat' dir='ltr'>his:</span> <span class='ocrx_word' id='word_1_728' title='bbox 803 2601 834 2631; x_wconf 84' lang='lat' dir='ltr'>si</span> <span class='ocrx_word' id='word_1_729' title='bbox 857 2603 923 2641; x_wconf 84' lang='lat' dir='ltr'>quis</span> <span class='ocrx_word' id='word_1_730' title='bbox 934 2600 1046 2632; x_wconf 78' lang='lat' dir='ltr'>dixerit</span> <span class='ocrx_word' id='word_1_731' title='bbox 1053 2598 1198 2642; x_wconf 78' lang='lat' dir='ltr'>gebennae</span> <span class='ocrx_word' id='word_1_732' title='bbox 1265 2609 1340 2632; x_wconf 84' lang='lat' dir='ltr'>nern</span> <span class='ocrx_word' id='word_1_733' title='bbox 1352 2620 1362 2636; x_wconf 92' lang='lat'><strong>,</strong></span> <span class='ocrx_word' id='word_1_734' title='bbox 1375 2596 1470 2639; x_wconf 79' lang='lat' dir='ltr'>possit</span> <span class='ocrx_word' id='word_1_735' title='bbox 1483 2594 1579 2634; x_wconf 80' lang='lat' dir='ltr'>facile</span> <span class='ocrx_word' id='word_1_736' title='bbox 1588 2595 1717 2629; x_wconf 79' lang='lat' dir='ltr'>ostendi</span> <span class='ocrx_word' id='word_1_737' title='bbox 1729 2621 1735 2628; x_wconf 93' lang='lat'><strong><em>.</em></strong></span> <span class='ocrx_word' id='word_1_738' title='bbox 1749 2594 1927 2646; x_wconf 86' lang='lat' dir='ltr'>Magistros</span> <span class='ocrx_word' id='word_1_739' title='bbox 1938 2595 2012 2629; x_wconf 86' lang='lat' dir='ltr'>suos</span> <span class='ocrx_word' id='word_1_740' title='bbox 2026 2591 2151 2645; x_wconf 68' lang='lat' dir='ltr'>Luthe-</span> 
     </span>
     <span class='ocr_line' id='line_1_91' title="bbox 141 2639 2359 2710; baseline -0.007 -20"><span class='ocrx_word' id='word_1_741' title='bbox 141 2641 222 2708; x_wconf 44' lang='lat' dir='ltr'>(Tap,</span> <span class='ocrx_word' id='word_1_742' title='bbox 237 2639 269 2710; x_wconf 94' lang='grc'><strong>4</strong></span> <span class='ocrx_word' id='word_1_743' title='bbox 315 2666 425 2690; x_wconf 82' lang='lat' dir='ltr'>metum</span> <span class='ocrx_word' id='word_1_744' title='bbox 443 2662 607 2695; x_wconf 82' lang='lat' dir='ltr'>peccatores</span> <span class='ocrx_word' id='word_1_745' title='bbox 622 2652 740 2692; x_wconf 81' lang='lat' dir='ltr'>pejores</span> <span class='ocrx_word' id='word_1_746' title='bbox 743 2648 847 2690; x_wconf 84' lang='lat' dir='ltr'>facere</span> <span class='ocrx_word' id='word_1_747' title='bbox 859 2673 867 2680; x_wconf 87' lang='lat'><strong>.</strong></span> <span class='ocrx_word' id='word_1_748' title='bbox 896 2648 1018 2682; x_wconf 82' lang='lat' dir='ltr'>Eorum</span> <span class='ocrx_word' id='word_1_749' title='bbox 1041 2649 1198 2683; x_wconf 82' lang='lat' dir='ltr'>rationem</span> <span class='ocrx_word' id='word_1_750' title='bbox 1264 2658 1314 2683; x_wconf 89' lang='lat' dir='ltr'>rus</span> <span class='ocrx_word' id='word_1_751' title='bbox 1326 2647 1501 2691; x_wconf 84' lang='lat' dir='ltr'>agnoscat.</span> <span class='ocrx_word' id='word_1_752' title='bbox 1515 2645 1681 2679; x_wconf 85' lang='lat' dir='ltr'>Petiliano</span> <span class='ocrx_word' id='word_1_753' title='bbox 1693 2655 1802 2679; x_wconf 84' lang='lat' dir='ltr'>autem</span> <span class='ocrx_word' id='word_1_754' title='bbox 1813 2644 1977 2688; x_wconf 87' lang='lat' dir='ltr'>respondit</span> <span class='ocrx_word' id='word_1_755' title='bbox 1990 2645 2021 2679; x_wconf 90' lang='lat' dir='ltr'>S.</span> <span class='ocrx_word' id='word_1_756' title='bbox 2035 2642 2151 2688; x_wconf 87' lang='lat' dir='ltr'>Augu·</span> <span class='ocrx_word' id='word_1_757' title='bbox 2333 2663 2359 2702; x_wconf 55' lang='lat'>&gt;⁴</span> 
     </span>
     <span class='ocr_line' id='line_1_92' title="bbox 164 2690 2366 2750; baseline -0.008 -10"><span class='ocrx_word' id='word_1_758' title='bbox 164 2690 170 2698; x_wconf 28' lang='grc' dir='ltr'><em>λ</em></span> <span class='ocrx_word' id='word_1_759' title='bbox 315 2707 459 2750; x_wconf 79' lang='lat' dir='ltr'>adsignat</span> <span class='ocrx_word' id='word_1_760' title='bbox 486 2704 517 2736; x_wconf 88' lang='lat' dir='ltr'>in</span> <span class='ocrx_word' id='word_1_761' title='bbox 533 2702 616 2734; x_wconf 84' lang='lat' dir='ltr'>libro</span> <span class='ocrx_word' id='word_1_762' title='bbox 628 2700 668 2734; x_wconf 86' lang='lat' dir='ltr'>de</span> <span class='ocrx_word' id='word_1_763' title='bbox 680 2700 791 2742; x_wconf 87' lang='lat' dir='ltr'>spiritu</span> <span class='ocrx_word' id='word_1_764' title='bbox 800 2699 936 2732; x_wconf 84' lang='lat' dir='ltr'>&amp;litera</span> <span class='ocrx_word' id='word_1_765' title='bbox 949 2699 1073 2732; x_wconf 71' lang='lat' dir='ltr'>sanstus</span> <span class='ocrx_word' id='word_1_766' title='bbox 1086 2698 1199 2744; x_wconf 86' lang='lat' dir='ltr'>Augu·</span> <span class='ocrx_word' id='word_1_767' title='bbox 1265 2697 1365 2731; x_wconf 83' lang='lat' dir='ltr'>stinus</span> <span class='ocrx_word' id='word_1_768' title='bbox 1377 2709 1387 2729; x_wconf 92' lang='grc'>.·</span> <span class='ocrx_word' id='word_1_769' title='bbox 1408 2697 1486 2728; x_wconf 74' lang='lat' dir='ltr'>Sicut</span> <span class='ocrx_word' id='word_1_770' title='bbox 1502 2695 1674 2737; x_wconf 76' lang='lat' dir='ltr'>fieripotest</span> <span class='ocrx_word' id='word_1_771' title='bbox 1685 2719 1697 2736; x_wconf 93' lang='lat'>,</span> <span class='ocrx_word' id='word_1_772' title='bbox 1718 2705 1752 2728; x_wconf 81' lang='lat' dir='ltr'>ut</span> <span class='ocrx_word' id='word_1_773' title='bbox 1762 2706 1831 2737; x_wconf 86' lang='lat' dir='ltr'>quos</span> <span class='ocrx_word' id='word_1_774' title='bbox 1842 2699 1874 2727; x_wconf 88' lang='lat' dir='ltr'>in</span> <span class='ocrx_word' id='word_1_775' title='bbox 1884 2694 1974 2727; x_wconf 81' lang='lat' dir='ltr'>libero</span> <span class='ocrx_word' id='word_1_776' title='bbox 1983 2692 2091 2734; x_wconf 76' lang='lat' dir='ltr'>dimisit</span> <span class='ocrx_word' id='word_1_777' title='bbox 2102 2703 2147 2725; x_wconf 63' lang='lat' dir='ltr'>aa·</span> <span class='ocrx_word' id='word_1_778' title='bbox 2163 2696 2239 2732; x_wconf 71' lang='lat' dir='ltr'>Lib,</span> <span class='ocrx_word' id='word_1_779' title='bbox 2251 2705 2280 2738; x_wconf 65' lang='lat'>2„</span> <span class='ocrx_word' id='word_1_780' title='bbox 2291 2707 2320 2735; x_wconf 60' lang='lat' dir='ltr'>e,</span> <span class='ocrx_word' id='word_1_781' title='bbox 2364 2713 2366 2715; x_wconf 82' lang='lat'>·</span> 
     </span>
     <span class='ocr_line' id='line_1_93' title="bbox 315 2742 2222 2797; baseline -0.008 -7"><span class='ocrx_word' id='word_1_782' title='bbox 315 2758 375 2790; x_wconf 83' lang='lat' dir='ltr'>stin</span> <span class='ocrx_word' id='word_1_783' title='bbox 383 2767 417 2789; x_wconf 88' lang='lat' dir='ltr'>us</span> <span class='ocrx_word' id='word_1_784' title='bbox 430 2768 439 2787; x_wconf 90' lang='lat'><em>:</em></span> <span class='ocrx_word' id='word_1_785' title='bbox 453 2754 506 2786; x_wconf 84' lang='lat' dir='ltr'>Ubi</span> <span class='ocrx_word' id='word_1_786' title='bbox 513 2751 635 2794; x_wconf 64' lang='lat' dir='ltr'>sandius</span> <span class='ocrx_word' id='word_1_787' title='bbox 647 2761 703 2782; x_wconf 82' lang='lat' dir='ltr'>non</span> <span class='ocrx_word' id='word_1_788' title='bbox 716 2750 848 2789; x_wconf 78' lang='lat' dir='ltr'>adjuvat</span> <span class='ocrx_word' id='word_1_789' title='bbox 860 2751 994 2791; x_wconf 72' lang='lat' dir='ltr'>spiritus</span> <span class='ocrx_word' id='word_1_790' title='bbox 1008 2774 1018 2788; x_wconf 97' lang='lat'>,</span> <span class='ocrx_word' id='word_1_791' title='bbox 1031 2749 1090 2789; x_wconf 83' lang='lat' dir='ltr'>lex,</span> <span class='ocrx_word' id='word_1_792' title='bbox 1101 2759 1198 2791; x_wconf 82' lang='lat' dir='ltr'>quam·</span> <span class='ocrx_word' id='word_1_793' title='bbox 1268 2748 1358 2780; x_wconf 79' lang='lat' dir='ltr'>bitrio</span> <span class='ocrx_word' id='word_1_794' title='bbox 1371 2771 1381 2788; x_wconf 93' lang='lat'>‚</span> <span class='ocrx_word' id='word_1_795' title='bbox 1401 2745 1542 2779; x_wconf 82' lang='lat' dir='ltr'>attrahat</span> <span class='ocrx_word' id='word_1_796' title='bbox 1553 2754 1653 2778; x_wconf 77' lang='lat' dir='ltr'>tamen</span> <span class='ocrx_word' id='word_1_797' title='bbox 1664 2746 1707 2777; x_wconf 90' lang='lat' dir='ltr'>ad</span> <span class='ocrx_word' id='word_1_798' title='bbox 1717 2745 1831 2779; x_wconf 84' lang='lat' dir='ltr'>Filium</span> <span class='ocrx_word' id='word_1_799' title='bbox 1843 2747 1935 2777; x_wconf 85' lang='lat' dir='ltr'>Pater</span> <span class='ocrx_word' id='word_1_800' title='bbox 1947 2768 1958 2785; x_wconf 87' lang='lat'>‚</span> <span class='ocrx_word' id='word_1_801' title='bbox 1979 2742 2017 2784; x_wconf 80' lang='lat' dir='ltr'>fic</span> <span class='ocrx_word' id='word_1_802' title='bbox 2023 2744 2088 2786; x_wconf 77' lang='lat' dir='ltr'>fieri</span> <span class='ocrx_word' id='word_1_803' title='bbox 2095 2751 2149 2784; x_wconf 87' lang='lat' dir='ltr'>po·</span> <span class='ocrx_word' id='word_1_804' title='bbox 2165 2744 2222 2797; x_wconf 70' lang='lat'>84,</span> 
     </span>
     <span class='ocr_line' id='line_1_94' title="bbox 315 2794 2149 2846; baseline -0.008 -6"><span class='ocrx_word' id='word_1_805' title='bbox 315 2814 365 2840; x_wconf 79' lang='lat' dir='ltr'>vis</span> <span class='ocrx_word' id='word_1_806' title='bbox 377 2807 451 2839; x_wconf 87' lang='lat' dir='ltr'>bona</span> <span class='ocrx_word' id='word_1_807' title='bbox 462 2829 472 2844; x_wconf 88' lang='lat'>,</span> <span class='ocrx_word' id='word_1_808' title='bbox 498 2811 585 2846; x_wconf 80' lang='lat' dir='ltr'>auget</span> <span class='ocrx_word' id='word_1_809' title='bbox 594 2799 776 2842; x_wconf 77' lang='lat' dir='ltr'>probibendo</span> <span class='ocrx_word' id='word_1_810' title='bbox 787 2797 957 2839; x_wconf 71' lang='lat' dir='ltr'>desiderium</span> <span class='ocrx_word' id='word_1_811' title='bbox 981 2799 1092 2831; x_wconf 84' lang='lat' dir='ltr'>malum</span> <span class='ocrx_word' id='word_1_812' title='bbox 1105 2824 1114 2839; x_wconf 92' lang='lat'>,</span> <span class='ocrx_word' id='word_1_813' title='bbox 1132 2798 1200 2840; x_wconf 86' lang='lat' dir='ltr'>ficut</span> <span class='ocrx_word' id='word_1_814' title='bbox 1265 2797 1316 2838; x_wconf 75' lang='lat' dir='ltr'>test</span> <span class='ocrx_word' id='word_1_815' title='bbox 1331 2822 1341 2837; x_wconf 92' lang='lat'><em>,</em></span> <span class='ocrx_word' id='word_1_816' title='bbox 1354 2805 1386 2830; x_wconf 86' lang='lat' dir='ltr'>ut</span> <span class='ocrx_word' id='word_1_817' title='bbox 1397 2807 1429 2829; x_wconf 88' lang='lat' dir='ltr'>ea</span> <span class='ocrx_word' id='word_1_818' title='bbox 1442 2821 1452 2836; x_wconf 92' lang='lat'>,</span> <span class='ocrx_word' id='word_1_819' title='bbox 1463 2807 1530 2838; x_wconf 80' lang='lat' dir='ltr'>quae</span> <span class='ocrx_word' id='word_1_820' title='bbox 1541 2796 1636 2840; x_wconf 79' lang='lat' dir='ltr'>legum</span> <span class='ocrx_word' id='word_1_821' title='bbox 1645 2794 1861 2829; x_wconf 74' lang='lat' dir='ltr'>coercitionibus</span> <span class='ocrx_word' id='word_1_822' title='bbox 1874 2795 2080 2830; x_wconf 76' lang='lat' dir='ltr'>admonentur,</span> <span class='ocrx_word' id='word_1_823' title='bbox 2091 2803 2149 2825; x_wconf 83' lang='lat' dir='ltr'>non</span> 
     </span>
     <span class='ocr_line' id='line_1_95' title="bbox 317 2841 2153 2898; baseline -0.007 -11"><span class='ocrx_word' id='word_1_824' title='bbox 317 2868 401 2898; x_wconf 79' lang='lat' dir='ltr'>aquae</span> <span class='ocrx_word' id='word_1_825' title='bbox 421 2862 548 2895; x_wconf 68' lang='lat' dir='ltr'>impetus</span> <span class='ocrx_word' id='word_1_826' title='bbox 563 2877 572 2892; x_wconf 90' lang='lat'>,</span> <span class='ocrx_word' id='word_1_827' title='bbox 607 2863 616 2884; x_wconf 83' lang='lat' dir='ltr'>t</span> <span class='ocrx_word' id='word_1_828' title='bbox 638 2857 670 2884; x_wconf 88' lang='lat' dir='ltr'>in</span> <span class='ocrx_word' id='word_1_829' title='bbox 689 2857 882 2890; x_wconf 80' lang='lat' dir='ltr'>campartem</span> <span class='ocrx_word' id='word_1_830' title='bbox 892 2859 948 2881; x_wconf 84' lang='lat' dir='ltr'>non</span> <span class='ocrx_word' id='word_1_831' title='bbox 959 2850 1036 2891; x_wconf 73' lang='lat' dir='ltr'>ceffi’t</span> <span class='ocrx_word' id='word_1_832' title='bbox 1046 2848 1165 2889; x_wconf 61' lang='lat' dir='ltr'>influere</span> <span class='ocrx_word' id='word_1_833' title='bbox 1190 2873 1200 2889; x_wconf 87' lang='lat'>‚</span> <span class='ocrx_word' id='word_1_834' title='bbox 1265 2847 1406 2889; x_wconf 86' lang='lat' dir='ltr'>auferant</span> <span class='ocrx_word' id='word_1_835' title='bbox 1428 2846 1549 2879; x_wconf 77' lang='lat' dir='ltr'>liberum</span> <span class='ocrx_word' id='word_1_836' title='bbox 1569 2845 1727 2878; x_wconf 79' lang='lat' dir='ltr'>arbitrium</span> <span class='ocrx_word' id='word_1_837' title='bbox 1749 2869 1756 2877; x_wconf 92' lang='lat'><strong>.</strong></span> <span class='ocrx_word' id='word_1_838' title='bbox 1783 2844 1949 2889; x_wconf 70' lang='lat' dir='ltr'>‚Quidquid</span> <span class='ocrx_word' id='word_1_839' title='bbox 1967 2848 2046 2877; x_wconf 77' lang='lat' dir='ltr'>enim</span> <span class='ocrx_word' id='word_1_840' title='bbox 2067 2841 2153 2876; x_wconf 72' lang='lat' dir='ltr'>bomo,</span> 
     </span>
     <span class='ocr_line' id='line_1_96' title="bbox 318 2895 2152 2944; baseline -0.009 -4"><span class='ocrx_word' id='word_1_841' title='bbox 318 2905 515 2939; x_wconf 80' lang='lat' dir='ltr'>vehementior</span> <span class='ocrx_word' id='word_1_842' title='bbox 524 2901 559 2944; x_wconf 78' lang='lat' dir='ltr'>fit</span> <span class='ocrx_word' id='word_1_843' title='bbox 570 2902 645 2933; x_wconf 83' lang='lat' dir='ltr'>obice</span> <span class='ocrx_word' id='word_1_844' title='bbox 655 2898 775 2941; x_wconf 78' lang='lat' dir='ltr'>opposito</span> <span class='ocrx_word' id='word_1_845' title='bbox 785 2922 794 2937; x_wconf 93' lang='lat'>,</span> <span class='ocrx_word' id='word_1_846' title='bbox 819 2901 903 2940; x_wconf 80' lang='lat' dir='ltr'>cujus</span> <span class='ocrx_word' id='word_1_847' title='bbox 916 2899 1016 2930; x_wconf 85' lang='lat' dir='ltr'>molem</span> <span class='ocrx_word' id='word_1_848' title='bbox 1034 2900 1099 2930; x_wconf 74' lang='lat' dir='ltr'>cum</span> <span class='ocrx_word' id='word_1_849' title='bbox 1110 2905 1200 2932; x_wconf 76' lang='lat' dir='ltr'>evice-</span> <span class='ocrx_word' id='word_1_850' title='bbox 1266 2899 1369 2930; x_wconf 85' lang='lat' dir='ltr'>durum</span> <span class='ocrx_word' id='word_1_851' title='bbox 1381 2908 1413 2929; x_wconf 89' lang='lat' dir='ltr'>ac</span> <span class='ocrx_word' id='word_1_852' title='bbox 1424 2895 1567 2935; x_wconf 79' lang='lat' dir='ltr'>molestum</span> <span class='ocrx_word' id='word_1_853' title='bbox 1576 2901 1692 2936; x_wconf 81' lang='lat' dir='ltr'>patitur</span> <span class='ocrx_word' id='word_1_854' title='bbox 1702 2920 1713 2935; x_wconf 88' lang='lat'><strong>,</strong></span> <span class='ocrx_word' id='word_1_855' title='bbox 1736 2896 1911 2928; x_wconf 80' lang='lat' dir='ltr'>admonetur</span> <span class='ocrx_word' id='word_1_856' title='bbox 1922 2902 1956 2926; x_wconf 85' lang='lat' dir='ltr'>ut</span> <span class='ocrx_word' id='word_1_857' title='bbox 1967 2898 2070 2936; x_wconf 84' lang='lat' dir='ltr'>cogitet</span> <span class='ocrx_word' id='word_1_858' title='bbox 2079 2903 2152 2934; x_wconf 86' lang='lat' dir='ltr'>qua-</span> 
     </span>
     <span class='ocr_line' id='line_1_97' title="bbox 319 2942 2156 2994; baseline -0.007 -7"><span class='ocrx_word' id='word_1_859' title='bbox 319 2962 358 2987; x_wconf 82' lang='lat' dir='ltr'>rit</span> <span class='ocrx_word' id='word_1_860' title='bbox 371 2980 381 2994; x_wconf 83' lang='lat'>‚</span> <span class='ocrx_word' id='word_1_861' title='bbox 408 2955 513 2992; x_wconf 76' lang='lat' dir='ltr'>majori</span> <span class='ocrx_word' id='word_1_862' title='bbox 524 2953 634 2983; x_wconf 83' lang='lat' dir='ltr'>cumulo</span> <span class='ocrx_word' id='word_1_863' title='bbox 642 2956 850 2992; x_wconf 77' lang='lat' dir='ltr'>praecipitatus</span> <span class='ocrx_word' id='word_1_864' title='bbox 865 2973 874 2987; x_wconf 92' lang='lat'>‚</span> <span class='ocrx_word' id='word_1_865' title='bbox 902 2949 1049 2980; x_wconf 78' lang='lat' dir='ltr'>violentus</span> <span class='ocrx_word' id='word_1_866' title='bbox 1065 2957 1121 2989; x_wconf 78' lang='lat' dir='ltr'>per</span> <span class='ocrx_word' id='word_1_867' title='bbox 1128 2956 1201 2990; x_wconf 83' lang='lat' dir='ltr'>pro·</span> <span class='ocrx_word' id='word_1_868' title='bbox 1263 2959 1295 2981; x_wconf 82' lang='lat' dir='ltr'>re</span> <span class='ocrx_word' id='word_1_869' title='bbox 1313 2947 1470 2988; x_wconf 72' lang='lat' dir='ltr'>patiatur:</span> <span class='ocrx_word' id='word_1_870' title='bbox 1500 2949 1536 2977; x_wconf 81' lang='lat' dir='ltr'>Ut</span> <span class='ocrx_word' id='word_1_871' title='bbox 1545 2944 1574 2986; x_wconf 81' lang='lat' dir='ltr'><em>fi</em></span> <span class='ocrx_word' id='word_1_872' title='bbox 1578 2954 1635 2987; x_wconf 86' lang='lat' dir='ltr'>pro</span> <span class='ocrx_word' id='word_1_873' title='bbox 1639 2945 1771 2989; x_wconf 82' lang='lat' dir='ltr'>Justitia</span> <span class='ocrx_word' id='word_1_874' title='bbox 1777 2943 1808 2988; x_wconf 65' lang='lat' dir='ltr'>fit</span> <span class='ocrx_word' id='word_1_875' title='bbox 1813 2949 1883 2986; x_wconf 89' lang='lat' dir='ltr'>pati</span> <span class='ocrx_word' id='word_1_876' title='bbox 1893 2942 2077 2985; x_wconf 81' lang='lat' dir='ltr'>perspexerit</span> <span class='ocrx_word' id='word_1_877' title='bbox 2090 2966 2100 2982; x_wconf 91' lang='lat'>‚</span> <span class='ocrx_word' id='word_1_878' title='bbox 2116 2942 2156 2974; x_wconf 72' lang='lat' dir='ltr'>idv</span> 
     </span>
     <span class='ocr_line' id='line_1_98' title="bbox 147 2989 2154 3062; baseline -0.007 -24"><span class='ocrx_word' id='word_1_879' title='bbox 147 3016 205 3059; x_wconf 43' lang='lat' dir='ltr'>Ep·</span> <span class='ocrx_word' id='word_1_880' title='bbox 224 3024 300 3062; x_wconf 83' lang='lat'>¹44-</span> <span class='ocrx_word' id='word_1_881' title='bbox 322 3017 360 3037; x_wconf 84' lang='lat' dir='ltr'>na</span> <span class='ocrx_word' id='word_1_882' title='bbox 370 3005 574 3046; x_wconf 67' lang='lat' dir='ltr'>provolvitur.</span> <span class='ocrx_word' id='word_1_883' title='bbox 603 3001 645 3034; x_wconf 82' lang='lat' dir='ltr'>Er</span> <span class='ocrx_word' id='word_1_884' title='bbox 660 3002 692 3033; x_wconf 86' lang='lat' dir='ltr'>in</span> <span class='ocrx_word' id='word_1_885' title='bbox 708 3000 809 3032; x_wconf 87' lang='lat' dir='ltr'>literis</span> <span class='ocrx_word' id='word_1_886' title='bbox 831 2999 871 3032; x_wconf 83' lang='lat' dir='ltr'>ad</span> <span class='ocrx_word' id='word_1_887' title='bbox 886 2998 1089 3031; x_wconf 83' lang='lat' dir='ltr'>Anastafium</span> <span class='ocrx_word' id='word_1_888' title='bbox 1104 3012 1114 3031; x_wconf 90' lang='lat'>.·</span> <span class='ocrx_word' id='word_1_889' title='bbox 1139 3002 1201 3031; x_wconf 71' lang='lat' dir='ltr'>Par·</span> <span class='ocrx_word' id='word_1_890' title='bbox 1265 2997 1361 3040; x_wconf 86' lang='lat' dir='ltr'>ipsum</span> <span class='ocrx_word' id='word_1_891' title='bbox 1373 2997 1478 3029; x_wconf 85' lang='lat' dir='ltr'>bonum</span> <span class='ocrx_word' id='word_1_892' title='bbox 1490 2996 1642 3039; x_wconf 84' lang='lat' dir='ltr'>eligatpro</span> <span class='ocrx_word' id='word_1_893' title='bbox 1656 2994 1788 3038; x_wconf 73' lang='lat' dir='ltr'>justitia</span> <span class='ocrx_word' id='word_1_894' title='bbox 1798 2992 2037 3036; x_wconf 65' lang='lat' dir='ltr'>tal‘iasustinere;</span> <span class='ocrx_word' id='word_1_895' title='bbox 2058 2989 2090 3032; x_wconf 85' lang='lat' dir='ltr'><em>fi</em></span> <span class='ocrx_word' id='word_1_896' title='bbox 2103 3003 2154 3024; x_wconf 76' lang='lat' dir='ltr'>au-</span> 
     </span>
    </p>
   </div>
   <div class='ocr_carea' id='block_1_13' title="bbox 1260 3040 2324 3582">
    <p class='ocr_par' dir='ltr' id='par_1_17' title="bbox 1260 3040 2156 3140">
     <span class='ocr_line' id='line_1_99' title="bbox 1266 3040 2155 3089; baseline -0.006 -9"><span class='ocrx_word' id='word_1_897' title='bbox 1266 3057 1324 3080; x_wconf 86' lang='lat' dir='ltr'>tem</span> <span class='ocrx_word' id='word_1_898' title='bbox 1340 3049 1457 3080; x_wconf 82' lang='lat' dir='ltr'>viderit</span> <span class='ocrx_word' id='word_1_899' title='bbox 1469 3051 1657 3088; x_wconf 83' lang='lat' dir='ltr'>iniquitatem</span> <span class='ocrx_word' id='word_1_900' title='bbox 1668 3046 1720 3089; x_wconf 82' lang='lat' dir='ltr'>effe</span> <span class='ocrx_word' id='word_1_901' title='bbox 1730 3069 1741 3085; x_wconf 93' lang='lat'>,</span> <span class='ocrx_word' id='word_1_902' title='bbox 1762 3053 1820 3086; x_wconf 89' lang='lat' dir='ltr'>pro</span> <span class='ocrx_word' id='word_1_903' title='bbox 1831 3055 1898 3085; x_wconf 86' lang='lat' dir='ltr'>quae</span> <span class='ocrx_word' id='word_1_904' title='bbox 1906 3049 2024 3084; x_wconf 82' lang='lat' dir='ltr'>patitur</span> <span class='ocrx_word' id='word_1_905' title='bbox 2035 3067 2046 3083; x_wconf 85' lang='lat'><em>,</em></span> <span class='ocrx_word' id='word_1_906' title='bbox 2066 3040 2155 3085; x_wconf 78' lang='lat' dir='ltr'>sein-</span> 
     </span>
     <span class='ocr_line' id='line_1_100' title="bbox 1260 3093 2156 3140; baseline -0.004 -10"><span class='ocrx_word' id='word_1_907' title='bbox 1260 3096 1476 3140; x_wconf 68' lang='lat' dir='ltr'>fruc‘luofifflme</span> <span class='ocrx_word' id='word_1_908' title='bbox 1486 3095 1621 3128; x_wconf 81' lang='lat' dir='ltr'>laborare</span> <span class='ocrx_word' id='word_1_909' title='bbox 1631 3104 1719 3137; x_wconf 80' lang='lat' dir='ltr'>atque</span> <span class='ocrx_word' id='word_1_910' title='bbox 1730 3099 1851 3128; x_wconf 81' lang='lat' dir='ltr'>cruciari</span> <span class='ocrx_word' id='word_1_911' title='bbox 1862 3093 2043 3134; x_wconf 80' lang='lat' dir='ltr'>considerans</span> <span class='ocrx_word' id='word_1_912' title='bbox 2055 3116 2066 3132; x_wconf 89' lang='lat'><strong>,</strong></span> <span class='ocrx_word' id='word_1_913' title='bbox 2091 3102 2156 3126; x_wconf 69' lang='lat' dir='ltr'>mn·</span> 
     </span>
    </p>

    <p class='ocr_par' dir='ltr' id='par_1_18' title="bbox 1260 3141 2321 3289">
     <span class='ocr_line' id='line_1_101' title="bbox 1266 3141 2311 3188; baseline -0.008 -7"><span class='ocrx_word' id='word_1_914' title='bbox 1266 3157 1310 3181; x_wconf 84' lang='lat' dir='ltr'>tet</span> <span class='ocrx_word' id='word_1_915' title='bbox 1321 3154 1354 3179; x_wconf 82' lang='lat' dir='ltr'>in</span> <span class='ocrx_word' id='word_1_916' title='bbox 1366 3148 1467 3179; x_wconf 80' lang='lat' dir='ltr'>melius</span> <span class='ocrx_word' id='word_1_917' title='bbox 1481 3146 1665 3178; x_wconf 82' lang='lat' dir='ltr'>voluntatem</span> <span class='ocrx_word' id='word_1_918' title='bbox 1674 3169 1684 3185; x_wconf 90' lang='lat'><strong><em>‚</em></strong></span> <span class='ocrx_word' id='word_1_919' title='bbox 1706 3144 1849 3186; x_wconf 84' lang='lat' dir='ltr'>fimulque</span> <span class='ocrx_word' id='word_1_920' title='bbox 1859 3151 1959 3176; x_wconf 85' lang='lat' dir='ltr'>careat</span> <span class='ocrx_word' id='word_1_921' title='bbox 1979 3145 2013 3177; x_wconf 65' lang='grc' dir='ltr'><strong>Θ</strong></span> <span class='ocrx_word' id='word_1_922' title='bbox 2025 3141 2153 3181; x_wconf 78' lang='lat' dir='ltr'>molestia</span> <span class='ocrx_word' id='word_1_923' title='bbox 2304 3178 2311 3188; x_wconf 41' lang='lat'>¹</span> 
     </span>
     <span class='ocr_line' id='line_1_102' title="bbox 1260 3190 2321 3239; baseline -0.003 -9"><span class='ocrx_word' id='word_1_924' title='bbox 1260 3197 1352 3237; x_wconf 68' lang='lat' dir='ltr'>sterili</span> <span class='ocrx_word' id='word_1_925' title='bbox 1372 3222 1382 3237; x_wconf 93' lang='lat'>‚</span> <span class='ocrx_word' id='word_1_926' title='bbox 1409 3198 1443 3231; x_wconf 67' lang='lat' dir='ltr'>ts·</span> <span class='ocrx_word' id='word_1_927' title='bbox 1464 3194 1531 3238; x_wconf 79' lang='lat' dir='ltr'>ipsa</span> <span class='ocrx_word' id='word_1_928' title='bbox 1551 3201 1710 3237; x_wconf 73' lang='lat' dir='ltr'>iniquitate</span> <span class='ocrx_word' id='word_1_929' title='bbox 1732 3219 1739 3226; x_wconf 94' lang='lat'><em>.</em></span> <span class='ocrx_word' id='word_1_930' title='bbox 1778 3193 1880 3239; x_wconf 86' lang='lat' dir='ltr'>Qod</span> <span class='ocrx_word' id='word_1_931' title='bbox 1904 3194 2008 3236; x_wconf 85' lang='lat' dir='ltr'>ipsum</span> <span class='ocrx_word' id='word_1_932' title='bbox 2027 3193 2100 3238; x_wconf 71' lang='lat' dir='ltr'>aliis</span> <span class='ocrx_word' id='word_1_933' title='bbox 2117 3190 2151 3224; x_wconf 75' lang='grc' dir='ltr'>δε</span> <span class='ocrx_word' id='word_1_934' title='bbox 2166 3191 2243 3231; x_wconf 34' lang='lat' dir='ltr'>Libe</span> <span class='ocrx_word' id='word_1_935' title='bbox 2253 3203 2281 3232; x_wconf 65' lang='lat' dir='ltr'>1,v</span> <span class='ocrx_word' id='word_1_936' title='bbox 2291 3201 2321 3237; x_wconf 71' lang='lat'>⁶.-</span> 
     </span>
     <span class='ocr_line' id='line_1_103' title="bbox 1267 3241 2223 3289; baseline -0.007 -8"><span class='ocrx_word' id='word_1_937' title='bbox 1267 3248 1337 3281; x_wconf 87' lang='lat' dir='ltr'>aliis</span> <span class='ocrx_word' id='word_1_938' title='bbox 1348 3245 1450 3281; x_wconf 87' lang='lat' dir='ltr'>verbi-s</span> <span class='ocrx_word' id='word_1_939' title='bbox 1463 3245 1571 3279; x_wconf 86' lang='lat' dir='ltr'>scribit</span> <span class='ocrx_word' id='word_1_940' title='bbox 1582 3244 1679 3279; x_wconf 86' lang='lat' dir='ltr'>etiam</span> <span class='ocrx_word' id='word_1_941' title='bbox 1693 3245 1726 3277; x_wconf 86' lang='lat' dir='ltr'>in</span> <span class='ocrx_word' id='word_1_942' title='bbox 1740 3243 1830 3278; x_wconf 88' lang='lat' dir='ltr'>libris</span> <span class='ocrx_word' id='word_1_943' title='bbox 1841 3243 1992 3278; x_wconf 74' lang='lat' dir='ltr'>adversus</span> <span class='ocrx_word' id='word_1_944' title='bbox 2003 3241 2152 3276; x_wconf 82' lang='lat' dir='ltr'>Gauden-</span> <span class='ocrx_word' id='word_1_945' title='bbox 2169 3253 2223 3289; x_wconf 82' lang='lat'>15.</span> 
     </span>
    </p>

    <p class='ocr_par' dir='ltr' id='par_1_19' title="bbox 1267 3286 2324 3580">
     <span class='ocr_line' id='line_1_104' title="bbox 1267 3286 2319 3337; baseline -0.009 -7"><span class='ocrx_word' id='word_1_946' title='bbox 1267 3298 1347 3331; x_wconf 83' lang='lat' dir='ltr'>tium</span> <span class='ocrx_word' id='word_1_947' title='bbox 1371 3321 1382 3336; x_wconf 90' lang='lat'><strong>,</strong></span> <span class='ocrx_word' id='word_1_948' title='bbox 1409 3297 1444 3329; x_wconf 89' lang='lat' dir='ltr'>in</span> <span class='ocrx_word' id='word_1_949' title='bbox 1478 3296 1579 3329; x_wconf 72' lang='lat' dir='ltr'>literis</span> <span class='ocrx_word' id='word_1_950' title='bbox 1605 3294 1646 3328; x_wconf 86' lang='lat' dir='ltr'>ad</span> <span class='ocrx_word' id='word_1_951' title='bbox 1666 3294 1884 3328; x_wconf 90' lang='lat' dir='ltr'>Vincentium</span> <span class='ocrx_word' id='word_1_952' title='bbox 1909 3292 2150 3337; x_wconf 83' lang='lat' dir='ltr'>Rogatistarum</span> <span class='ocrx_word' id='word_1_953' title='bbox 2167 3293 2227 3334; x_wconf 84' lang='lat' dir='ltr'>Ep.</span> <span class='ocrx_word' id='word_1_954' title='bbox 2262 3286 2319 3337; x_wconf 78' lang='lat'>48.</span> 
     </span>
     <span class='ocr_line' id='line_1_105' title="bbox 1271 3339 2323 3390; baseline -0.009 -10"><span class='ocrx_word' id='word_1_955' title='bbox 1271 3348 1465 3390; x_wconf 84' lang='lat' dir='ltr'>Episcopum</span> <span class='ocrx_word' id='word_1_956' title='bbox 1498 3345 1756 3379; x_wconf 84' lang='lat' dir='ltr'>Cartennensem</span> <span class='ocrx_word' id='word_1_957' title='bbox 1788 3356 1797 3385; x_wconf 91' lang='lat'>;</span> <span class='ocrx_word' id='word_1_958' title='bbox 1837 3344 1870 3377; x_wconf 89' lang='lat' dir='ltr'>in</span> <span class='ocrx_word' id='word_1_959' title='bbox 1894 3343 1983 3377; x_wconf 86' lang='lat' dir='ltr'>libris</span> <span class='ocrx_word' id='word_1_960' title='bbox 2004 3339 2152 3375; x_wconf 78' lang='lat' dir='ltr'>adversus</span> <span class='ocrx_word' id='word_1_961' title='bbox 2167 3339 2241 3376; x_wconf 86' lang='lat' dir='ltr'>Lib.</span> <span class='ocrx_word' id='word_1_962' title='bbox 2255 3349 2323 3387; x_wconf 61' lang='lat'>32⁶·</span> 
     </span>
     <span class='ocr_line' id='line_1_106' title="bbox 1269 3390 2223 3437; baseline -0.007 -6"><span class='ocrx_word' id='word_1_963' title='bbox 1269 3396 1483 3431; x_wconf 89' lang='lat' dir='ltr'>Cresconium</span> <span class='ocrx_word' id='word_1_964' title='bbox 1495 3420 1506 3436; x_wconf 92' lang='lat'>,</span> <span class='ocrx_word' id='word_1_965' title='bbox 1528 3396 1562 3428; x_wconf 89' lang='lat' dir='ltr'>in</span> <span class='ocrx_word' id='word_1_966' title='bbox 1575 3394 1676 3427; x_wconf 88' lang='lat' dir='ltr'>literis</span> <span class='ocrx_word' id='word_1_967' title='bbox 1690 3394 1729 3428; x_wconf 83' lang='lat' dir='ltr'>ad</span> <span class='ocrx_word' id='word_1_968' title='bbox 1742 3395 1913 3428; x_wconf 82' lang='lat' dir='ltr'>Donatum</span> <span class='ocrx_word' id='word_1_969' title='bbox 1925 3390 2151 3432; x_wconf 85' lang='lat' dir='ltr'>Presbyterum</span> <span class='ocrx_word' id='word_1_970' title='bbox 2168 3401 2223 3437; x_wconf 81' lang='lat'>51.</span> 
     </span>
     <span class='ocr_line' id='line_1_107' title="bbox 1269 3439 2318 3489; baseline -0.007 -8"><span class='ocrx_word' id='word_1_971' title='bbox 1269 3447 1479 3481; x_wconf 84' lang='lat' dir='ltr'>Donatistam</span> <span class='ocrx_word' id='word_1_972' title='bbox 1490 3470 1501 3486; x_wconf 88' lang='lat'><strong>,</strong></span> <span class='ocrx_word' id='word_1_973' title='bbox 1529 3446 1563 3478; x_wconf 90' lang='lat' dir='ltr'>in</span> <span class='ocrx_word' id='word_1_974' title='bbox 1578 3443 1678 3477; x_wconf 83' lang='lat' dir='ltr'>literis</span> <span class='ocrx_word' id='word_1_975' title='bbox 1689 3444 1728 3478; x_wconf 86' lang='lat' dir='ltr'>ad</span> <span class='ocrx_word' id='word_1_976' title='bbox 1741 3439 2153 3489; x_wconf 27' lang='lat' dir='ltr'>DulcitiumlNota-riorum</span> <span class='ocrx_word' id='word_1_977' title='bbox 2171 3441 2228 3484; x_wconf 87' lang='lat' dir='ltr'>Ep.</span> <span class='ocrx_word' id='word_1_978' title='bbox 2241 3447 2318 3484; x_wconf 86' lang='lat'><em>204.</em></span> 
     </span>
     <span class='ocr_line' id='line_1_108' title="bbox 1270 3488 2324 3580; baseline -0.005 -50"><span class='ocrx_word' id='word_1_979' title='bbox 1270 3497 1486 3540; x_wconf 84' lang='lat' dir='ltr'>Tribunum,</span> <span class='ocrx_word' id='word_1_980' title='bbox 1513 3494 1547 3532; x_wconf 69' lang='grc' dir='ltr'>δε</span> <span class='ocrx_word' id='word_1_981' title='bbox 1569 3493 1647 3532; x_wconf 84' lang='lat' dir='ltr'>alibi</span> <span class='ocrx_word' id='word_1_982' title='bbox 1666 3495 1868 3545; x_wconf 70' lang='lat' dir='ltr'>frequenter.</span> <span class='ocrx_word' id='word_1_983' title='bbox 1896 3492 1936 3527; x_wconf 85' lang='lat' dir='ltr'>ln</span> <span class='ocrx_word' id='word_1_984' title='bbox 1955 3489 2155 3580; x_wconf 63' lang='lat' dir='ltr'>horsnineper</span> <span class='ocrx_word' id='word_1_985' title='bbox 2172 3490 2233 3540; x_wconf 48' lang='lat' dir='ltr'>EF&amp;</span> <span class='ocrx_word' id='word_1_986' title='bbox 2266 3488 2324 3529; x_wconf 74' lang='lat'>61.</span> 
     </span>
    </p>

    <p class='ocr_par' dir='ltr' id='par_1_20' title="bbox 2019 3551 2099 3582">
     <span class='ocr_line' id='line_1_109' title="bbox 2019 3551 2099 3582; baseline -0.013 -4"><span class='ocrx_word' id='word_1_987' title='bbox 2019 3551 2099 3582; x_wconf 57' lang='lat' dir='ltr'>etin!</span> 
     </span>
    </p>
   </div>
   <div class='ocr_carea' id='block_1_14' title="bbox 152 3049 1228 3546">
    <p class='ocr_par' dir='ltr' id='par_1_21' title="bbox 152 3049 1228 3546">
     <span class='ocr_line' id='line_1_110' title="bbox 322 3049 1200 3094; baseline -0.003 -10"><span class='ocrx_word' id='word_1_988' title='bbox 322 3067 370 3088; x_wconf 79' lang='lat' dir='ltr'>nae</span> <span class='ocrx_word' id='word_1_989' title='bbox 390 3058 512 3094; x_wconf 82' lang='lat' dir='ltr'>corporis</span> <span class='ocrx_word' id='word_1_990' title='bbox 526 3075 536 3090; x_wconf 84' lang='lat'>‚</span> <span class='ocrx_word' id='word_1_991' title='bbox 562 3050 615 3090; x_wconf 73' lang='lat' dir='ltr'>etl?</span> <span class='ocrx_word' id='word_1_992' title='bbox 623 3061 678 3083; x_wconf 84' lang='lat' dir='ltr'>non</span> <span class='ocrx_word' id='word_1_993' title='bbox 688 3053 707 3082; x_wconf 77' lang='grc' dir='ltr'><em>ἃ</em></span> <span class='ocrx_word' id='word_1_994' title='bbox 720 3051 873 3082; x_wconf 82' lang='lat' dir='ltr'>voluntate</span> <span class='ocrx_word' id='word_1_995' title='bbox 883 3071 893 3086; x_wconf 89' lang='lat'>,</span> <span class='ocrx_word' id='word_1_996' title='bbox 918 3058 1019 3080; x_wconf 82' lang='lat' dir='ltr'>tamen</span> <span class='ocrx_word' id='word_1_997' title='bbox 1032 3058 1150 3080; x_wconf 83' lang='lat' dir='ltr'>revocat</span> <span class='ocrx_word' id='word_1_998' title='bbox 1163 3049 1200 3081; x_wconf 87' lang='lat' dir='ltr'>ab</span> 
     </span>
     <span class='ocr_line' id='line_1_111' title="bbox 323 3098 1202 3146; baseline -0.007 -9"><span class='ocrx_word' id='word_1_999' title='bbox 323 3113 405 3146; x_wconf 80' lang='lat' dir='ltr'>opere</span> <span class='ocrx_word' id='word_1_1000' title='bbox 414 3106 525 3143; x_wconf 75' lang='lat' dir='ltr'>peccati</span> <span class='ocrx_word' id='word_1_1001' title='bbox 538 3124 544 3131; x_wconf 92' lang='lat'>.</span> <span class='ocrx_word' id='word_1_1002' title='bbox 573 3105 637 3132; x_wconf 83' lang='lat' dir='ltr'>Nec</span> <span class='ocrx_word' id='word_1_1003' title='bbox 646 3100 741 3141; x_wconf 74' lang='lat' dir='ltr'>facile</span> <span class='ocrx_word' id='word_1_1004' title='bbox 751 3098 904 3142; x_wconf 78' lang='lat' dir='ltr'>quisquam</span> <span class='ocrx_word' id='word_1_1005' title='bbox 915 3098 953 3138; x_wconf 78' lang='lat' dir='ltr'>est</span> <span class='ocrx_word' id='word_1_1006' title='bbox 965 3103 1016 3140; x_wconf 85' lang='lat' dir='ltr'>qui</span> <span class='ocrx_word' id='word_1_1007' title='bbox 1027 3104 1202 3137; x_wconf 76' lang='lat' dir='ltr'>committat,</span> 
     </span>
     <span class='ocr_line' id='line_1_112' title="bbox 324 3148 1208 3197; baseline -0.008 -11"><span class='ocrx_word' id='word_1_1008' title='bbox 324 3166 380 3197; x_wconf 87' lang='lat' dir='ltr'>quo</span> <span class='ocrx_word' id='word_1_1009' title='bbox 403 3151 535 3184; x_wconf 83' lang='lat' dir='ltr'>illicitam</span> <span class='ocrx_word' id='word_1_1010' title='bbox 556 3151 589 3182; x_wconf 66' lang='grc'>(9·</span> <span class='ocrx_word' id='word_1_1011' title='bbox 600 3151 787 3182; x_wconf 86' lang='lat' dir='ltr'>immundam</span> <span class='ocrx_word' id='word_1_1012' title='bbox 794 3153 943 3190; x_wconf 83' lang='lat' dir='ltr'>percipiat</span> <span class='ocrx_word' id='word_1_1013' title='bbox 953 3148 1136 3188; x_wconf 85' lang='lat' dir='ltr'>voluptatem</span> <span class='ocrx_word' id='word_1_1014' title='bbox 1149 3172 1160 3187; x_wconf 88' lang='lat'>,</span> <span class='ocrx_word' id='word_1_1015' title='bbox 1179 3148 1208 3189; x_wconf 86' lang='lat' dir='ltr'><em>fi</em></span> 
     </span>
     <span class='ocr_line' id='line_1_113' title="bbox 323 3197 1204 3241; baseline -0.008 -3"><span class='ocrx_word' id='word_1_1016' title='bbox 323 3209 467 3238; x_wconf 85' lang='lat' dir='ltr'>cruciatus</span> <span class='ocrx_word' id='word_1_1017' title='bbox 482 3198 623 3233; x_wconf 61' lang='lat' dir='ltr'>vinditia-</span> <span class='ocrx_word' id='word_1_1018' title='bbox 636 3208 744 3231; x_wconf 83' lang='lat' dir='ltr'>certum</span> <span class='ocrx_word' id='word_1_1019' title='bbox 755 3198 791 3238; x_wconf 87' lang='lat' dir='ltr'>est</span> <span class='ocrx_word' id='word_1_1020' title='bbox 801 3197 1092 3241; x_wconf 40' lang='lat' dir='ltr'>continuo-secuturos</span> <span class='ocrx_word' id='word_1_1021' title='bbox 1105 3223 1111 3230; x_wconf 94' lang='lat'><strong><em>.</em></strong></span> <span class='ocrx_word' id='word_1_1022' title='bbox 1127 3201 1204 3232; x_wconf 77' lang='lat' dir='ltr'>Hinc</span> 
     </span>
     <span class='ocr_line' id='line_1_114' title="bbox 323 3248 1204 3292; baseline -0.005 -9"><span class='ocrx_word' id='word_1_1023' title='bbox 323 3256 372 3289; x_wconf 59' lang='lat' dir='ltr'>ille</span> <span class='ocrx_word' id='word_1_1024' title='bbox 392 3252 429 3292; x_wconf 82' lang='lat' dir='ltr'>est</span> <span class='ocrx_word' id='word_1_1025' title='bbox 450 3249 630 3292; x_wconf 77' lang='lat' dir='ltr'>nequissimus</span> <span class='ocrx_word' id='word_1_1026' title='bbox 643 3273 652 3288; x_wconf 89' lang='lat'>‚</span> <span class='ocrx_word' id='word_1_1027' title='bbox 679 3260 764 3289; x_wconf 80' lang='lat' dir='ltr'>quem</span> <span class='ocrx_word' id='word_1_1028' title='bbox 772 3260 823 3281; x_wconf 87' lang='lat' dir='ltr'>nec</span> <span class='ocrx_word' id='word_1_1029' title='bbox 830 3257 928 3290; x_wconf 68' lang='grc' dir='ltr'>ραι-ηα-</span> <span class='ocrx_word' id='word_1_1030' title='bbox 939 3248 1099 3289; x_wconf 82' lang='lat' dir='ltr'>corporales</span> <span class='ocrx_word' id='word_1_1031' title='bbox 1113 3249 1204 3281; x_wconf 81' lang='lat' dir='ltr'>deter-</span> 
     </span>
     <span class='ocr_line' id='line_1_115' title="bbox 323 3296 1204 3342; baseline -0.007 -5"><span class='ocrx_word' id='word_1_1032' title='bbox 323 3311 389 3337; x_wconf 71' lang='lat' dir='ltr'>rent</span> <span class='ocrx_word' id='word_1_1033' title='bbox 400 3299 574 3342; x_wconf 80' lang='lat' dir='ltr'>aboperibus</span> <span class='ocrx_word' id='word_1_1034' title='bbox 583 3296 714 3339; x_wconf 38' lang='lat' dir='ltr'>sordidae</span> <span class='ocrx_word' id='word_1_1035' title='bbox 727 3300 890 3339; x_wconf 70' lang='lat' dir='ltr'>voluptatIs</span> <span class='ocrx_word' id='word_1_1036' title='bbox 910 3324 916 3331; x_wconf 95' lang='lat'>.</span> <span class='ocrx_word' id='word_1_1037' title='bbox 953 3298 995 3331; x_wconf 88' lang='lat' dir='ltr'>Et</span> <span class='ocrx_word' id='word_1_1038' title='bbox 1007 3299 1038 3330; x_wconf 89' lang='lat' dir='ltr'>in</span> <span class='ocrx_word' id='word_1_1039' title='bbox 1054 3298 1204 3331; x_wconf 83' lang='lat' dir='ltr'>sermoni-</span> 
     </span>
     <span class='ocr_line' id='line_1_116' title="bbox 176 3346 1205 3411; baseline -0.007 -24"><span class='ocrx_word' id='word_1_1040' title='bbox 176 3368 231 3401; x_wconf 65' lang='lat' dir='ltr'>Ser</span> <span class='ocrx_word' id='word_1_1041' title='bbox 274 3374 305 3411; x_wconf 70' lang='lat'>4⁸</span> <span class='ocrx_word' id='word_1_1042' title='bbox 325 3355 383 3388; x_wconf 91' lang='lat' dir='ltr'>bus</span> <span class='ocrx_word' id='word_1_1043' title='bbox 401 3352 440 3385; x_wconf 91' lang='lat' dir='ltr'>de</span> <span class='ocrx_word' id='word_1_1044' title='bbox 454 3350 556 3384; x_wconf 84' lang='lat' dir='ltr'>verbis</span> <span class='ocrx_word' id='word_1_1045' title='bbox 570 3348 720 3389; x_wconf 80' lang='lat' dir='ltr'>Apostoli</span> <span class='ocrx_word' id='word_1_1046' title='bbox 738 3361 744 3378; x_wconf 80' lang='lat' dir='ltr'>z</span> <span class='ocrx_word' id='word_1_1047' title='bbox 775 3352 870 3380; x_wconf 82' lang='lat' dir='ltr'>Minor</span> <span class='ocrx_word' id='word_1_1048' title='bbox 881 3359 947 3380; x_wconf 84' lang='lat' dir='ltr'>erat</span> <span class='ocrx_word' id='word_1_1049' title='bbox 957 3346 1183 3389; x_wconf 75' lang='lat' dir='ltr'>concupiscentia</span> <span class='ocrx_word' id='word_1_1050' title='bbox 1196 3374 1205 3389; x_wconf 87' lang='lat'>,</span> 
     </span>
     <span class='ocr_line' id='line_1_117' title="bbox 173 3391 1206 3450; baseline -0.008 -14"><span class='ocrx_word' id='word_1_1051' title='bbox 173 3429 186 3450; x_wconf 65' lang='lat'><strong><em>3</em></strong></span> <span class='ocrx_word' id='word_1_1052' title='bbox 233 3391 240 3398; x_wconf 90' lang='lat'><strong>·</strong></span> <span class='ocrx_word' id='word_1_1053' title='bbox 326 3404 443 3446; x_wconf 84' lang='lat' dir='ltr'>quando</span> <span class='ocrx_word' id='word_1_1054' title='bbox 456 3408 522 3433; x_wconf 80' lang='lat' dir='ltr'>ante</span> <span class='ocrx_word' id='word_1_1055' title='bbox 531 3395 746 3441; x_wconf 78' lang='lat' dir='ltr'>legemsecurus</span> <span class='ocrx_word' id='word_1_1056' title='bbox 758 3399 902 3437; x_wconf 74' lang='lat' dir='ltr'>peccabas</span> <span class='ocrx_word' id='word_1_1057' title='bbox 918 3423 927 3436; x_wconf 89' lang='lat'><strong>,</strong></span> <span class='ocrx_word' id='word_1_1058' title='bbox 955 3409 1031 3430; x_wconf 79' lang='lat' dir='ltr'>nunc</span> <span class='ocrx_word' id='word_1_1059' title='bbox 1045 3407 1145 3429; x_wconf 84' lang='lat' dir='ltr'>autem</span> <span class='ocrx_word' id='word_1_1060' title='bbox 1157 3406 1206 3438; x_wconf 83' lang='lat' dir='ltr'>op-</span> 
     </span>
     <span class='ocr_line' id='line_1_118' title="bbox 152 3426 1208 3496; baseline -0.011 -10"><span class='ocrx_word' id='word_1_1061' title='bbox 152 3428 169 3458; x_wconf 62' lang='grc' dir='ltr'>ς</span> <span class='ocrx_word' id='word_1_1062' title='bbox 191 3428 220 3461; x_wconf 48' lang='lat' dir='ltr'>P·</span> <span class='ocrx_word' id='word_1_1063' title='bbox 241 3426 271 3462; x_wconf 53' lang='lat'>5·</span> <span class='ocrx_word' id='word_1_1064' title='bbox 323 3451 420 3496; x_wconf 84' lang='lat' dir='ltr'>pofitis</span> <span class='ocrx_word' id='word_1_1065' title='bbox 432 3449 554 3483; x_wconf 84' lang='lat' dir='ltr'>obicibus</span> <span class='ocrx_word' id='word_1_1066' title='bbox 567 3451 640 3491; x_wconf 80' lang='lat' dir='ltr'>legis</span> <span class='ocrx_word' id='word_1_1067' title='bbox 649 3446 763 3488; x_wconf 83' lang='lat' dir='ltr'>fluvius</span> <span class='ocrx_word' id='word_1_1068' title='bbox 776 3444 1011 3489; x_wconf 81' lang='lat' dir='ltr'>concupiscentiae</span> <span class='ocrx_word' id='word_1_1069' title='bbox 1035 3446 1119 3490; x_wconf 65' lang='lat' dir='ltr'>quasi*</span> <span class='ocrx_word' id='word_1_1070' title='bbox 1129 3447 1208 3488; x_wconf 72' lang='lat' dir='ltr'>frae.</span> 
     </span>
     <span class='ocr_line' id='line_1_119' title="bbox 328 3495 1228 3546; baseline -0.007 -7"><span class='ocrx_word' id='word_1_1071' title='bbox 328 3513 416 3546; x_wconf 72' lang='lat' dir='ltr'>natus</span> <span class='ocrx_word' id='word_1_1072' title='bbox 430 3500 467 3544; x_wconf 82' lang='lat' dir='ltr'>est</span> <span class='ocrx_word' id='word_1_1073' title='bbox 473 3499 628 3544; x_wconf 82' lang='lat' dir='ltr'>paululum</span> <span class='ocrx_word' id='word_1_1074' title='bbox 637 3521 649 3541; x_wconf 86' lang='lat'><em>,</em></span> <span class='ocrx_word' id='word_1_1075' title='bbox 662 3507 718 3532; x_wconf 84' lang='lat' dir='ltr'>non</span> <span class='ocrx_word' id='word_1_1076' title='bbox 724 3495 861 3546; x_wconf 75' lang='lat' dir='ltr'>fictatus.</span> <span class='ocrx_word' id='word_1_1077' title='bbox 887 3499 906 3530; x_wconf 89' lang='lat'><em>5</em></span> <span class='ocrx_word' id='word_1_1078' title='bbox 908 3499 946 3532; x_wconf 87' lang='lat' dir='ltr'>ed</span> <span class='ocrx_word' id='word_1_1079' title='bbox 955 3496 1097 3541; x_wconf 83' lang='lat' dir='ltr'>crescente</span> <span class='ocrx_word' id='word_1_1080' title='bbox 1120 3503 1209 3543; x_wconf 75' lang='lat' dir='ltr'>impe·</span> <span class='ocrx_word' id='word_1_1081' title='bbox 1218 3525 1228 3544; x_wconf 82' lang='grc'>,</span> 
     </span>
    </p>
   </div>
   <div class='ocr_carea' id='block_1_15' title="bbox 2331 3074 2358 3083">
    <p class='ocr_par' dir='ltr' id='par_1_22' title="bbox 2331 3074 2358 3083">
     <span class='ocr_line' id='line_1_120' title="bbox 2331 3074 2358 3083; baseline 0 -2"><span class='ocrx_word' id='word_1_1082' title='bbox 2331 3074 2358 3083; x_wconf 49' lang='grc' dir='ltr'>Λα</span> 
     </span>
    </p>
   </div>
  </div>
 </body>
</html>
