2366 3736
57 1807 210 1863 {sanun-

55 1867 107 1894 tii.

63 3046 215 3103 3·.*Janua-

373 125 456 170 De
493 122 769 179 AuriQiii
808 112 1179 167 Discirirua
1214 112 1456 160 Cuius-r.
1495 113 1769 162 Miri-rm.

236 205 358 244 Tertio
368 207 466 239 docet
477 203 597 239 bellurn
614 204 699 249 posse
709 202 770 240 effe
779 201 897 246 justum
912 210 949 233 ac
963 199 1091 236 licitum
1102 223 1109 230 .

233 256 501 299 Exjustis&piis
522 255 638 292 causis.
664 252 817 298 Qartd,
845 248 934 293 quod
957 246 1098 282 Christia

233 308 284 341 nis
296 317 362 338 non
389 305 504 345 liceat,
541 314 670 353 propter
691 298 867 333 ‘annexam
895 298 1108 339 necessitatem

231 354 420 393 effundendi
438 355 617 401 sanguinis.
645 350 801 398 Qinffl,
827 350 916 394 quod
942 348 1103 388 Christia-

233 406 267 439 ni
294 407 433 451 Imperio
448 401 757 446 necadversariifint
771 424 784 440 ‚
806 413 865 434 nec
879 400 1031 439 inutiles,
1059 399 1109 433 sed

232 455 488 494 fiustuofiffimi‚·
515 461 667 502 perarma
691 452 818 484 suarum
840 461 970 494 precum
985 474 992 481 .
1029 450 1110 483 Sex-

231 505 267 538 ῐό
282 531 291 545 ,
319 507 407 547 quod
422 505 560 549 gentiles
577 504 649 536 suos
664 501 851 535 Sacerdotes
864 512 930 534 non
956 509 1108 544 cogerent

231 557 271 589 ad
296 557 445 590 militiam
468 578 474 585 .
504 551 682 586 Sacerdotii
723 552 898 585 reverentia
917 550 962 583 est
993 561 1110 584 naturae

231 604 382 642 humanae
394 604 475 637 adeo
488 603 573 648 quali
590 603 756 647 ingenita.
785 600 896 639 Palam
907 599 1003 634 docet
1017 599 1108 638 Chri-

230 656 370 688 stianum
384 665 449 687 non
464 654 551 695 posse
578 653 727 691 accedere
750 651 790 684 ad
814 650 987 684 militiam.
1015 651 1108 698 Qiin

229 703 377 742 dofuerit
405 703 524 741 milites
551 704 639 746 posse
671 703 712 736 ad
740 701 902 743 Baptisma
939 699 1070 734 admitti
1100 724 1110 744 ‚

229 766 298 787 non
321 754 366 787 est
380 752 617 789 dubitandum.
648 750 790 790 Proinde
801 752 915 785 docuit
926 762 1003 788 curn
1027 750 1111 784 Ter-

228 804 382 841 tulliano.

282 853 437 887 Eamdem
451 853 643 888 sententiam
664 849 805 885 omnino
816 851 912 885 docet
934 851 967 884 in
994 850 1111 886 litteris

229 903 269 941 ad
297 905 467 938 Donatum
488 904 621 937 sanstus
641 902 826 945 Cyprianus
847 914 854 934 ε
883 906 979 935 Cerne
1005 907 1113 933 itinera

227 955 392 993 latronibus
420 952 518 995 clausa
552 977 562 992 ‚
601 959 698 984 maria
737 950 841 993 obsessa
873 951 1071 994 praedonibus
1099 974 1109 990 ‚

227 1013 344 1038 cruento
357 1003 472 1035 horrore
491 1002 659 1041 Castrorum
671 1001 748 1034 bella
759 1001 865 1044 ubique
890 1000 993 1044 divisa
1009 1025 1016 1033 .
1045 1004 1112 1032 Ma·

228 1057 281 1087 det
293 1053 373 1086 orbis
386 1062 485 1085 mutuo
492 1051 657 1095 sanguine.
686 1055 732 1083 Et
746 1051 954 1092 homicidium,
983 1062 1049 1084 cum
1059 1052 1112 1083 ad-

260 1109 352 1135 ittunt
370 1102 495 1147 singuli,
523 1110 632 1135 crimen
659 1101 716 1144 est3
744 1108 844 1135 virtus
867 1112 990 1141 vocatur
1012 1126 1023 1142 ,
1049 1112 1114 1134 cum

267 1153 339 1186 blice
354 1159 471 1197 geritur
486 1178 493 1184 .
531 1156 747 1194 Impunitatem
767 1151 923 1194 sceleribus
943 1157 1071 1194 acquirit
1100 1176 1109 1190 ,

227 1215 285 1237 non
295 1205 472 1237 innocentiae
492 1209 586 1241 ratio,
610 1202 667 1244 sed
684 1202 815 1246 savitiae
838 1203 1036 1247 magnitudo.
1065 1202 1112 1245 Ja-

227 1254 328 1287 cobus
341 1253 502 1287 Pamelius
513 1255 621 1286 censet
634 1252 840 1295 Cyprianum
853 1253 945 1296 loqui
970 1252 1011 1285 de
1035 1252 1113 1285 solis

228 1303 353 1346 injustis
376 1303 488 1337 bellis.
517 1302 564 1336 At
592 1304 801 1339 manifestum
827 1302 871 1337 est
895 1303 999 1346 ipsum
1024 1302 1112 1345 loqui

228 1354 406 1398 generatim
421 1354 462 1386 de
474 1352 618 1385 cunctis.
648 1352 783 1389 Etenim
803 1352 887 1386 bella
906 1362 1053 1390 numerat
1066 1352 1114 1383 in.

229 1413 277 1436 ter
299 1404 437 1436 crimina
484 1401 577 1444 hujus
604 1403 738 1438 mundi.
768 1401 929 1434 Affirmae
964 1402 1028 1443 ipsa
1053 1401 1115 1439 effe

228 1463 331 1486 unum
347 1452 480 1484 istorum
495 1475 504 1489 ,
531 1462 571 1483 ex
583 1461 722 1493 quorum
743 1450 878 1486 horrore
893 1450 966 1483 vale
992 1450 1112 1483 dixerit

228 1502 430 1546 gentilitati,
457 1501 490 1538 ὃς
512 1500 542 1533 se
570 1500 737 1545 subjecerit
763 1499 896 1533 Christo
924 1501 1076 1534 Domino
1105 1525 1112 1531 .

226 1552 346 1585 Eidem
367 1550 518 1584 doetrinae
538 1550 725 1584 innituntur
754 1550 842 1594 gesta
868 1551 972 1584 Sancti
1000 1549 1114 1583 Theo-

226 1601 301 1646 gnis
314 1600 492 1643 Manyris,
519 1600 560 1633 de
587 1611 655 1642 quo
676 1600 717 1639 ad
745 1600 938 1643 Imperatori
978 1601 1114 1637 Licinio

227 1652 437 1685 militandum
460 1648 694 1692 comprehenso
713 1672 723 1688 ‚
759 1651 792 1684 ἀ
817 1650 856 1683 ad
894 1651 1110 1685 Zilicentitim

225 1700 417 1735 Tribunum
433 1700 602 1742 perducto,
631 1699 754 1734 habent
773 1699 1032 1744 apudJoannem
1050 1702 1111 1734 Βο-

227 1751 360 1785 landum
374 1752 407 1784 &
420 1749 637 1783 Godefridum
653 1750 902 1785 Henschenium
926 1748 1114 1784 authentica

228 1801 308 1835 Asta
323 1813 330 1833 :
346 1801 398 1834 Ille
404 1800 584 1842 fideliffimus
605 1801 687 1833 miles
710 1805 775 1833 veri
785 1802 859 1840 Det,
884 1802 993 1843 plenus
1019 1803 1119 1843 Spiri-

227 1862 260 1886 tu
284 1851 408 1891 Saudo,
435 1850 595 1888 constanter
607 1857 639 1883 in
662 1853 755 1882 medio
775 1852 896 1893 legionis
915 1854 1022 1893 dixit3
1051 1855 1116 1894 Ego

228 1902 415 1940 christianus
422 1899 488 1942 sum
501 1926 511 1941 ‚
539 1903 573 1933 (9
594 1902 691 1933 milito
703 1912 763 1933 meo
790 1905 888 1944 Regi,
912 1907 962 1943 qui
986 1902 1024 1940 est
1050 1905 1116 1934 Rex

229 1955 342 1994 Regum
363 1976 370 1983 .
398 1951 448 1983 Illi
472 1951 609 1982 militans
636 1975 645 1989 ,
673 1951 726 1982 alii
751 1951 881 1983 militare
900 1963 957 1983 non
971 1954 1081 1993 possum
1107 1976 1114 1983 .

229 2001 380 2033 Tribunus
394 2000 572 2035 Zilicentius
586 2002 667 2031 dixit
679 2012 685 2030 :
717 2003 814 2040 Magis
828 2005 927 2039 accipe
940 1999 1116 2038 chlamydem

229 2053 264 2084 (α
275 2050 407 2082 balteum
426 2073 435 2088 ,
463 2050 496 2082 Θ
507 2054 609 2080 omnia
620 2059 703 2079 arma
710 2048 815 2089 felicia
827 2073 836 2087 ‚
866 2051 899 2081 <5
923 2050 1019 2081 milita
1034 2053 1111 2082 Lici-

231 2107 279 2132 nio
290 2112 396 2142 magno
407 2103 598 2145 Imperatori.
625 2097 772 2141 Theognes
784 2100 865 2130 dixit
884 2110 892 2129 ε
913 2101 984 2139 jam
996 2100 1052 2131 tibi
1064 2101 1109 2132 di-

231 2157 286 2190 xi,
314 2151 411 2182 Milito
422 2161 471 2192 ego
485 2160 546 2182 meo
557 2152 647 2190 Regi,
674 2150 727 2179 alii
739 2149 871 2180 militare
890 2159 947 2179 non
971 2149 1080 2190 poffum
1107 2173 1114 2180 .

232 2199 379 2232 Tribunus
393 2201 475 2230 dixit
496 2210 503 2229 ε
530 2208 586 2229 non
593 2198 693 2237 placet
706 2197 762 2228 tibi
777 2202 911 2231 Licinius
927 2200 1116 2237 Imperator?

231 2249 379 2292 Theognes
389 2248 488 2281 dixit:
517 2259 573 2279 non
586 2253 680 2286 novi,
706 2258 754 2289 ego
768 2246 955 2287 Christianus
959 2246 1028 2289 sum
1041 2271 1051 2285 ,
1081 2250 1115 2280 Θ

230 2308 288 2331 non
313 2305 452 2331 convenit
475 2297 550 2328 mihi
570 2297 635 2328 buis
647 2295 754 2338 saeculo
772 2298 901 2331 militare
915 2321 924 2336 ‚
966 2303 1012 2329 cui
1033 2298 1115 2330 abre-

231 2354 392 2382 nuntiavi.
423 2349 481 2384 Sed
490 2359 580 2392 neque
589 2348 700 2389 possum
714 2358 819 2390 negare
830 2351 942 2390 Regem
952 2348 1003 2389 esse
1023 2358 1116 2380 aeter-

232 2410 325 2440 num,
350 2403 395 2431 cui
416 2399 526 2429 milito.
554 2398 703 2429 Tribunus
728 2399 829 2430 dixit:
858 2408 918 2430 ecce
932 2399 965 2430 <35
983 2398 1031 2437 isti
1053 2410 1116 2430 om—

232 2460 308 2488 nes,
334 2455 385 2490 qut
407 2447 525 2486 adstant
537 2450 647 2479 milites
661 2472 671 2487 ,
698 2446 864 2487 Christiani
885 2447 980 2490 sunt,
1010 2450 1043 2481 (τ
1064 2458 1111 2480 ta-

233 2510 301 2531 men
337 2500 486 2530 militant.
514 2497 661 2540 Theogner
699 2499 811 2529 dixit:
838 2495 1037 2540 unusquisque
1057 2497 1117 2540 scit

233 2549 373 2590 quomodo
383 2550 490 2579 militet
502 2570 512 2584 ‚
537 2558 585 2589 ego
595 2552 685 2579 etiam
698 2553 768 2579 novi
781 2573 791 2587 ‚
815 2554 860 2579 cui
875 2550 999 2580 militem
1012 2552 1088 2592 Regi
1104 2573 1110 2579 .

235 2595 383 2631 Adducit
404 2596 482 2628 duas
493 2596 601 2628 causas
613 2619 623 2634 ,
649 2607 688 2628 ex
701 2596 818 2638 quibus
829 2607 894 2630 non
913 2608 1037 2640 poterat
1052 2599 1111 2632 mi-

234 2647 339 2682 litiam
353 2647 517 2679 adsumere
530 2670 538 2678 .
566 2645 718 2679 Prima&
731 2647 880 2688 palmaris
891 2659 957 2680 erat
971 2673 980 2688 ,
1019 2650 1108 2692 quod

233 2698 310 2731 effet
324 2696 444 2731 Christi
459 2696 552 2729 miles
564 2720 574 2735 ‚
603 2694 742 2740 ideoque
753 2698 900 2737 nequiret
923 2698 1039 2731 divino
1062 2700 1113 2733 Sa-

234 2757 401 2784 cramento
429 2745 609 2781 humanum
648 2747 881 2790 superponere.
909 2748 993 2793 Qae
1014 2750 1112 2782 mani-

233 2797 310 2831 feste
345 2797 390 2830 est
416 2797 682 2833 -fundamentalis
703 2797 786 2830 ratio
809 2798 906 2831 etiam
931 2797 1097 2835 Tertullia

235 2848 290 2880 ni.
319 2847 430 2881 Altera
456 2848 538 2880 ratio
550 2858 616 2880 erar
632 2869 642 2885 ,
669 2848 757 2890 quod
770 2847 919 2881 Licinius
929 2849 1003 2882 esset
1019 2861 1110 2894 paga·

235 2908 312 2931 nus.
342 2897 548 2931 Christianos
559 2897 628 2939 ejus
639 2899 760 2931 milites
778 2898 961 2943 Theognes
984 2900 1111 2933 damna·

236 2959 269 2983 re
284 2948 411 2981 noluit:
441 2948 529 2993 quod
544 2949 658 2990 nempe
673 2960 738 2981 non
754 2949 906 2982 militiam
919 2950 1032 2988 Fidei,
1060 2951 1111 2983 sed

237 2998 332 3031 fidem
347 2997 762 3042 militiaesuperduxiffent.
794 2999 900 3032 Etiam
925 3001 945 3034 S
979 3001 1111 3033 Adonis

238 3047 516 3091 Martyrologium
539 3047 653 3081 habet:
681 3051 751 3081 Tres
773 3051 899 3082 Fratres
914 3074 923 3088 ‚
953 3054 1073 3092 Argaeus
1102 3075 1111 3090 ‚

238 3099 413 3139 Narcissus,
440 3101 474 3133 <5
487 3100 679 3131 Marcellinus
699 3107 775 3140 puer
788 3123 796 3137 ‚
819 3099 876 3141 sub
900 3102 1013 3132 Licinio
1033 3108 1112 3132 inter

237 3156 346 3183 tyrones
357 3147 552 3190 comprehensi
560 3172 570 3188 ,
596 3160 661 3181 cum
674 3150 780 3183 nollent
805 3151 934 3182 militare
949 3174 958 3189 ‚
987 3150 1054 3189 caefi'
1071 3151 1113 3182 ad

238 3206 360 3228 mortem
373 3220 383 3235 ,
408 3200 442 3231 (τ
454 3200 504 3231 di'u
517 3206 549 3230 in
560 3209 673 3232 carcere
683 3205 827 3233 macerati
838 3224 848 3239 ‚
877 3207 908 3231 in
922 3213 1004 3233 mare
1020 3199 1110 3241 merfi,

238 3252 410 3284 martyrium
420 3247 657 3290 consummarunt
670 3274 677 3280 .
692 3250 739 3284 lta
752 3248 847 3282 habet
861 3251 995 3294 antiqua
1009 3251 1112 3285 lectio.

237 3295 318 3329 Non
344 3295 442 3329 solam
470 3299 590 3332 Licinii
620 3300 838 3334 idololatriam
855 3325 864 3340 ,
903 3303 955 3335 sed
979 3312 1113 3335 omnem

237 3346 306 3389 post
330 3346 490 3389 Baptisma
513 3348 743 3393 adsumendam
782 3351 939 3386 militiam
978 3352 1110 3387 fuerunt

233 3395 387 3431 aversati.

1930 123 2020 171 105

1372 246 1405 281 C
1433 246 1463 280 A
1491 247 1516 280 P
1545 248 1584 285 U
1612 248 1649 287 T
1749 243 1820 280 1V.

1222 349 1323 395 Quid.
1332 350 1371 382 de
1389 348 1528 382 bellorum
1542 348 1662 387 Justitia
1688 346 1837 391 senserint
1861 349 1991 389 Patres,

1272 404 1325 443 qui
1347 397 1504 441 Ecclefiam
1527 399 1683 431 docuerunt
1699 397 1755 441 sub
1773 397 1950 437 Christianis

1475 448 1717 509 *imperatoribus
1729 450 1742 482 ?

1233 550 1317 583 Nter
1337 549 1450 582 omnia
1476 547 1663 582 Christiana
1701 549 1810 582 saecula
1837 549 2053 584 doctissimum

1176 548 1226 666 I
1258 601 1486 642 fuitquintum
1509 600 1677 638 saeculum.
1707 598 1748 636 Et
1771 599 1995 634 Occidentalis
2020 599 2054 632 δε

1257 649 1437 684 Orientalis
1461 649 1600 683 Ecclesia
1614 657 1692 681 tunc
1721 648 1834 683 habuit
1859 651 2001 683 summos
2021 650 2055 683 <Sc

1176 700 1333 744 plurimos
1361 700 1520 738 Docstores
1543 724 1549 731 .
1579 700 1712 733 Saiifius
1736 698 1892 736 Paulinus
1930 700 2056 732 videtur

1178 751 1377 794 permansisse
1392 752 1423 782 in
1440 750 1598 785 sententia
1612 748 1835 789 Tertulliani,
1862 750 2018 793 Origenis
2045 773 2057 788 ,

1175 813 1211 834 ac
1224 802 1253 833 S.
1266 799 1448 844 Cypriani.
1480 800 1611 833 Etenim
1627 801 1736 832 nescio
1758 809 1853 838 quern
1879 802 2017 832 militem
2045 823 2056 838 ,

1174 849 1324 893 juvenem
1338 849 1561 884 Christianum
1575 875 1586 893 ,
1612 849 1726 888 multis
1750 848 1896 894 hortatur
1909 849 1948 882 ad
1961 851 2058 891 depo·

1179 902 1323 941 nendum
1337 899 1510 944 cingulum
1524 925 1534 939 ‚
1563 912 1599 933 ac
1612 899 1847 946 suscipiendam
1863 900 1959 932 vitam
1985 900 2058 933 Mo·

1178 951 1330 984 nasticam
1348 976 1358 991 ‚
1383 952 1416 983 ἀ
1433 949 1538 983 scribit
1554 951 1638 986 inter
1648 961 1781 987 caetera:
1813 949 1973 991 Nib1lest,
2001 951 2058 982 Be·
2078 957 2227 1006 [3339ss

1178 1001 1368 1042 nedii‘lefili,
1393 1002 1474 1042 quod
1478 1001 1558 1042 pofflt
1569 1010 1623 1034 aut
1648 1001 1753 1033 debeat
1771 999 1911 1041 praeferri
1935 1007 1983 1038 ei,
2009 1006 2058 1042 qui*

1177 1052 1213 1090 ‚eii
1227 1063 1316 1093 verus
1329 1055 1477 1084 Dominus
1495 1075 1504 1090 ,
1533 1053 1567 1085 o·
1591 1062 1680 1085 verus
1694 1053 1785 1083 Pater
1802 1074 1811 1089 ,
1840 1053 1873 1083 (θ’
1893 1054 2059 1092 Imperator

1178 1111 1324 1141 aeternus.
1351 1103 1381 1133 51
1396 1107 1428 1132 in
1439 1100 1489 1133 boc
1507 1098 1613 1143 saeculo
1637 1102 1682 1133 illi
1705 1102 1960 1139 militaverimus,
1991 1111 2075 1147 tuncR

1177 1154 1220 1185 ad
1231 1151 1327 1195 ipsum
1339 1150 1460 1191 tranfire
1472 1154 1648 1188 merebimur
1665 1176 1671 1182 .
1700 1153 1794 1194 ,Quod
1795 1150 1826 1191 fi
1832 1160 1925 1195 magis
1945 1153 2061 1184 dilexe-

1179 1209 1274 1235 rimus
1289 1199 1487 1244 hocsaeculum
1505 1226 1516 1240 ,
1543 1203 1577 1240 (9
1588 1202 1779 1236 maluerimus
1800 1200 1921 1245 Caesari
1932 1202 2061 1235 militare

1177 1254 1268 1294 quam
1279 1251 1392 1288 Christo
1405 1275 1416 1292 ‚
1438 1250 1535 1292 ptijlea
1552 1263 1608 1284 non
1622 1253 1666 1283 ad
1676 1250 1826 1291 Christum
1840 1276 1849 1291 ‚
1871 1251 1931 1294 sed
1950 1254 1996 1284 ad
2011 1263 2063 1296 ge-

1178 1302 1308 1339 hennam
1319 1300 1554 1340 transferremur
1564 1326 1575 1340 ,
1601 1301 1651 1334 ubi
1666 1304 1838 1342 Principum
1850 1301 1938 1340 buJ'us
1961 1300 2063 1342 saeculi

1178 1357 1308 1390 vertitur
1320 1349 1427 1392 causa.
1455 1351 1524 1383 ideo
1551 1361 1603 1382 nec
1629 1348 1789 1390 affec‘lum,
1817 1361 1868 1382 nec
1887 1357 2028 1391 patriam
2053 1376 2065 1392 ‚

1179 1413 1230 1434 nec
1241 1400 1360 1433 bonores
1375 1425 1384 1439 ‚
1412 1409 1463 1431 nec
1477 1400 1611 1432 divitias
1632 1401 1691 1430 Deo
1709 1400 1857 1440 praeferre
1878 1401 2020 1433 debemus
2048 1426 2057 1433 .

1180 1452 1253 1484 Noli
1266 1462 1331 1494 ergo
1344 1449 1455 1483 diutius
1480 1449 1602 1492 diligere
1613 1449 1690 1482 hunc
1701 1452 1846 1483 mundum
1858 1475 1868 1490 ,
1896 1461 1987 1493 neque
2010 1457 2066 1483 mi·

1177 1504 1274 1535 littam
1285 1503 1351 1542 ejus
1364 1525 1374 1537 ,
1401 1506 1472 1542 quia
1480 1499 1641 1542 secundum
1652 1502 1813 1541 scripturae
1836 1500 2043 1534 aquritatem
2054 1525 2066 1541 ,

1178 1558 1313 1584 inimicus
1334 1555 1389 1583 Dei
1402 1551 1439 1588 est
1451 1574 1460 1589 ‚
1486 1556 1660 1592 quicumque
1682 1550 1719 1589 est
1742 1557 1851 1584 amicus
1866 1550 1987 1593 saeculi.
2019 1555 2065 1584 Et

1179 1610 1230 1645 qui
1252 1603 1364 1634 militar
1372 1601 1475 1644 gladio
1494 1625 1504 1639 ,
1526 1608 1628 1637 mortis
1649 1601 1776 1639 minister
1789 1602 1846 1640 est.
1877 1603 1943 1644 ,Qui
1965 1611 2066 1634 autem

1173 1646 1261 1695 suum
1284 1653 1336 1684 vel
1356 1653 1485 1683 alienum
1502 1649 1683 1694 sanguinem
1696 1650 1806 1694 fundit
1829 1676 1839 1691 ,
1877 1651 1925 1684 bic
1943 1658 2066 1693 recipiet

1172 1702 1309 1745 frui‘lum
1333 1695 1558 1744 stipendiorum.
1590 1706 1648 1734 Aut
1660 1707 1737 1742 enim
1757 1711 1844 1734 exitu
1857 1709 1960 1734 mortis
1986 1713 2064 1735 tene·

1175 1746 1262 1786 *bitur
1275 1764 1343 1785 reus
1355 1777 1365 1792 ‚
1393 1760 1446 1783 aut
1460 1758 1583 1784 crimine
1600 1777 1606 1783 .
1635 1754 1722 1795 ,Quia
1735 1753 1836 1794 necesse
1848 1752 1885 1790 est
1897 1776 1907 1791 ‚
1934 1762 1966 1784 ut
1979 1753 2065 1785 miles

1180 1809 1211 1835 in
1223 1805 1295 1836 bello
1310 1826 1319 1841 ‚
1346 1808 1377 1833 in
1389 1814 1447 1844 quo
1471 1811 1573 1834 tamen
1595 1813 1652 1833 non
1677 1809 1740 1833 tam
1761 1810 1817 1843 pro
1825 1800 1858 1843 se
1872 1826 1881 1840 ‚
1909 1804 2068 1844 quampro

1179 1909 1282 1939 mortis
1294 1900 1414 1947 causam
1425 1900 1521 1935 vitior
1533 1907 1670 1944 acquirat
1685 1926 1691 1933 .
1721 1904 1807 1945 ,Quia
1820 1902 1915 1934 vi'cqor
1935 1902 1985 1944 esse
2010 1913 2067 1934 non

1176 1960 1310 1998 poterit,
1331 1951 1360 1992 fi
1369 1950 1474 1995 effusor
1481 1949 1641 1995 sanguinis
1666 1961 1738 1984 ante
1759 1963 1816 1984 non
1839 1951 1954 1993 fuerit.
1986 1953 2065 1985 Hac

1182 2004 1292 2037 multis
1303 2011 1479 2045 exaggerat
1493 2025 1502 2039 ,
1528 2002 1666 2036 affirmat
1689 2001 1856 2035 Christum
1871 2003 2060 2040 Dominum

1181 2053 1243 2085 effe
1267 2053 1449 2094 supremum
1472 2051 1703 2092 Imperatorem
1726 2076 1736 2091 ,
1764 2063 1801 2085 ac
1825 2053 2025 2094 prosequitur
2053 2076 2065 2085 .

1183 2107 1268 2134 Hunc
1275 2100 1452 2144 sequamur,
1479 2099 1545 2132 huic
1566 2103 1727 2133 militemus
1742 2125 1752 2140 ‚
1779 2109 1830 2143 qui
1853 2102 2058 2134 militantibus-

1172 2149 1226 2190 fibi
1233 2153 1362 2193 gloriam
1378 2155 1454 2181 vitae
1468 2160 1588 2181 aeternae
1599 2172 1608 2187 ,
1636 2151 1772 2183 honorem
1786 2156 1882 2194 Regni
1901 2152 2019 2189 coeleslis
2048 2175 2061 2191 ,

1180 2202 1311 2232 divitias
1325 2198 1513 2231 baereditatis
1522 2197 1588 2240 suae
1600 2202 1610 2239 ‘‚
1638 2202 1671 2232 (5
1685 2203 1801 2233 divina·
1815 2207 1985 2243 cognitionis
1999 2212 2069 2233 con·

1172 2248 1297 2292 sortium
1306 2258 1434 2291 perenne
1448 2250 1593 2291 largitur.
1625 2249 1665 2283 Et
1679 2250 1761 2282 infra
1779 2263 1785 2282 ς
1814 2253 1871 2282 sed
1890 2260 1918 2282 te
1932 2250 2063 2292 forfiian

1179 2306 1281 2332 aetatis
1303 2310 1364 2332 tuae
1380 2297 1489 2339 fiducia
1502 2323 1512 2338 ‚
1539 2300 1573 2332 <9⁶
1588 2298 1681 2340 stipes
1696 2302 1878 2343 dignitatum
1891 2324 1900 2339 ‚
1928 2303 1961 2334 (ν
1983 2304 2065 2334 divi-

1179 2355 1289 2382 tiarum
1310 2359 1472 2393 augmenta
1483 2348 1664 2390 sollicitant,
1692 2359 1723 2382 ut
1736 2352 1818 2383 dicas
1832 2376 1842 2390 ,
1870 2350 2061 2391 adhucjuve—

1180 2407 1225 2432 nis
1242 2399 1309 2443 fiam
1322 2425 1331 2440 ,
1358 2398 1395 2442 est
1408 2409 1486 2431 nunt·
1499 2408 1612 2440 tempus
1627 2411 1659 2432 ut
1669 2407 1834 2441 parumper
1847 2401 1971 2432 militem
1989 2425 1998 2439 ‚
2026 2403 2060 2434 &-

1178 2463 1299 2483 uxorem
1310 2451 1416 2483 ducam
1429 2475 1439 2488 ‚
1467 2450 1500 2484 (Ἰ
1507 2449 1585 2490 filios
1599 2449 1725 2482 babeam
1737 2475 1745 2489 ,
1777 2452 1810 2483 (r
1819 2450 1914 2490 postea
1930 2453 1990 2482 Deo
1999 2450 2060 2493 ser-

1178 2508 1263 2533 viam
1276 2526 1281 2532 .
1316 2502 1363 2532 Ad
1372 2499 1434 2531 baec
1446 2500 1502 2531 tibi
1513 2497 1668 2540 respondet
1681 2524 1690 2538 ,
1719 2511 1775 2532 non
1786 2512 1834 2543 ego
1847 2525 1856 2539 ‚
1876 2498 1936 2542 sed
1961 2504 2062 2533 Domi-

1178 2562 1246 2582 nus:
1281 2562 1315 2583 ne
1327 2551 1432 2582 tardes
1444 2556 1576 2583 converti
1589 2552 1633 2581 ad
1644 2553 1803 2583 Dominum
1818 2551 1874 2584 &a
1906 2551 2059 2585 Affirmat

1177 2601 1303 2636 coeleste
1317 2599 1472 2643 Regnum
1486 2600 1547 2631 effe
1569 2601 1729 2633 violenter
1751 2599 1969 2634 invadendum
1985 2625 1995 2640 ,
2023 2602 2057 2635 δε

1177 2650 1350 2687 concludit
1364 2663 1370 2682 :
1398 2649 1479 2680 Talis
1503 2651 1647 2681 violentia
1660 2653 1722 2682 Deo
1729 2659 1822 2694 grata
1837 2651 1875 2689 est
1889 2675 1899 2690 ‚
1927 2662 1993 2692 quae
2009 2662 2058 2684 ne·

1176 2707 1285 2733 minem
1306 2705 1453 2738 concutit,
1480 2699 1588 2730 nullius
1616 2695 1739 2733 damno
1764 2707 1977 2734 committitur.
2018 2707 2056 2734 In

1176 2750 1251 2782 banc
1262 2755 1401 2790 rapinam
1413 2760 1521 2780 manus
1546 2757 1615 2781 tuas
1638 2761 1724 2782 verte
1738 2774 1747 2789 ,
1774 2763 1841 2793 quae
1864 2758 1975 2783 crimen
1997 2762 2055 2783 non

1175 2799 1262 2832 habet
1275 2824 1284 2839 ,
1312 2801 1346 2834 6*
1364 2797 1476 2840 confert
1491 2797 1620 2841 salutem
1636 2825 1638 2827 ,
1672 2804 1715 2832 Et
1726 2812 1793 2841 quae
1806 2802 1862 2833 tibi
1876 2802 2054 2833 militarium

1169 2851 1379 2892 stipendiorum
1391 2854 1555 2882 curationes
1579 2861 1644 2882 cum
1657 2852 1807 2883 violentia:
1825 2853 1949 2885 invidia,
1972 2862 2054 2884 cura-

1175 2913 1227 2940 re,
1253 2911 1318 2932 cum
1333 2898 1443 2942 forsan
1457 2908 1513 2940 pro
1530 2907 1582 2931 tua
1606 2900 1753 2938 honestate
1772 2905 1865 2933 etiam
1889 2901 2054 2936 debitorum

1174 2952 1350 2983 moderatior
1370 2948 1532 2989 exac‘i'orfis
1550 2950 1566 2980 ?
1593 2949 1710 2983 Palam
1750 2952 1859 2984 censet
1897 2951 2052 2989 militiam

1174 2999 1365 3035 Christianis
1394 3000 1618 3033 interdictam.
1656 3000 1712 3033 Ob
1733 3002 1836 3034 varias
1872 3003 2017 3037 rationes
2041 3027 2050 3036 .

1159 1855 1237 2288 uult·
1250 1855 1373 1885 dimicat
1387 1875 1397 1891 ‚
1425 1860 1476 1883 aut
1484 1849 1572 1894 suam
1586 1861 1708 1884 mortem
1720 1852 1819 1885 vic‘lus
1832 1858 1973 1884 inveniat
1984 1877 1993 1890 ,
2014 1860 2067 1884 aut

1156 2296 1166 2856 J

1156 3049 1325 3086 '‘Prima&
1340 3050 1492 3093 palmaris
1503 3048 1545 3081 est
1570 3050 1728 3083 militibus
1755 3051 1952 3087 incumbens
1972 3054 2053 3089 fun-

1155 3078 1271 3137 idendi
1299 3101 1434 3134 humani
1457 3099 1632 3143 Sanguinis
1650 3101 1839 3142 necemus,
1866 3113 1937 3144 quae
1958 3104 2053 3136 nullo

1174 3153 1247 3187 casu
1260 3150 1480 3194 supermissa.
1511 3150 1623 3182 Altera
1635 3150 1707 3190 est,
1733 3151 1822 3194 quod
1845 3153 1964 3186 militia
1987 3153 2053 3196 pas·

1176 3202 1230 3235 fim
1255 3212 1386 3246 geratur
1411 3212 1451 3232 ex
1477 3200 1658 3241 cupiditate
1677 3203 1898 3247 consequendi
1923 3202 2054 3236 divitias

1175 3251 1402 3288 authonores.
1430 3248 1546 3282 Tertia
1558 3250 1624 3289 est,
1651 3251 1737 3293 quod
1752 3251 1788 3285 fit
1800 3254 1946 3286 obnoxia
1972 3252 2052 3295 peri-

1175 3302 1252 3337 culo
1269 3302 1494 3345 patrandarum
1520 3300 1768 3334 concussionum
1783 3327 1790 3334 .
1819 3302 1944 3348 Quarta
1968 3301 2054 3335 ratio

1177 3352 1220 3385 est
1236 3376 1245 3391 ,
1274 3351 1360 3394 quod
1385 3349 1499 3382 debeat
1515 3349 1657 3384 violenta
1673 3375 1683 3390 ,
1709 3353 1822 3385 &non
1845 3352 1914 3384 raro
1939 3352 2054 3394 parum

1178 3401 1258 3445 justa
1270 3403 1287 3434 a
1301 3399 1564 3434 provincialibus
1576 3412 1768 3445 extorquere
1781 3400 1936 3442 stipendia
1950 3425 1957 3433 .
1985 3399 2055 3435 Vo-

1181 3464 1232 3487 ces
1247 3476 1258 3493 ‚
1284 3449 1446 3484 Benediiie
1463 3449 1512 3492 fili
1535 3475 1546 3492 ‚
1573 3451 1671 3496 dirigi
1693 3463 1759 3487 non
1773 3450 1890 3495 possint
1913 3451 1945 3484 in
1962 3462 2058 3496 paga·

1896 3511 1994 3536 num.
