2366 3736
288 324 1107 407 DISSERTATIO
1188 327 1635 402 DOGMA
1672 328 1961 404 TICA

696 458 817 508 DE.
888 454 1584 507 CHRISTIANA

216 568 2048 688 CONTRITIONE

416 738 1785 957 ATTRiTTIONEr
2149 782 2151 784 Ι

607 1012 1034 1060 CAPUT
1126 1011 1650 1059 PRIMUM.

208 1124 450 1191 Exponitur
476 1119 676 1171 definitio
700 1123 996 1171 Contritionis
1020 1122 1258 1186 generatim
1281 1119 1486 1188 sumptae,
1524 1119 1688 1171 tradita
1724 1140 1802 1190 per
1835 1121 2046 1174 sacrosan-

28 1194 111 1230 sess
134 1204 187 1242 14.

29 1256 98 1290 ‘²¹³'
110 1254 142 1293 4'
281 1261 461 1327 commisso
472 1299 484 1323 ‚
521 1282 605 1314 cum
635 1265 817 1333 propofito
846 1282 914 1311 non
932 1262 1110 1332 peccandi

315 1403 322 1417 2
347 1386 358 1390 -
387 1378 434 1402 »ἵ
463 1412 466 1413 ⁷
489 1371 594 1416 Niqui
611 1374 718 1409 cordis
731 1372 966 1408 Poenitentiam
979 1373 1102 1409 &con-

321 1420 332 1462 ζ
379 1418 464 1468 ᾖξ’
502 1425 679 1458 verfionem
704 1423 744 1456 ad
758 1424 868 1456 Deum
884 1445 895 1462 ,
922 1434 1020 1466 quarn
1043 1434 1101 1458 nos

324 1465 332 1511 ζ
415 1475 420 1489 ’·
442 1471 475 1510 ,”,
505 1472 616 1506 Latini
655 1473 766 1516 paffim
806 1472 1058 1507 Contritionem
1088 1498 1098 1514 ,

315 1518 330 1529 ί
505 1522 827 1565 GraeciMetanojam
846 1533 986 1564 vocant,
1014 1524 1101 1558 Mar·

432 1588 440 1598 -,
505 1576 595 1608 tinus
606 1571 769 1607 Lutherus
778 1571 866 1607 aliud
879 1583 946 1605 non
957 1575 1020 1608 effe
1031 1574 1098 1608 vult

503 1625 599 1668 quam
612 1634 732 1657 novam
745 1621 846 1656 vitam
859 1621 969 1664 ,juxta
982 1634 1097 1658 vocem

214 1678 401 1721 popularem
415 1691 423 1711 :
437 1683 561 1721 optima
575 1677 756 1707 Poenitentta
766 1671 803 1710 est
817 1683 897 1706 nova
909 1677 977 1706 vita
990 1697 997 1705 .
1018 1673 1095 1708 Sen-

84 1724 186 1759 Error
213 1729 283 1762 sum
298 1730 390 1762 suurn
402 1728 500 1763 edicit
513 1727 546 1760 in
561 1725 708 1758 sermone
719 1722 759 1757 de
771 1721 973 1756 Poenitentia
985 1737 995 1757 :
1023 1726 1096 1757 Plus
1107 1752 1115 1986 l

38 1773 175 1812 Lutheri
214 1777 272 1811 tibi
283 1778 502 1821 discutiendum
517 1774 692 1817 confessuro,
718 1773 860 1816 quantam
874 1773 983 1814 diligas
995 1773 1095 1817 Justi-

28 1826 73 1860 de
98 1825 190 1860 Con·
218 1833 292 1861 tiam
314 1851 325 1866 ‚
352 1831 444 1871 qua'm
460 1834 606 1871 quantum
628 1825 716 1855 odias
738 1830 889 1864 peccatum
909 1846 919 1861 ,
948 1823 1095 1865 multoque

40 1875 194 1911 tricione.
215 1880 347 1918 majore,
373 1881 464 1911 imm&
476 1876 537 1921 solo
562 1874 612 1909 hoc
635 1873 732 1906 labore
753 1872 809 1905 tibi
820 1873 1008 1914 cogitandum
1019 1872 1057 1911 est
1083 1898 1093 1914 ,

216 1929 357 1969 quomodo
368 1927 512 1968 futuram
523 1933 624 1959 vitam
634 1936 708 1966 agas
721 1922 827 1954 bonam
843 1946 854 1961 ,
879 1922 967 1962 qutim
980 1933 1092 1962 quomo-

212 1979 252 2010 do
276 1979 359 2009 odias
371 1986 425 2009 aut
435 1975 552 2019 deseras
561 1979 721 2016 prater-tta
733 1973 813 2004 mala
825 1995 832 2002 .
861 1972 1039 2009 Verzffimum
1056 1972 1093 2011 est

210 2032 291 2060 enim
309 2027 502 2068 pruverqum
527 2049 539 2065 ‚
566 2026 598 2057 (θ’
619 2028 697 2055 omni
720 2021 853 2053 doc'lrina
875 2020 930 2052 huc
947 2019 1036 2062 usque
1057 2023 1093 2054 dc

210 2077 445 2109 contritionibus
467 2078 585 2108 tradita
601 2072 794 2114 praestantiar
809 2084 820 2104 .·
847 2073 880 2105 Ο
891 2070 916 2102 Ρ
928 2069 964 2101 T
978 2070 991 2101 1
1005 2070 1044 2103 M
1058 2072 1087 2103 A

209 2124 551 2161 POENlTENTlA
582 2123 668 2156 EST
697 2120 835 2155 NOVA
866 2118 984 2151 VlTA
1012 2144 1020 2151 .
1046 2120 1090 2154 Et

206 2174 243 2209 in
257 2178 385 2209 suorum
406 2177 424 2208 ἢ
439 2177 551 2210 Leone
564 2174 604 2207 X.
619 2171 780 2204 pontifice
802 2171 1030 2203 damnatorum
1044 2181 1087 2202 ar-

207 2225 383 2258 ticulorum
410 2224 576 2268 Apologia
599 2221 707 2254 scribit
729 2222 762 2253 in
787 2221 859 2252 suos
872 2219 1086 2252 adversarios:

211 2277 346 2314 Mirum,
370 2276 445 2315 quid
461 2275 523 2307 illis
546 2273 703 2311 acciderit,
728 2280 874 2302 utcontra
888 2268 1086 2312 omniumfhn-

202 2322 273 2367 sum
296 2327 329 2358 (ν
348 2322 528 2367 sententiam
538 2324 668 2356 audeant
678 2320 894 2362 damnare-jam
908 2319 1027 2352 dietam
1039 2330 1085 2353 to-

202 2374 268 2407 tius
290 2374 405 2407 mundi
430 2375 629 2417 paraemiam.
658 2372 807 2405 Flustuat
829 2379 935 2403 tamen
951 2392 962 2407 ,
988 2369 1020 2402 &
1049 2370 1082 2402 in

203 2434 302 2456 omne
315 2426 345 2457 se
356 2426 456 2458 versat
470 2426 552 2458 latus
563 2447 573 2463 ,
600 2421 702 2455 modo
713 2420 860 2454 adserens
875 2429 978 2452 veram
993 2418 1080 2452 Con-

203 2473 369 2506 tritionem
398 2485 466 2508 non
488 2473 551 2507 effe
568 2469 655 2505 aliud
679 2471 775 2511 quam
800 2479 918 2502 novam
945 2469 1043 2502 vitam
1071 2494 1082 2509 ,

202 2521 415 2565 modoipsam
437 2523 608 2556 dumtaxat
630 2532 697 2553 non
726 2519 810 2562 posse
831 2520 893 2551 esse
916 2519 980 2551 sirie
994 2530 1079 2552 nova

203 2573 291 2612 vita,
317 2571 349 2604 id
360 2573 427 2613 est,
454 2573 521 2605 fine
545 2580 685 2604 veterem
710 2569 877 2602 hominem
899 2568 1079 2602 innovante

200 2633 239 2655 ac
262 2622 455 2655 reformante
475 2619 642 2656 charitate.
670 2619 785 2657 Plane',
815 2618 941 2660 inquit,
968 2618 1075 2659 Aposto-

199 2671 247 2703 lus
258 2672 338 2705 docet
348 2678 447 2705 omnia
458 2683 542 2705 vana
555 2671 605 2712 effe
617 2694 627 2710 ,
654 2667 796 2710 nififimus
808 2679 887 2700 nova
897 2675 1031 2700 creatura
1043 2674 1075 2700 in

199 2720 333 2759 Christo:
362 2728 400 2754 At
420 2728 600 2763 poenitentia
618 2743 628 2758 ,
659 2730 726 2761 quae
740 2717 802 2759 fine
823 2729 921 2750 amore
934 2721 966 2761 J
970 2716 1074 2753 ustitc'ae

26 2607 98 2643 Art.
113 2621 144 2656 7.

194 2778 315 2814 agitur,
341 2783 430 2806 vetus
450 2771 547 2804 adbuc
567 2771 604 2810 est
628 2779 762 2802 creatura
780 2792 791 2807 ,
817 2779 874 2800 non
883 2769 952 2808 plus
967 2769 1070 2800 valens
1130 2767 1349 2801 confidemus
1369 2769 1528 2812 scripserat
1552 2793 1562 2809 ,
1589 2768 1759 2812 respondet*
1787 2781 1794 2801 :

194 2822 289 2863 quam
301 2821 470 2863 circumcisio
481 2825 742 2863 autpraeputlum.
772 2819 922 2852 Errorem
936 2818 1008 2850 vero
1024 2828 1068 2850 re·
1122 2815 1183 2857 fint
1211 2819 1339 2850 dolenda
1366 2830 1432 2860 quae
1455 2820 1533 2851 male*
1547 2819 1630 2863 gesta
1644 2818 1715 2862 sunt
1734 2842 1744 2857 ,
1780 2819 1895 2860 etiamst
1907 2832 2006 2862 quan·-

193 2871 300 2905 sorb‘et
319 2874 352 2905 in
370 2873 493 2905 suarum
511 2871 747 2905 resolutionum
758 2877 761 2879 ’
772 2870 873 2911 prima
885 2867 1065 2900 conclusio—

193 2930 255 2953 ne:
283 2926 356 2954 Non
375 2934 441 2966 ergo
461 2929 494 2954 in
504 2923 556 2964 usu
565 2923 726 2962 Scriptum
741 2921 918 2951 Poenitentia
930 2918 1011 2950 dolor
1022 2919 1066 2949 dr·

195 2976 268 3002 citur
280 2995 289 3010 ‚
311 2970 368 3014 sed
380 2978 502 3005 mutatio
514 2976 621 3005 mentis
633 2972 666 3003 (9·
676 2968 795 3011 confilii.

277 1197 386 1242 &am
413 1190 636 1259 Synodum
662 1193 997 1242 Tridentinam:
1033 1196 1213 1239 Comi-itio
1240 1192 1288 1255 est
1316 1191 1416 1238 dolor
1442 1196 1558 1240 animi
1583 1212 1630 1238 ac
1644 1192 1829 1258 detestatio
1842 1193 1884 1242 de
1897 1211 2049 1265 peccato

1134 1261 1176 1313 de
1204 1278 1329 1314 caetero
1340 1296 1356 1314 ,

1162 1373 1288 1406 mandat
1297 1377 1430 1406 animum
1438 1372 1608 1407 moeroribus
1620 1374 1743 1413 dejicere
1756 1396 1767 1411 ‚
1792 1373 1845 1405 illa
1855 1385 1920 1416 quae
1945 1383 2047 1417 pecca·
2070 1386 2150 1431 Cap,
2165 1400 2198 1436 9·

1163 1429 1210 1456 vit
1232 1423 1308 1463 tristi
1330 1424 1509 1457 traHationr
1534 1430 1663 1455 mutare.
1696 1422 1774 1466 Ejus
1785 1433 1867 1465 opus
1879 1426 1947 1457 esse
1969 1425 2049 1459 dicit

1161 1471 1348 1517 ingemiscere
1358 1498 1369 1514 ,
1379 1476 1551 1512 lacrymari,
1563 1478 1679 1517 mugire
1691 1474 1756 1506 dies
1769 1471 1918 1516 noc‘Jesque
1931 1475 1976 1507 ad
1986 1478 2050 1507 Do·-

1160 1529 1274 1556 minum
1283 1522 1476 1566 Deumsuum
1488 1548 1495 1554 .
1518 1523 1620 1570 Qod
1635 1523 1739 1565 ipsum
1751 1524 1786 1557 in
1799 1525 1972 1558 moralium
1985 1525 2048 1558 sen·
2091 1536 2175 1570 Rea,
2190 1547 2220 1573 1,

1161 1573 1334 1607 tentiarum
1356 1573 1477 1617 regulis
1492 1574 1591 1607 tradit
1602 1584 1745 1617 magnus
1759 1572 1892 1607 Basilius
1907 1586 1947 1608 ex
1961 1576 2047 1610 fatto
2065 1596 2133 1631 cap,
2144 1563 2186 1633 ⁸³3,

1161 1621 1313 1665 Apostoli
1327 1622 1438 1663 Petri,
1465 1624 1521 1666 qui
1536 1617 1605 1666 post
1621 1633 1774 1667 negatum
1789 1622 1975 1658 Dominum
1987 1624 2046 1660 sta-

1159 1672 1219 1705 tim
1241 1674 1343 1707 exivit
1363 1674 1449 1707 foras
1460 1684 1501 1706 ex
1522 1673 1606 1706 atrio
1617 1671 1811 1711 pontificis,
1837 1674 1869 1707 &
1882 1676 2043 1716 poenitens

1158 1721 1247 1755 flevit
1260 1722 1383 1756 amare.
1411 1722 1566 1756 Palmaris
1580 1723 1659 1756 item
1674 1746 1685 1762 ,
1706 1733 1805 1764 quarn
1820 1723 1853 1756 in
1870 1725 2041 1759 incoestuo-

1158 1771 1190 1803 so
1215 1771 1393 1806 Corinthio
1406 1784 1550 1806 excitare
1560 1782 1697 1806 conatus
1707 1773 1752 1805 est
1766 1772 1887 1806 Paulus
1900 1773 2038 1816 Ap0st0÷

1158 1823 1227 1859 lus,
1256 1821 1460 1855 Poenitentiae
1474 1833 1542 1865 pars
1555 1823 1616 1855 fuit
1630 1822 1749 1856 mentis
1762 1822 1891 1856 tristitia
1903 1848 1913 1863 ,
1926 1827 1958 1857 ὃ(
1970 1825 2040 1868 qui-

1155 1870 1231 1905 dem
1259 1881 1349 1905 tanta
1374 1896 1384 1911 ‚
1419 1883 1454 1906 ut
1481 1873 1624 1906 timuerit
1660 1873 1745 1906 idern
1771 1873 1947 1915 Apostolus
1959 1899 1969 1914 ‚
1997 1886 2038 1909 ne

1156 1922 1221 1963 ipsa
1248 1921 1302 1955 ille
1313 1922 1552 1956 absorberetur.
1571 1920 1670 1957 Nihil
1694 1923 1894 1965 frequentius
1918 1936 1954 1957 ac
1981 1926 2040 1959 fer·

1155 1971 1283 2004 ventius
1312 1972 1409 2016 quam
1442 1972 1602 2015 lacrymas
1614 1996 1624 2012 ,
1651 1973 1685 2005 ὅ(
1709 1983 1878 2006 moerorem
1911 1974 2036 2010 Divina

1135 2019 1314 2064 Scriptura
1339 2023 1560 2065 peccatoribus
1583 2023 1728 2057 inculcat
1749 2047 1755 2054 .
1796 2022 1895 2065 Apud
1919 2034 2035 2058 omnes

1152 2072 1232 2103 olim
1257 2072 1315 2104 sub
1340 2072 1426 2106 coelo
1441 2072 1596 2105 Ecclefias
1623 2073 1724 2114 prima
1737 2071 1973 2106 Poenitentium
1998 2086 2035 2107 ac

1132 2118 1356 2163 :Poeuitemiae
1369 2122 1470 2155 claffis
1481 2123 1543 2156 fuit
1554 2123 1722 2155 Flentium
1736 2134 1773 2155 ac
1784 2123 1953 2157 dolorosas
1965 2125 2034 2158 Fle-

1130 2164 1220 2208 jtus.
1249 2169 1292 2202 Et
1311 2170 1389 2204 hinc
1411 2174 1446 2204 in
1466 2172 1557 2204 libris
1579 2172 1618 2205 de
1630 2172 1830 2206 Poenitentia
1842 2172 1951 2207 scribit
1963 2174 2033 2206 san-

1148 2220 1215 2251 &us
1242 2219 1450 2253 Ambrosius:
1479 2223 1544 2264 ‚Qui
1565 2227 1629 2265 agit
1650 2224 1892 2261 Poenitantiam‚
1919 2224 2032 2257 diluere
2071 2242 2136 2278 Db

1146 2268 1277 2306 lacrymis
1300 2270 1387 2303 debet
1403 2279 1557 2311 peccatum
1575 2270 1680 2313 suum.
1711 2274 1794 2314 Ergo
1805 2271 1907 2314 lapsus
1920 2273 2028 2313 nostros
2043 2303 2062 2325 c
2105 2257 2111 2277 ¹
2139 2270 2145 2277 ⁸
2173 2258 2204 2283 2*

1127 2293 1132 2347 i
1146 2321 1320 2352 mundemus
1330 2320 1448 2359 fletibus
1462 2345 1472 2360 ‚
1494 2331 1528 2354 ut
1538 2323 1644 2353 audiat
1657 2332 1709 2354 nos
1723 2324 1867 2354 Dominus
1881 2323 1972 2361 noster
1982 2330 2025 2357 in·
2064 2317 2070 2324 ’
2093 2305 2127 2339 ‘5‘

1124 2349 1330 2411 igemfientes
1345 2395 1351 2402 .
1369 2370 1411 2404 Et
1425 2372 1456 2403 in
1468 2372 1568 2404 literis
1582 2372 1621 2404 ad
1634 2371 1803 2405 Comitem
1815 2372 2022 2409 Bonifacium

1143 2419 1267 2453 sanstus
1280 2419 1505 2464 Augustinus:
1533 2419 1604 2461 Nifi
1610 2427 1704 2463 egeris
1720 2424 1947 2461 Poeniientiam,
1958 2421 2023 2465 sal·
2040 2428 2098 2472 Ep,
2112 2441 2168 2476 50,

1141 2479 1199 2501 vus
1214 2471 1265 2511 effe
1288 2481 1345 2501 non
1354 2478 1466 2511 poteris
1477 2496 1484 2503 .
1510 2471 1665 2514 ‚Quomodo
1688 2476 1765 2503 enim
1770 2472 1920 2513 gaudebis
1929 2481 1958 2506 te
1967 2475 2021 2516 effe

1120 2520 1296 2554 ¹corret¹Ium
1310 2543 1319 2558 ‚
1346 2519 1403 2561 nifi
1418 2521 1515 2552 doleas
1523 2520 1611 2562 fuisse
1626 2519 1834 2562 perversum?
1860 2521 1903 2555 Et
1916 2522 2016 2556 infra:

1139 2569 1279 2601 Habeant
1302 2570 1464 2608 Donatistae
1486 2571 1522 2602 de
1541 2576 1695 2611 praeterito
1718 2570 1880 2610 detestabili
1891 2583 1986 2605 errore
2005 2597 2016 2613 ‚

1127 2615 1200 2659 ficut
1228 2621 1337 2652 Petrus
1365 2618 1470 2651 babuit
1497 2620 1534 2652 de
1561 2621 1695 2652 mendaci
1719 2626 1821 2653 umore
1842 2645 1852 2661 ‚
1880 2633 2015 2656 amarum

1134 2668 1279 2700 dolorem.
1308 2668 1350 2700 Et
1377 2670 1494 2702 Severo
1521 2669 1719 2703 Milevitano
1741 2670 1930 2713 Episcopo,
1956 2674 2012 2714 qui

1133 2717 1325 2751 Lutherano
1351 2717 1499 2762 dogmati
1521 2719 1600 2763 quid
1622 2720 1656 2752 in
1681 2719 1816 2762 speciem
1840 2722 1943 2755 fimile
1963 2724 2012 2755 in-

1833 2771 1931 2813 ,Quafi
1951 2783 2009 2805 non
2026 2792 2085 2836 Ep·
2103 2805 2182 2837 240·

2024 2842 2068 2876 Et
2103 2843 2183 2880 oditi

1128 2868 1191 2898 nim
1222 2869 1339 2909 possunt
1369 2868 1465 2909 postea
1491 2877 1677 2912 corrigantur
1699 2892 1706 2899 .
1743 2868 1949 2903 Paradoxum
1972 2872 2005 2906 δε
2021 2896 2146 2935 peccati

1125 2927 1174 2950 tot
1213 2917 1317 2951 verbis
1356 2919 1531 2963 indignum
1571 2918 1615 2951 est
1654 2917 1735 2952 istud
1772 2917 1909 2953 Lutheri
1945 2922 2003 2959 do-

1123 2977 1197 3011 gma
1222 2979 1229 2999 :
1257 2966 1345 3002 Nam
1357 2969 1393 3002 ὅ(
1417 2969 1472 3012 ipsi
1499 2967 1598 3002 hodie
1627 2967 1808 3002 Lutherani
1831 2969 1913 3004 illud
1926 2971 2002 3006 abo-

242 3019 321 3054 Hoc
337 3034 418 3067 ergo
437 3033 530 3056 novae
545 3020 697 3055 dostrinae
717 3017 897 3052 monstrum
920 3018 1063 3051 eversura
1123 3018 1303 3052 minantur.

190 3066 386 3106 sacrosancta
408 3072 609 3105 Tridentina
633 3069 787 3112 synodus
809 3069 911 3102 sancit
931 3068 1060 3101 Contri-

188 3118 314 3153 tionem
331 3123 509 3165 generatim
532 3123 694 3163 sumptam
717 3130 786 3153 non
811 3118 939 3152 tantum
965 3117 1061 3151 cessa-

188 3166 313 3202 tionem
326 3171 343 3203 ὲ
357 3183 508 3214 peccato,
523 3173 555 3206 ὅ(
569 3173 641 3205 vitae
653 3181 742 3204 novae
754 3169 951 3212 propositum
964 3178 1001 3200 ac
1014 3169 1060 3201 in-

187 3216 399 3253 choationem
412 3245 423 3261 ,
448 3222 501 3256 sed
523 3222 638 3256 veteris
647 3221 744 3254 etiam
759 3219 875 3254 odium
886 3220 918 3253 δε
931 3217 1061 3252 detesta-

46 3262 176 3300 Contri·
188 3268 315 3302 tionem
327 3271 392 3303 esse
403 3295 413 3311 ‚
439 3283 534 3312 atque
547 3273 590 3305 ita
602 3270 719 3313 incipit
732 3270 798 3311 ejus
811 3269 1061 3303 definitionem:

21 3311 70 3345 tio
81 3314 174 3351 debet
189 3321 334 3350 contritio
359 3320 397 3359 est
419 3322 497 3353 dolor
520 3327 629 3353 animi.
659 3321 823 3364 Loquitur
844 3330 918 3352 cum
932 3318 1059 3352 Tertul-

9 3363 83 3397 aesse
119 3367 174 3403 do·
190 3368 280 3402 liano
303 3370 336 3402 in
360 3370 444 3403 libro
464 3372 504 3403 de
516 3370 734 3404 Poenitentia:
762 3369 974 3412 Exomologefis
997 3377 1052 3409 pro

23 3409 90 3446 lor.
182 3417 336 3458 sternendi
366 3423 399 3453 (5
425 3419 639 3460 humilificandi
664 3421 791 3453 hominis
815 3418 974 3463 disciplena
997 3419 1035 3459 es}
1054 3440 1064 3456 ,

288 3469 395 3511 Christ.
412 3474 492 3513 Lupi
503 3475 600 3511 Opera
613 3472 750 3502 Tomxr.

1173 3067 1284 3112 Pergit
1298 3069 1401 3102 santia
1412 3065 1563 3110 Synodus
1577 3081 1587 3100 .-
1600 3069 1644 3100 Et
1656 3067 1809 3108 detestatio
1819 3094 1826 3102 .
1849 3069 1942 3105 Alibi
1956 3072 2002 3106 di·
2043 3071 2122 3105 Sess.
2144 3071 2175 3106 6.

1120 3117 1164 3151 cit
1181 3130 1188 3150 :
1217 3119 1324 3150 Odium
1336 3117 1528 3156 &detestatio
1535 3125 1650 3159 peccati
1664 3144 1669 3151 .
1699 3119 1840 3153 Rursum
1855 3120 2001 3164 loquitur
2017 3131 2084 3163 cap.
2096 3125 2127 3158 6.
2173 3120 2178 3124 ”

1119 3179 1195 3201 cum
1208 3167 1423 3202 Tertulliano
1435 3168 1469 3200 in
1484 3167 1566 3201 libro
1577 3167 1616 3201 de
1626 3169 1836 3203 Poenitentia:
1850 3173 1999 3204 Poeniteat

1119 3229 1250 3250 errorum
1262 3227 1382 3261 reperta
1393 3222 1522 3251 veritate
1533 3231 1546 3259 ;
1567 3224 1713 3259 paeniteat
1724 3223 1829 3262 amaffe
1840 3232 1906 3262 quae
1919 3225 1997 3253 Deus
2015 3243 2045 3277 C

1122 3280 1179 3300 non
1192 3278 1276 3302 amat
1289 3294 1298 3308 ,
1326 3269 1444 3310 quando
1455 3279 1491 3300 ne
1500 3279 1551 3300 nos
1563 3268 1678 3310 quidem
1692 3268 1747 3310 ipsi
1748 3268 1877 3311 servulis
1893 3270 1996 3308 nostris

1120 3329 1155 3350 ea
1178 3342 1187 3359 ‚
1214 3319 1322 3360 quibus
1343 3317 1518 3357 offendimus
1541 3341 1552 3359 ,
1578 3330 1635 3351 non
1656 3321 1703 3351 odi
1727 3331 1740 3350 e
1758 3321 1959 3359 permittimus
1989 3345 1996 3352 .

1123 3367 1295 3403 Consonat
1306 3368 1341 3401 in
1358 3367 1478 3412 regulis
1489 3367 1691 3402 brevioribus
1714 3379 1850 3411 magnus
1865 3368 1998 3403 Basilius

1124 3419 1259 3453 Primam
1284 3423 1388 3453 anima
1412 3418 1491 3453 male
1510 3429 1581 3455 ante
1601 3418 1701 3452 ac‘lam
1713 3423 1807 3452 vitam
1812 3416 1902 3460 suam
1914 3420 1998 3463 odrffe

1842 3466 1926 3502 debet
1938 3493 1948 3508 ,

2047 3255 2063 3278 a
2066 3255 2094 3288 p.
2113 3253 2145 3290 4,

1622 3469 1645 3505 S
