2366 3736
612 123 680 161 Dc
713 105 1151 160 Con-tntrtou'r]

1187 120 1252 155 ετ
1284 104 1698 159 Armrr'rous.
1922 128 2015 172 223

226 196 377 243 adeoque
397 191 514 239 &post
525 195 742 240 competitum
762 195 1004 233 Sacramentum
1016 192 1106 227 subi-
1164 195 1274 236 sopitis
1299 197 1390 241 {gitur
1411 193 1614 235 quastionibus
1637 193 1811 234 Doctorum,
1840 195 1967 229 Parrum
1984 194 2051 238 sen-

225 258 269 284 Ιιο
283 258 324 282 ex
336 245 524 285 infirmitate
535 246 763 285 obmutuerat,
789 245 935 278 amiserat
958 244 1084 281 sensum
1097 269 1107 285 ‚

229 295 382 340 atqueita
393 295 573 340 baptizatus
584 295 728 336 obierat;
754 293 790 327 in
815 293 923 332 libro,
949 293 1086 339 inquam
1098 317 1108 333 ,

230 347 274 381 de
283 343 380 389 hujus
390 345 603 385 adolescentis
614 344 660 378 Ba
665 344 784 386 ptistuo
798 345 884 378 favet
896 344 1021 381 sanstus
1033 343 1106 382 Ful·

227 395 384 450 gentius,
409 395 574 436 Ferrando
597 393 743 428 Ecclefiae
754 392 1018 439 Carthaginenfis
1030 393 1112 431 Dia-

231 451 321 486 ωηο
332 447 462 492 roganti
475 469 483 479 .
510 441 706 489 Ergosalvur
713 445 795 486 effer,
808 454 864 489 per
876 443 1038 489 propriam
1051 444 1111 478 uti·

231 507 296 540 que
308 492 565 533 Contritionem'
577 494 610 532 ὅ(
631 496 773 537 peractos
783 495 817 529 in
831 495 901 538 ipso
916 494 1064 532 laudatos
1075 492 1113 527 ri-

232 556 285 584 tus
296 543 547 585 Sacramentales
560 567 572 584 ‚
597 545 630 581 si
636 555 688 579 nec
698 546 743 580 ad
750 543 846 590 ipsam
857 549 986 586 corporis
998 544 1114 581 tintho-

232 607 300 635 nem
320 594 515 638 pervemffet,
541 595 758 637 respondens:
785 599 838 633 Ne
854 600 922 637 quis
944 595 1026 630 ,dicat
1037 594 1116 637 quod

232 647 291 686 ille*
302 644 410 689 salvus
430 645 495 687 effer
507 668 517 683 ,
537 643 569 686 fi
585 656 636 678 nec
647 646 691 678 ad
701 643 797 688 ipsam
808 644 977 681 tint'Jionem
988 649 1115 686 corporis

231 693 427 744 perveniffet,
453 694 520 727 cum
542 699 646 736 utique
668 706 726 729 non
749 695 883 733 dicamus
894 695 974 734 illum
981 693 1042 736 sine
1054 697 1116 727 Ba·

227 742 334 791 ptismi
355 746 544 781 sacramento
560 742 624 787 sola
644 744 808 789 consefflone
823 745 943 787 potuisse
962 743 1084 787 salvari
1110 768 1117 776 .

231 793 330 842 QUI
368 793 493 832 ENIM
532 793 840 833 CREDJDERIT
865 794 932 832 ET
959 791 1120 828 ΒΑΡΤΙ-

233 843 403 883 zATUs
427 843 639 888 FUERrr,
666 843 856 880 SALVUS
872 844 990 878 ERlT
1004 869 1011 876 .
1032 844 1120 881 ‚Illum

231 900 335 936 utique
355 892 566 937 adolescentem
583 918 595 934 ,
634 898 707 936 quia
736 894 888 937 eredidiffe
914 895 948 928 (vs
970 893 1123 936 confessum

228 944 320 987 fuisse
341 950 480 982 novimus
491 968 502 984 ‚
527 946 595 982 ideo
605 951 662 985 per
672 945 900 981 sacramentum
914 942 1122 986 Baptismatis

231 993 358 1038 salvum
372 992 460 1040 fuiffe
479 993 633 1040 firmamus
646 1017 654 1025 .
681 995 749 1038 gui
766 993 798 1033 si
818 1005 876 1027 non
897 994 1103 1035 baptizaretur
1116 1015 1126 1031 ‚

239 1041 398 1086 nonsoltim
407 1040 537 1084 nesciens
547 1066 559 1084 ,
581 1042 641 1087 sed
648 1048 739 1076 etiam
747 1042 846 1086 sciens
857 1067 867 1084 ‚
888 1045 1058 1078 nullatenus
1064 1041 1124 1086 sal-

237 1102 363 1131 varetur
373 1116 380 1124 .
411 1096 470 1129 Via
480 1097 561 1131 enim
566 1091 678 1136 salutis
683 1093 752 1140 fuit
763 1100 796 1130 in
809 1093 973 1135 confefflone
984 1119 994 1135 ,
1002 1093 1082 1136 salus
1095 1098 1126 1125 in

239 1140 436 1185 Baptismate
445 1167 454 1182 ,
467 1142 510 1177 Et
522 1144 556 1176 in
569 1143 655 1178 libro
666 1144 707 1178 de
718 1144 782 1179 fide
797 1145 837 1178 ad
851 1144 983 1178 Petrum
994 1143 1104 1179 scribit
1120 1155 1127 1174 z

66 1201 148 1246 cn),
171 1209 226 1249 30¹
242 1193 417 1232 Firmiffime*
426 1201 492 1226 tene
503 1217 513 1236 ‚
542 1194 577 1226 o·
591 1195 760 1227 nullatenus
771 1195 888 1227 dubites
897 1218 908 1235 ,
921 1200 1054 1236 exceptis
1067 1194 1127 1226 illis

201 1240 211 1244 ’
240 1248 294 1285 qui
315 1251 372 1284 pro
393 1248 509 1275 nomine
532 1243 643 1282 Christi
655 1242 709 1286 suo
727 1243 876 1288 sanguine
897 1245 1094 1286 baptizantur
1118 1266 1128 1281 ‚

242 1293 357 1325 nullum
378 1290 527 1325 bominem
544 1302 730 1335 accepturum
752 1300 852 1328 vitam
877 1305 1023 1332 aternam
1042 1318 1053 1334 ,
1079 1297 1130 1335 qui

243 1353 301 1375 non
322 1341 369 1374 bic
380 1343 401 1374 ἃ
411 1342 501 1377 malis
506 1341 604 1383 fuerit
612 1351 670 1385 per
678 1344 771 1385 fidem
778 1349 1054 1386 poenitentiamque
1067 1354 1130 1379 con·

244 1390 350 1435 versus
361 1416 372 1432 ‚
400 1393 436 1429 (9·
441 1401 498 1433 per
510 1394 736 1430 sacramentum
746 1393 819 1434 fidei
832 1396 867 1428 Θ·
874 1399 1064 1437 poenitentiae
1075 1416 1086 1433 ,
1098 1392 1131 1427 id

244 1442 291 1476 est
305 1466 315 1482 ‚
343 1441 544 1485 Baptismum
556 1466 568 1482 ‚
595 1443 738 1475 liberatus
749 1467 757 1475 .
778 1443 928 1478 Eandem
938 1443 1132 1477 sententiam

246 1501 371 1529 tutatus
391 1492 437 1525 est
458 1491 533 1531 ille,
559 1492 602 1528 de
625 1503 693 1535 quo
714 1493 752 1526 ad
766 1493 953 1537 Hugonem
964 1491 1004 1528 de
1017 1494 1134 1528 Sancto

248 1542 385 1578 Vistore
398 1541 552 1584 rescripsit
564 1542 689 1575 sanctus
702 1542 904 1577 Bernardus:
919 1543 1026 1576 Scribis
1037 1554 1133 1585 quem-

247 1592 322 1628 dam
332 1588 466 1633 adserere
477 1614 487 1629 ,
515 1602 553 1624 ex
563 1602 620 1634 quo
631 1593 765 1633 primum
774 1593 889 1629 didam
901 1595 922 1626 ἆ
933 1595 1057 1625 Domino
1064 1594 1136 1636 legi-

248 1649 323 1681 tur,
349 1640 440 1676 NISI
466 1641 586 1688 QUis
608 1641 846 1677 RENATUS
870 1642 1063 1678 FUERlT
1076 1644 1138 1675 EX

250 1690 399 1736 AQJA
422 1691 456 1724 <Sc
479 1690 676 1730 spileU
698 1690 918 1732 SANCTO‚
944 1691 1051 1727 NON
1076 1691 1138 1725 lN-

250 1739 442 1778 TRABiT
468 1741 519 1778 ΙΝ
547 1739 769 1776 REGNUM
796 1741 1065 1780 CAELORUM
1080 1767 1089 1782 ,
1100 1753 1138 1775 ex

248 1801 280 1830 eo
301 1796 450 1827 neminem
471 1789 584 1836 absque
604 1792 702 1827 eodem
715 1791 871 1825 ac‘lualiter
884 1800 1022 1833 percepto
1033 1793 1138 1826 sacra-

249 1849 352 1874 mento
364 1864 374 1880 ,
401 1841 453 1873 vel
461 1842 526 1880 ejus
538 1844 603 1873 vice
613 1846 750 1878 martyrio
758 1866 768 1880 ,
791 1843 939 1874 ullatenus
948 1841 1071 1883 potuiffe
1079 1840 1140 1883 sal-

250 1896 324 1925 vari
336 1913 344 1921 .
372 1889 430 1922 sed
449 1888 504 1931 etfi
514 1889 598 1931 forte
618 1891 694 1922 illud
703 1889 854 1934 quispiam
864 1902 929 1923 cum
942 1902 1014 1924 vera
1022 1889 1082 1931 fide
1106 1892 1140 1924 &

252 1943 441 1975 contritione
463 1941 561 1972 cordis
574 1948 729 1981 expeteret
742 1965 752 1980 ‚
773 1939 1012 1982 fidpraeventus
1036 1946 1139 1973 mortis

252 1989 377 2022 articulo
399 1987 524 2031 adsequi
544 1992 626 2031 quod
633 1998 754 2031 cuperet
766 2014 777 2031 ‚
803 2002 861 2023 non
872 1990 1012 2030 valeret,
1042 1999 1142 2023 tamen

221 2065 224 2069 .
253 2041 371 2073 omnino
394 2039 552 2070 damnari.
581 2038 711 2076 Docior
732 2039 788 2073 ille
812 2040 940 2077 videtur
950 2040 1045 2075 fuisse
1057 2040 1141 2073 Otto

255 2089 440 2134 Episcopus
467 2088 676 2137 Frifingenfis
699 2112 710 2128 ,
736 2089 754 2124 a
780 2101 849 2132 quo
875 2100 1025 2124 notatum
1046 2090 1142 2123 fuisse

252 2140 397 2175 stastum
423 2137 645 2178 Bernardum,
673 2139 717 2173 est
739 2139 831 2182 supra
859 2139 983 2176 distum
998 2163 1006 2172 .
1029 2138 1143 2172 Ambo

252 2188 385 2228 fuerunt
397 2188 614 2222 Cistertienfis
627 2186 762 2225 Ordinis
772 2188 911 2232 grandia
935 2189 1108 2222 luminaria
1134 2213 1143 2227 ,

223 2256 226 2259 ·
252 2248 287 2275 at
311 2249 381 2271 non
406 2248 459 2279 per
477 2238 591 2270 omnia
617 2236 798 2273 concordes
811 2262 818 2270 .
846 2239 890 2274 Et
916 2239 1044 2272 videtur
1056 2241 1143 2274 Otto

253 2285 516 2321 catechumenis
537 2296 593 2320 aut
605 2285 850 2322 Poenitentibus
863 2313 873 2327 ,
899 2299 974 2323 cum
1000 2288 1067 2322 sola
1085 2289 1143 2322 im-

253 2337 392 2386 perfecta
404 2335 620 2375 Contritione
643 2337 711 2371 {ine
723 2339 838 2372 actuali
851 2339 1062 2375 Sacramento
1077 2348 1143 2371 mo·

248 2385 414 2435 urientibus
426 2410 436 2425 ,
458 2396 606 2420 aeternam
622 2387 756 2421 salutem
771 2387 941 2423 definitive
954 2400 1020 2423 non
1035 2389 1140 2433 negas-

255 2437 288 2472 se
301 2459 312 2477 ,
338 2433 391 2469 sed
413 2436 461 2470 uti
484 2436 524 2470 de
537 2448 570 2470 re
582 2436 704 2472 incerta
718 2438 751 2475 &
773 2438 858 2472 intra
870 2438 1002 2473 Divinae
1014 2438 1143 2475 misera·-

259 2486 363 2518 tionis
384 2486 606 2523 secteriffimos
618 2485 786 2523 thesauros
797 2488 960 2523 occultata
972 2489 1143 2524 dumtaxat

257 2532 428 2573 haeficasse.
457 2536 583 2571 Duram
602 2545 719 2570 tamen
737 2537 755 2569 a
778 2537 884 2572 saneto
902 2538 1068 2572 Bernardo
1080 2549 1141 2572 me·

261 2593 421 2622 moratam
442 2584 640 2627 opinionem
665 2585 818 2622 videntur
841 2587 983 2623 omnino
1005 2589 1144 2622 tenuisse

88 2663 161 2706 Lib.
190 2674 222 2712 3.
260 2635 370 2717 nescgo
389 2633 647 2718 (ιιιὲᾩῗᾶοτεε,
673 2645 756 2682 quos
777 2637 936 2718 igliteris
958 2638 998 2672 ad
1012 2639 1109 2672 Crem

87 2715 137 2753 tit·
165 2725 221 2762 4³·
263 2685 1143 2780 3223„{1:535552‘12:iiia„25522221335252

86 2776 155 2808 βψ·
179 2777 211 2807 ²²⁶
292 2811 295 2814 »
314 2783 370 2821 Ad
397 2784 540 2820 nostram
553 2796 632 2830 ergo
645 2809 656 2825 ‚
682 2786 781 2822 etiam
794 2785 852 2822 fibi
865 2788 1058 2834 propositam
1070 2789 1086 2822 ὲ
1099 2787 1143 2824 di-

99 2815 249 2858 lmpeffe‘
263 2835 316 2881 {io
326 2834 492 2880 Episcopo
505 2857 516 2874 ‚
527 2835 735 2879 quaestionem
750 2835 921 2878 respondet
934 2838 1086 2872 laudatus
1096 2839 1144 2872 In-

90 2866 140 2922 ἂῗ
157 2864 252 2922 ,0⁰⁰²
265 2884 440 2918 nocentius
462 2884 665 2919 adfirmative
690 2898 698 2918 :
725 2886 926 2925 Presbyterum
948 2912 957 2927 ,
988 2900 1075 2930 quem
1085 2888 1147 2928 fine

95 2923 191 2951 “¹²¹⁰
215 2914 250 2947 fi'
265 2935 348 2971 unda
373 2933 579 2977 Baptismatis
600 2943 764 2973 extremum
789 2937 1146 2982 diemclaufiffefignifica-

88 2974 130 3046 ῗῖε
139 2964 300 3047 §aua-isti
310 3008 321 3025 ,
345 2991 416 3027 quia
437 2990 470 3018 in
485 2983 601 3027 sandae
615 2989 725 3023 Matris
737 2986 868 3029 Ecclefiae
876 2988 936 3029 fide
948 3011 959 3027 ‚
983 2991 1017 3022 (5
1037 2988 1147 3029 Christi

102 3025 114 3046 ¹
162 3024 234 3048 πη
266 3040 391 3070 nominis
403 3035 565 3076 conseffione
572 3035 780 3079 perseveravit
793 3061 803 3076 ,
830 3036 1016 3083 abvorigrnali
1031 3048 1147 3081 peccato

89 3072 240 3155 Ξῗὶῗὲἰπ
261 3081 389 3126 solutum
401 3108 412 3126 ,
438 3087 472 3121 ὁ·
482 3086 599 3126 coelestis
608 3092 720 3129 patriae
724 3088 841 3130 gaudia
852 3091 903 3129 esse
912 3091 1055 3130 adeptum
1066 3087 1147 3132 adse-

90 3136 607 3220 invoca-355252‘221332‘322
631 3136 1148 3224 L555ss23'5255555⁶552f“³5i³;

93 3211 129 3268 ¹9
165 3223 251 3248 ‘¹¹0¹‘
266 3232 476 3269 PTisMUs
515 3211 854 3275 mvl'srsstmTER
895 3201 1145 3274 MfNJS'TRA-

92 3268 149 3298 ‘¹⁸‘
264 3282 378 3318 TUR
391 3308 402 3323 ‚
433 3285 582 3331 QUEM
596 3287 703 3322 NON
716 3288 1064 3325 CONTEMPTUS
1075 3290 1147 3322 RE-

264 3332 477 3368 LIGIONIS
503 3359 514 3374 ,
540 3336 628 3370 SED
653 3337 920 3375 TERMINUS
947 3340 1137 3376 NECESSI

264 3382 413 3417 TATis
442 3383 719 3421 EXCLUDIT.
735 3389 862 3426 Librum
871 3396 964 3422 eriam
972 3390 1071 3433 sanc‘Ii
1086 3395 1146 3421 Am-

262 3431 343 3476 brofii
353 3435 390 3470 de
402 3433 481 3470 obitu
493 3435 702 3471 Valentiniani
711 3462 723 3480 ,
749 3439 825 3472 idem
837 3438 1003 3482 adferentis
1013 3441 1118 3475 evolve
1142 3463 1150 3472 .

62 576 145 621 cap.
159 573 191 617 8,

74 1553 136 1598 Ep·
151 1561 204 1599 772

1166 245 1275 278 tentt'as
1288 267 1299 283 ‚
1326 244 1360 276 (5
1382 247 1415 275 in
1438 243 1565 287 Ecclefia
1585 255 1638 280 tua
1653 246 1741 290 juges
1759 252 1862 288 preces
1884 244 2046 288 hostiasque

1169 299 1229 333 Deo
1248 292 1345 336 offerri
1359 292 1470 333 jubeas
1487 302 1544 336 pro
1568 296 1919 339 Presbyteromemorato.
1948 295 2044 328 Circa

1172 342 1351 390 Augustini
1376 342 1507 383 locum,

1171 391 1256 435 tate,
1283 393 1336 427 sed
1348 393 1383 430 in
1395 392 1485 427 libris
1495 393 1534 427 de
1549 394 1717 439 Baptistae
1728 394 1895 430 adversum
1909 393 2049 429 Donati·
2066 404 2136 437 cap.
2163 402 2219 440 23.

1173 446 1234 481 ssas
1245 444 1371 483 exstat,
1396 442 1626 482 eruditissimus
1647 444 1802 481 Pontifex
1818 446 1881 480 fuit
1893 444 2052 479 memoria

1174 495 1292 538 lapsus.
1322 493 1399 535 Ejus
1420 501 1528 526 autem
1554 494 1740 531 definitioni
1755 506 1820 529 non
1836 496 1923 529 solus
1937 495 2051 539 Augu·

1175 545 1274 578 stinus
1285 543 1319 577 &
1335 542 1528 581 Ambrofius
1539 544 1794 586 adstipulantur,
1823 546 1875 578 sed
1887 546 1919 579 δε
1931 546 2053 579 sanstus

1176 594 1384 638 Cyprianus,
1411 592 1563 643 jubaiani
1586 593 1761 637 Episcopi.
1787 595 1877 641 Qid
1899 595 1939 628 de
1962 594 2056 627 haere·

1177 645 1249 679 ticis
1276 643 1534 687 poenitentibus,
1561 643 1595 676 δ(
1622 644 1688 677 line
1716 645 1883 686 Baptismo
1905 642 2057 687 usquead

1181 694 1355 741 Agrippini
1391 694 1622 737 Episcopatum
1656 694 1690 726 in
1715 694 1890 728 Ecclesiam
1918 693 2059 727 admissis

1179 743 1376 782 credendum
1388 745 1467 778 esset
1481 768 1492 788 ,
1506 743 1760 788 interrogationi
1774 744 1969 786 respondens
1981 756 1991 776 .·
2005 745 2062 776 Po·

1180 804 1246 834 tens
1259 793 1295 834 est
1308 797 1451 831 Dominus
1462 792 1662 835 misericordia
1670 792 1723 838 sua
1733 795 1951 836 indulgentiam
1964 794 2036 824 dare
2049 815 2060 830 ,

1182 847 1216 884 ζ’]
1236 855 1284 879 eos
1297 843 1526 886 quifimpliciter
1536 845 1647 884 admiffi
1657 850 1689 876 in
1705 843 1828 884 Eccltfia
1841 845 2026 875 dormierunt
2053 866 2063 880 ,

1183 895 1222 933 ab
1243 892 1378 934 Erclefiae
1396 892 1460 936 suae
1480 893 1648 927 muneribus
1662 919 1671 934 ,

1533 345 1590 392 qui
1613 357 1679 379 non
1693 346 1726 379 in
1741 345 1829 379 libris
1843 345 1883 379 de
1896 345 1959 378 Dei
1970 342 2047 377 civi·
2066 341 2141 379 Lib.
2161 352 2194 389 4.

1701 906 1757 926 non
1775 892 1935 937 separare.
1962 891 2065 938 Qod.

1187 944 1392 987 Responsum
1415 945 1541 987 magnis
1553 945 1714 977 encomiis
1729 946 1853 980 sanstus
1864 942 2067 987 Augustinus

1186 996 1221 1031 i'n
1244 994 1293 1027 sui
1314 993 1485 1028 adversum
1508 993 1699 1027 Donatistas
1731 993 1862 1037 Scriptis
1883 992 2067 1036 frequenter

1186 1054 1344 1079 exornat.
1372 1044 1498 1077 Laudat
1523 1045 1663 1078 &aliam
1676 1044 1772 1078 sanffl
1788 1040 2071 1086 Cyprianidostri·

1189 1106 1288 1133 nam,
1313 1105 1375 1137 qua
1401 1106 1440 1126 ex
1467 1093 1546 1127 boni
1571 1095 1733 1133 latronis,
1758 1095 1892 1127 cuinon
1907 1093 2070 1136 baptizato

1187 1145 1310 1179 ditium
1334 1143 1380 1179 est
1395 1169 1405 1184 ,
1431 1145 1520 1177 Hodie
1530 1156 1640 1178 mecum
1651 1150 1709 1177 eris
1720 1150 1753 1176 in
1768 1142 1914 1186 Paradiso
1930 1168 1940 1182 ‚
1970 1143 2071 1175 salute

1188 1195 1350 1228 conclusit
1373 1194 1530 1236 Baptismi
1559 1195 1663 1228 vicem
1686 1194 1865 1237 aliquando
1894 1192 2029 1235 suppleri
2054 1194 2074 1224 a
2131 1200 2133 1202 ·

1191 1245 1369 1287 martyrio,
1398 1246 1431 1277 &
1457 1244 1607 1288 adjungit
1630 1245 1665 1282 in
1688 1244 1827 1277 laudatis
1850 1244 1890 1277 de
1903 1241 2075 1285 Baptismo

1192 1294 1301 1332 iibris;
1329 1295 1422 1336 ,Quod
1430 1300 1521 1326 etiam
1532 1303 1618 1339 atque
1631 1300 1720 1329 etiam
1732 1291 1908 1333 confidemus
1924 1316 1934 1333 ,
1959 1295 2078 1325 invenio
2099 1314 2165 1353 ΠΒ

1194 1355 1250 1376 non
1262 1344 1382 1380 tantum
1389 1344 1543 1383 pafflonem
1553 1352 1609 1385 pro
1624 1348 1741 1378 nomine
1753 1342 1863 1381 Christi
1873 1343 1926 1382 id,
1953 1341 2032 1383 quod
2042 1351 2078 1372 ex
2132 1329 2140 1348 ¹
2166 1339 2173 1347 '
2198 1322 2230 1361 4'

1198 1391 1354 1436 Baptismo
1373 1394 1493 1431 deerat,
1518 1393 1592 1435 poffe
1610 1391 1749 1437 supplere
1772 1415 1782 1431 ‚
1805 1390 1864 1434 sed
1882 1396 1974 1425 etlam
1991 1389 2082 1432 fidem
2104 1378 2173 1411 ΠΨ·
2201 1377 2255 1402 22·

1196 1455 1302 1477 conver
1314 1453 1464 1485 tonemque
1485 1444 1580 1476 cordis
1594 1438 1615 1483 ,”
1625 1443 1652 1484 fi
1666 1442 1748 1484 forte
1761 1437 2020 1475 adcelebrandum
2030 1452 2086 1477 my-

1195 1493 1315 1534 sterium
1332 1492 1530 1535 Baptismiin
1541 1491 1681 1535 angustiis
1693 1500 1856 1533 temporum
1870 1490 2003 1533 succurri
2027 1501 2086 1522 non

1196 1542 1304 1586 potest.
1331 1544 1510 1577 Latronem
1537 1543 1631 1576 illum
1646 1552 1852 1585 nequaquam
1866 1541 2048 1583 Martyrem
2078 1563 2090 1580 ,

1202 1593 1254 1628 sed
1282 1593 1453 1628 dumtaxat
1476 1592 1705 1629 Confefforem
1727 1593 1828 1625 fuisse
1850 1592 1993 1625 ostendit
2016 1590 2088 1623 insi-

1202 1643 1310 1688 gniter
1325 1666 1335 1682 ‚
1362 1642 1396 1676 δε
1416 1644 1543 1687 pergit-z
1572 1644 1632 1676 Sed
1647 1651 1716 1678 tunc
1731 1643 1871 1684 impletur
1882 1640 2090 1683 invtfibiliter,

1202 1695 1268 1727 cum
1286 1692 1478 1731 ministerium
1492 1691 1646 1734 Baptismi
1659 1704 1716 1724 non
1727 1698 1907 1733 contemptus
1920 1692 2066 1734 reltgionis
2077 1713 2089 1729 ,

1200 1742 1254 1786 sed
1274 1745 1416 1777 articulus
1440 1743 1607 1781 neceffitatis
1619 1743 1751 1775 excludit
1763 1765 1770 1773 .
1803 1741 1926 1778 Eadem
1943 1741 2091 1784 Evange-

1206 1794 1267 1826 lica
1281 1793 1331 1825 lex
1345 1815 1355 1831 ,
1381 1803 1451 1835 quae
1465 1792 1713 1826 Contriticnem
1725 1792 1757 1825 ὃ(
1772 1792 1974 1834 Baptismum
1988 1791 2092 1824 sancit

1204 1843 1270 1877 esse
1292 1842 1372 1875 duas
1386 1842 1537 1875 humana»,
1550 1841 1662 1877 salutis
1676 1842 1867 1878 necessarias
1879 1842 2070 1874 concaussas
2081 1863 2092 1879 ‚

1206 1903 1260 1939 per
1280 1891 1385 1927 solum
1408 1892 1473 1927 fine
1498 1893 1627 1935 propria
1647 1892 1863 1929 Contritione
1886 1890 2092 1933 Baptismum

1205 1942 1361 1985 dignatur
1384 1941 1504 1976 salvare
1516 1943 1669 1986 parvulos
1683 1967 1693 1982 ,
1720 1942 1753 1976 ὃς
1766 1940 1850 1979 hanc
1863 1941 2094 1983 exceptionem

1207 1992 1320 2024 statuit
1333 1993 1365 2025 in
1378 1992 1476 2025 aliam
1487 1992 1608 2035 legem.
1635 1992 1729 2026 Hinc
1743 1992 1877 2025 similem
1891 1992 1989 2024 etiam
2003 1989 2096 2022 mise-

1206 2042 1366 2076 rationem
1380 2041 1524 2083 impendi
1544 2041 1728 2085 imperfecte
1739 2041 1891 2075 contritis
1903 2065 1913 2080 ‚
1942 2041 1975 2074 ὅ(
1988 2041 2096 2073 Sacra-

1207 2091 1307 2128 menti
1324 2092 1453 2134 copiam
1466 2102 1533 2124 non
1547 2090 1742 2126 habentibus
1757 2090 1961 2125 moribundis
1972 2089 2094 2123 adultis

1206 2140 1309 2174 solide
1325 2140 1529 2185 Augustinus
1551 2141 1739 2176 concludit.
1769 2140 1957 2177 Amborum
1983 2139 2094 2181 justifir

1206 2190 1369 2222 cationem
1393 2190 1462 2223 fieri
1484 2189 1566 2224 dicit
1588 2191 1711 2239 aliquid
1736 2191 1948 2224 necessarium
1970 2199 2023 2232 per
2037 2189 2098 2221 lin-

1205 2239 1352 2283 gularem
1374 2239 1632 2285 misericordiam
1647 2242 1806 2287 complente
1830 2243 1910 2279 Deo,
1938 2249 2035 2282 atque
2050 2238 2095 2271 ita.

1206 2290 1272 2322 esse
1296 2289 1536 2332 privilegiatam
1557 2290 1641 2332 quafi
1668 2290 1878 2335 irregularem
1894 2313 1903 2329 ‚
1930 2300 1984 2322 aut
2007 2287 2095 2321 certe

1207 2340 1322 2372 factam
1343 2350 1381 2371 ex
1405 2340 1515 2383 regula
1532 2338 1660 2382 speciali
1675 2364 1682 2375 «
1710 2342 1820 2388 Qarn
1832 2350 1967 2372 omnem
1978 2338 2095 2372 (1οᾶτί-

1208 2399 1284 2422 nam
1308 2389 1341 2422 in
1355 2388 1493 2424 laudatis
1513 2390 1552 2423 ad
1567 2385 1749 2434 Hugonem
1764 2390 1966 2427 Victorinum
1990 2387 2094 2420 literis
2115 2403 2271 2452 Epist-77·

1206 2437 1327 2472 eximie
1340 2438 1478 2473 illustrat
1491 2440 1524 2473 ὅ(
1537 2440 1712 2473 confirmat
1728 2441 1851 2473 sanstus
1865 2437 2046 2472 Bernardus
2061 2462 2068 2469 .

1261 2488 1447 2522 Confirmat
1471 2489 1504 2531 ὃς
1517 2499 1628 2531 quarta
1641 2489 1796 2532 Synodus
1804 2483 2090 2534 Carthaginenfis:

1208 2542 1392 2573 Poenitentes
1403 2563 1413 2578 ‚
1442 2543 1493 2579 qut·
1515 2539 1629 2576 attente
1649 2539 1724 2583 leges
1743 2541 1935 2573 Poenitentiae
1947 2549 2093 2580 exequun·
2112 2531 2194 2575 Cap·
2217 2539 2273 2577 79·

1206 2599 1256 2627 tur
1267 2613 1277 2629 ‚
1298 2587 1326 2628 fi
1333 2586 1398 2630 casu
1413 2593 1446 2620 in
1456 2592 1561 2620 itinere
1573 2589 1625 2620 vel
1632 2593 1664 2620 in
1675 2594 1753 2621 mari
1765 2595 1874 2623 mortui
1876 2588 2000 2630 fuerint
2011 2613 2021 2629 ,
2046 2586 2095 2621 ubi

1207 2646 1252 2673 eit
1264 2637 1418 2682 subveniri
1442 2649 1498 2669 non
1516 2639 1596 2680 pfft
1610 2662 1621 2677 ,
1646 2644 1786 2673 memoria
1798 2651 1895 2674 eorum
1908 2641 1943 2677 ψ
1958 2638 2096 2672 orationi-

1206 2689 1261 2725 bus
1285 2691 1319 2722 θ
1330 2687 1523 2721 oblationibus
1536 2689 1755 2725 commendetur
1767 2713 1775 2721 .
1805 2691 1847 2724 Et
1859 2693 1961 2735 prima
1974 2690 2024 2723 Va
2030 2690 2097 2721 sen·

1207 2738 1266 2771 sis:
1296 2740 1354 2772 Pro
1374 2738 1422 2770 bis
1436 2762 1445 2775 ‚
1472 2744 1522 2779 qui
1550 2741 1731 2774 Pit-nitentia
1743 2748 1904 2781 acceptata
1915 2740 1997 2773 bonae
2020 2744 2096 2773 vitae
2116 2739 2195 2785 Cap.
2209 2750 2243 2777 2.

1207 2786 1293 2830 cursu
1311 2786 1522 2833 satisfat‘loria
1542 2788 1758 2830 compuncqione
1771 2795 1909 2823 viventes
1921 2815 1930 2830 ‚
1951 2789 2014 2830 fine
2024 2799 2096 2821 tom-

1209 2844 1344 2873 munione
1365 2844 1519 2879 inopinato
1530 2849 1750 2880 nonnumquam
1763 2839 1888 2880 tranfitu
1900 2847 1932 2871 in
1944 2845 2028 2883 agris
2042 2849 2096 2872 aut

1210 2889 1365 2923 itineribus
1372 2894 1604 2929 praeveniuntur·
1615 2913 1624 2928 ‚
1647 2888 1818 2921 oblationem
1829 2893 2028 2931 recipiendam
2038 2915 2047 2930 ‚
2062 2891 2096 2923 (⁴5

1209 2949 1305 2972 eorum
1320 2938 1437 2980 funera
1457 2949 1492 2971 ac
1505 2938 1640 2978 deinceps
1652 2945 1818 2971 memoriam
1831 2940 2020 2981 Ecclesiastico
2030 2937 2099 2980 affe—

1209 2988 1255 3020 c‘lu
1264 2987 1516 3033 prosequendam.
1533 2988 1574 3024 Et
1589 2989 1725 3022 secunda
1736 2988 1979 3025 Aureiianenfis
1991 3004 1998 3024 ε
2011 2989 2099 3026 obla.-

1210 3044 1301 3071 tiones
1316 3038 1519 3080 defuncqorum
1532 3061 1542 3077 ,
1567 3042 1661 3080 quiin
1676 3040 1774 3081 aliquo
1783 3041 2028 3083 crimineficerint
2049 3046 2099 3074 in·-

1210 3095 1367 3130 terempti,
1392 3093 1482 3129 recipi
1505 3087 1609 3120 debere
1627 3085 1799 3131 censemus,
1819 3089 1852 3131 fi
1867 3100 1969 3125 tamen
1979 3103 2037 3124 non
2049 3089 2105 3134 ipfi

1204 3138 1258 3180 fibi
1280 3147 1399 3175 mortem
1431 3137 1594 3180 probentur
1614 3145 1744 3180 propriis
1780 3141 1917 3175 manibus
1947 3142 2071 3181 intuliffe
2090 3166 2099 3174 .

1211 3189 1332 3240 Qales
1356 3189 1509 3223 Canones
1537 3186 1653 3223 adduci
1678 3190 1812 3232 poffunt
1834 3193 1928 3226 multi
1956 3216 1962 3223 .
1998 3190 2101 3238 Qod

1210 3239 1294 3273 istud
1314 3241 1348 3273 in
1371 3236 1547 3275 substantia
1568 3239 1673 3281 ipsum
1699 3250 1756 3282 pro
1784 3241 2039 3278 Catechumenis
2051 3239 2103 3275 de·

1213 3290 1332 3327 funeiis
1357 3287 1424 3322 fieri
1448 3287 1568 3331 pellit,
1593 3289 1626 3322 &
1650 3289 1731 3326 recte,
1743 3290 1821 3330 fiat,
1848 3292 1934 3327 eirca
1955 3290 2104 3327 Valenti-

1213 3339 1348 3376 nianum
1362 3339 1402 3373 11.
1417 3338 1651 3381 Imperatorem
1666 3338 1779 3376 docuit
1793 3340 1823 3373 S.
1836 3340 2108 3375 Ambrosiusver-

1213 3390 1257 3424 bo
1276 3391 1308 3425 &
1335 3387 1487 3432 exemplo
1500 3413 1507 3421 .
1537 3387 1655 3431 Neque
1678 3389 1859 3424 adversatur
1879 3391 1980 3433 prima
1991 3391 2105 3428 Braca-
2124 3369 2242 3419 cap-’⁵‘

1213 3440 1310 3478 renfis
1331 3438 1505 3484 synodus:
1531 3440 1651 3476 Placuit
1663 3449 1705 3475 ut
1726 3438 1951 3476 catechumenis
1967 3439 2030 3483 fine
2042 3444 2109 3476 Ba.

1971 3490 2079 3534 ptismi

2116 3019 2200 3065 Cap.
2220 3024 2273 3061 15-
