2366 3736
323 137 416 198 ιβ

274 230 400 260 unoe,
417 217 461 253 ad
486 217 705 263 Hispanicam
726 216 905 254 Dioecefim
924 221 1172 264 spectantisfle-

279 269 398 317 gionis
424 269 603 313 Episcopos
625 269 824 303 convocavit
846 271 1011 312 Aurelius,
1031 282 1169 314 quorum

278 320 435 357 omniurn
456 320 540 362 ipsus
562 317 734 360 primatem
758 330 795 353 ac
819 319 999 360 Pnefidem,
1023 322 1167 359 santium

283 370 364 406 vero
383 367 608 412 Augustinum
621 367 715 402 fuisse
740 368 911 414 ingenium
926 370 1036 404 scribit
1055 370 1090 404 in
1103 372 1169 405 lau·

280 421 363 456 dato
382 418 539 453 Carmine
555 417 682 451 sanstus
700 417 836 462 Prosper
851 446 858 453 .
887 421 930 455 Et
952 420 1031 454 hinc
1050 423 1084 454 in
1106 421 1168 455 suis

281 471 324 507 nd
350 468 476 503 Rufum
507 464 832 503 Thessalonicensem
855 470 1053 514 Episcopum
1066 471 1167 504 literis

279 517 438 554 clamavit
461 515 616 560 Julianus:
641 518 794 562 Augustini
803 519 897 560 dilia,
911 525 1023 554 inimici
1033 521 1166 562 nostri,in

279 571 422 603 veritatis
433 567 531 602 odium
540 565 827 610 sufieperunr.A&a
839 570 931 604 fuisse
943 571 1051 605 brevia
1075 571 1166 605 testa·

276 628 332 653 tur
357 617 392 651 in
414 615 584 660 posteriori
606 618 649 652 ad
671 617 890 654 Valentinum
910 620 1084 656 Adrumeti
1098 621 1163 655 Ab·

277 667 387 705 batem
423 667 572 710 Epistola
596 668 747 703 laudatus
769 670 986 714 Augustinus.

419 765 592 803 ACTA
632 767 1017 808 SYNODAL1A‚

396 867 530 902 Onorio
556 867 710 913 Augusto
721 867 898 904 duodecies
909 870 1077 910 Consule,
1098 869 1160 904 Ka·

409 918 495 951 lend.
522 918 637 957 Maiis,
664 916 912 964 Carthaginein
927 920 1060 955 Basilica
1074 920 1155 954 Fau·

270 966 331 1008 sti,
348 967 425 1001 cum
437 967 588 1002 Aurelius
602 967 783 1012 Episcopus
795 971 887 1003 simul
900 981 976 1005 curn
999 969 1159 1005 Donatia-
1186 965 1189 969 ’

270 1028 319 1052 no
331 1017 521 1061 Teleptenfi
535 1042 546 1059 ,
558 1019 668 1062 primae
679 1018 772 1053 Sedis
788 1020 955 1064 Episcopo
973 1019 1159 1055 Provinciae

271 1065 472 1110 Byzacenae,
493 1068 528 1102 ὅ(
551 1069 622 1105 aliis
645 1068 799 1104 ducentis
824 1070 929 1105 tribus
945 1069 1159 1114 Coepiscopis

271 1116 358 1156 suis,
382 1126 448 1151 tam
469 1128 510 1151 ex
532 1118 707 1153 Provincia
730 1119 920 1162 Byzacena,
946 1120 1044 1163 quam
1061 1120 1157 1152 Mau·

271 1165 393 1201 titania
412 1166 557 1202 Sitifenli
570 1192 581 1208 .
604 1168 831 1211 Tripolitana,
855 1170 1019 1204 Numidia
1032 1193 1044 1210 ,
1064 1169 1157 1206 Mau·

270 1215 391 1251 titania
411 1216 603 1251 Caesareensi
626 1242 637 1259 ,
667 1218 701 1251 &
720 1219 906 1260 Hispania,
943 1220 978 1252 in
999 1219 1157 1253 Concilio

269 1265 490 1308 consedisset,
515 1266 739 1309 adstantibus,
761 1266 990 1310 Diaconibu's,
1017 1269 1079 1307 διο,

421 1363 1008 1409 CAPITULUM1,

319 1464 453 1501 Placuit
473 1466 629 1501 omnibus
651 1467 687 1501 in
711 1468 818 1501 fausta
851 1468 990 1512 synodo
1019 1468 1155 1504 Cartha-

269 1515 414 1565 ginensis
436 1514 583 1550 Ecclesiae
601 1516 814 1555 constitutis,
833 1528 870 1551 ut
891 1520 1093 1562 quicumque
1106 1520 1155 1554 di—

269 1567 318 1602 cit
337 1565 447 1599 Adam
473 1567 615 1609 primum
636 1566 812 1601 hominem
823 1569 999 1603 mortalem
1021 1569 1155 1612 factum,

270 1616 320 1651 ita
338 1626 375 1650 ut
397 1616 458 1649 five
480 1626 626 1658 peccaret
650 1617 716 1651 five
734 1628 802 1651 non
822 1627 968 1660 peccaret
982 1643 993 1659 ,
1018 1629 1155 1656 morere·

271 1675 328 1701 tur
340 1666 374 1699 in
385 1664 596 1709 corpore,hoc
607 1665 668 1708 est,
676 1666 717 1701 de
728 1678 864 1710 corpore
874 1669 990 1709 exiret,
1004 1681 1073 1703 non
1085 1681 1155 1714 pec·

270 1716 477 1754 carimerito,
497 1717 551 1751 sed
562 1716 748 1757 necessitate
758 1717 1064 1759 mturae,anathema
1089 1721 1129 1757 fit
1147 1745 1153 1757 ,

399 1812 910 1857 CAP1TULUM
968 1793 1020 1855 u

321 1918 406 1953 Item
430 1917 578 1960 placuit,
597 1925 634 1952 ut
652 1917 853 1963 quicumque
876 1919 1029 1964 parvulos
1050 1930 1155 1955 recen·

257 1975 322 2006 ‚tes
332 1968 374 2002 ab
392 1967 490 2002 uteris
501 1977 641 2003 matrum
661 1969 874 2013 baptizandos
887 1980 996 2015 negat,
1009 1981 1065 2005 aut
1073 1970 1155 2005 dicit

271 2016 310 2051 in
328 2017 548 2052 remiffionem
568 2018 702 2061 quidem
744 2028 950 2062 peccatorum
974 2031 1030 2056 eos
1056 2020 1157 2066 bapti-

272 2067 354 2109 zari,
380 2067 435 2101 sed
447 2065 534 2101 nihil
557 2078 597 2101 ex
619 2067 730 2102 Adam
752 2068 885 2105 trahere
901 2069 1073 2115 originalis
1087 2082 1156 2114 pec·

272 2117 340 2151 cati
353 2142 365 2159 ,
391 2117 480 2159 quod
501 2117 757 2162 regenerationis
778 2120 908 2154 lavacro
929 2121 1155 2164 expietur,un-

273 2167 316 2201 de
336 2168 373 2200 sit
396 2167 599 2210 consequens
619 2192 631 2208 ,
646 2178 683 2202 ut
708 2168 740 2201 in
753 2169 799 2203 eis
820 2169 925 2203 forma
947 2170 1160 2213 baptismatis,

274 2220 314 2250 'In
333 2216 523 2255 remlfflonem
540 2225 749 2258 peccatorum,
777 2229 843 2251 non
872 2219 943 2251 vere
970 2241 982 2257 ,
1004 2218 1057 2251 sed
1079 2217 1159 2251 false

275 2266 509 2310 intelligatur,
532 2266 706 2300 anathema
726 2267 783 2300 sit.
810 2267 983 2314 Qoniam
1009 2279 1078 2302 non
1103 2267 1158 2302 ali-

274 2324 326 2351 tet
347 2315 603 2360 intelligendum
624 2316 681 2357 est,
703 2315 790 2358 quod
809 2320 855 2350 ait
881 2317 1070 2360 Apostolus:
1101 2320 1160 2351 Per

276 2375 370 2399 unum
387 2364 536 2399 hommem
553 2374 705 2408 peceatum
727 2372 860 2400 intravit
881 2373 915 2400 in
937 2370 1082 2400 mundum
1094 2392 1105 2409 ,
1126 2369 1159 2401 (θ’

272 2422 335 2457 per
353 2422 505 2456 peccatum
526 2427 624 2458 mors,
649 2418 684 2450 ὁ*
705 2421 748 2449 ita
769 2422 802 2449 in
820 2428 919 2450 omnes
943 2416 1072 2451 homines
1093 2426 1158 2459 per-

275 2470 397 2498 tranu‘r
409 2488 420 2504 ,
444 2470 477 2497 in
488 2475 543 2506 quo
557 2477 658 2499 omnes
671 2474 895 2509 peccaverune3
921 2467 991 2501 Nisi
1012 2468 1161 2511 quemad-

279 2514 419 2549 modum
453 2514 594 2549 Ecclesia
624 2514 801 2549 Catholica
823 2539 835 2556 ,
867 2516 989 2560 ubique
1023 2517 1162 2558 diffusa,

279 2565 405 2607 semper
428 2563 598 2598 intellexit.
626 2565 768 2608 Propter
790 2564 876 2600 hanc
898 2565 989 2600 enim
1013 2567 1160 2611 regulam

281 2612 361 2648 fidei
381 2613 482 2647 etiam
495 2615 630 2657 parvuli,
652 2616 708 2658 qui
732 2613 815 2648 nihil
842 2627 1051 2659 peccatorum
1071 2619 1105 2650 in
1132 2619 1163 2651 se

283 2663 359 2709 ipsis
371 2663 480 2698 adhuc
490 2665 696 2698 committere
718 2675 915 2707 potuerunt,
940 2665 1014 2700 ideo
1034 2667 1067 2700 in
1085 2668 1164 2711 ‘pec-

284 2720 434 2752 catorum
456 2713 676 2749 remissionem
703 2716 857 2749 veraciter
883 2715 1108 2760 baptizantur,
1129 2728 1164 2751 ut

285 2764 322 2798 in
344 2763 390 2797 eis
411 2765 659 2808 regeneratione
680 2763 855 2801 mundetur
879 2790 890 2809 ,
924 2767 1013 2810 quod
1033 2778 1164 2815 generav

285 2815 380 2854 tione
392 2823 558 2853 traxerunt
573 2839 580 2852 ,
1042 2814 1045 2816 ’

397 2911 906 2954 CAPITULUM
970 2915 1046 2951 111.

344 3015 428 3054 Item
455 3015 598 3059 placuit,
625 3025 661 3049 ut
688 3015 887 3060 quicumque
911 3012 1033 3050 dixerit
1060 3016 1167 3051 Grati-

289 3076 345 3102 am
372 3065 437 3099 Dei
461 3090 473 3106 ,
513 3065 547 3098 in
574 3076 638 3107 qua
663 3065 874 3108 justificamur
900 3076 955 3109 per
981 3066 1165 3101 Dominum

290 3114 438 3154 nostrum
457 3116 563 3159 Jesum
584 3115 753 3150 Christum
775 3140 787 3157 ,
819 3115 861 3150 ad
882 3116 983 3150 solam
1014 3117 1166 3150 remiffio—

291 3176 371 3200 nem
399 3174 605 3208 peccatorum
628 3166 734 3201 valere
756 3190 767 3206 ,
796 3177 868 3210 quir.
900 3166 965 3210 jam
1001 3168 1167 3202 commissa

292 3218 384 3254 sunt,
407 3226 476 3249 non
496 3215 597 3249 etiam
618 3214 660 3248 ad
682 3216 899 3260 adjutorium,
922 3225 957 3253 ut
977 3226 1046 3252 non
1081 3228 1166 3253 com-

293 3266 483 3310 mittantur,
506 3264 677 3302 anathema
692 3268 750 3305 fit.

733 138 1030 200 ANUQJJA'
1064 137 1372 187 Ecctnstzss
1407 137 1729 187 Decurrit*

1348 247 1990 313 εΛωτυιυΜιῆ

1280 372 1378 413 item,
1401 374 1548 417 quisquis
1565 374 1700 415 dixerit,
1719 374 1858 408 eandem
1878 377 2027 413 Gratiam
2040 378 2107 414 Dei

1231 432 1286 464 pet
1310 423 1416 466 Jesum
1438 423 1612 458 Christum
1632 425 1820 460 Dominum
1841 426 2009 469 nostrum,
2030 440 2108 473 pro-

1233 481 1300 514 pter
1312 472 1377 507 hoc
1391 474 1519 507 tantum
1533 484 1594 507 nos
1605 474 1754 517 adjuvare
1763 476 1804 509 ad
1815 487 1883 509 non
1896 479 2110 521 peccandum,

1228 522 1304 565 quia
1331 534 1387 566 per
1405 523 1505 567 ipsam
1525 521 1622 556 nobis
1643 526 1801 560 revelatur
1831 526 1865 559 ἀ
1885 526 2028 569 aperitur
2058 527 2110 562 in·

1229 571 1414 616 telligentia
1440 571 1670 608 mandatorum
1696 599 1707 615 ,
1738 586 1775 609 ut
1798 576 1936 610 sciamus
1958 576 2038 620 quid
2059 588 2112 621 ap·

1227 630 1359 664 petere,
1381 622 1461 666 quid
1484 624 1585 657 vitare
1605 622 1802 665 debeamus,
1830 637 1899 660 non
1931 637 2042 661 autem
2055 638 2112 671 per

1227 672 1316 705 illam
1344 672 1441 706 nobis
1462 673 1599 717 praessari
1623 697 1635 713 ,
1671 682 1706 706 ut
1726 675 1815 718 quod
1835 675 2022 711 faciendum
2057 687 2112 711 co-

1227 722 1460 765 gnoverimus,
1494 723 1594 758 etiam
1617 725 1722 758 facere
1739 724 1916 770 diligamus
1939 737 2038 771 atque
2060 739 2111 762 va-

1226 773 1367 813 leamus,
1394 770 1566 808 anathema
1589 775 1645 807 fit.

1273 822 1360 856 Cum
1381 823 1472 857 enim
1501 823 1590 858 dicat
1623 824 1822 867 Apostolus,
1851 827 1972 859 scienta
1997 827 2104 868 inflat,

1228 878 1342 905 caritas
1370 875 1441 906 verb
1466 874 1613 916 edificat,
1641 874 1735 908 valde
1757 875 1896 918 impium
1917 876 1976 915 est,
1995 886 2031 909 ut
2042 888 2109 910 cre-

1221 920 1336 956 damus
1349 924 1389 956 ad
1411 935 1504 964 eam,
1533 924 1731 968 quaeinflat,
1757 936 1819 959 nos
1841 923 1958 958 habere
1968 925 2113 969 gratiam

1221 971 1342 1005 Christi
1353 997 1363 1012 ,
1375 973 1415 1006 ad
1427 985 1511 1014 eam,
1524 985 1592 1017 quae
1603 974 1745 1009 aedificat
1758 999 1767 1014 ‚
1779 986 1846 1009 non
1861 973 1979 1009 habere
1994 987 2004 1017 ;
2018 975 2115 1010 Cum

1222 1022 1255 1054 fit
1277 1023 1595 1066 utrumquedonum
1611 1025 1707 1065 -Dei,
1735 1025 1768 1058 ἀ
1794 1026 1873 1059 scire
1894 1025 1974 1068 quid
2000 1027 2108 1061 facere

1221 1070 1414 1112 debeamus,
1431 1073 1464 1107 &
1484 1073 1622 1119 diligere
1635 1084 1672 1108 ut
1696 1075 1874 1118 faciamus3
1898 1085 1933 1108 ut
1946 1073 2108 1113 aedifican-

1222 1132 1253 1155 te
1277 1120 1456 1162 charitate,
1480 1123 1613 1159 scientia
1633 1136 1702 1159 n-on
1726 1125 1819 1166 poffit
1841 1125 1972 1160 inflare.
2013 1125 2106 1161 Sicut

1221 1171 1310 1204 enim
1331 1171 1372 1206 de
1393 1173 1470 1206 Deo
1489 1173 1665 1217 scriptum.
1692 1177 1756 1217 ,Qui
1778 1177 1860 1209 docet
1880 1175 2028 1208 bominem
2045 1174 2107 1219 sci·

1221 1226 1368 1312 entianjq,
1400 1222 1446 1258 ita
1465 1223 1564 1260 etiam
1597 1225 1753 1270 scriptum
1774 1225 1820 1261 est
1837 1250 1849 1268 ,
1885 1225 2032 1260 charitas
2062 1236 2104 1260 en

1222 1275 1283 1307 Deo
1308 1283 1324 1306 e
1362 1295 1371 1305 .

1343 1371 1854 1412 CAPITULUM
1919 1373 1970 1409 V.

1268 1471 1352 1506 Item
1379 1472 1521 1516 placuit,
1546 1483 1582 1507 ut
1592 1473 1792 1517 quicumque
1813 1473 1934 1507 dixerit
1960 1470 2106 1510 ideone-

1219 1520 1269 1556 bis
1289 1523 1426 1566 gratiam
1448 1522 1688 1565 justificationis
1710 1524 1803 1563 dari,
1826 1533 1861 1556 nt
1887 1523 1976 1565 quod
1998 1525 2106 1560 facere

1221 1582 1276 1615 per
1298 1572 1438 1606 liberum
1469 1571 1620 1616 jubemur
1642 1573 1810 1607 arbitrium
1826 1597 1837 1613 ,
1860 1573 1987 1608 facilius
2005 1574 2107 1617 polli-

1221 1633 1292 1655 mus
1317 1623 1454 1666 implere
1472 1634 1526 1666 per
1537 1622 1692 1666 gratiam,
1705 1633 1872 1665 tamquam
1895 1623 2020 1657 etiamsi
2032 1635 2107 1669 gra-

1218 1672 1263 1705 tia
1285 1683 1352 1706 non
1366 1671 1518 1713 daretur,
1540 1683 1607 1705 non
1622 1672 1753 1715 quidem
1774 1672 1894 1712 facile,
1916 1672 1968 1707 sed
1989 1682 2106 1709 tamen

1220 1721 1372 1765 poffimus
1389 1722 1489 1757 etiam
1514 1722 1582 1756 fine
1603 1722 1659 1756 issa
1679 1722 1814 1768 implere
1837 1723 1948 1758 divina
1971 1721 2107 1760 manda-

1220 1783 1250 1809 ta
1264 1796 1275 1813 ,
1296 1772 1474 1807 anathema
1495 1771 1533 1806 fit
1547 1796 1555 1805 .

1268 1824 1323 1857 De
1342 1822 1496 1857 fructibus
1513 1820 1603 1857 enim
1615 1821 1847 1859 mandatorum
1871 1822 2040 1858 Dominus
2053 1821 2104 1858 lo-

1220 1871 1397 1916 quebatur,
1419 1872 1475 1907 ubi
1497 1883 1566 1906 non
1589 1872 1636 1908 ait
1649 1896 1660 1912 ,
1681 1873 1759 1908 Sine
1781 1883 1834 1907 me
1855 1871 2023 1907 difficilius
2040 1882 2100 1915 po-

1220 1921 1307 1960 testis
1316 1923 1440 1966 facere,
1462 1921 1516 1960 sed
1528 1922 1574 1960 ait
1588 1936 1600 1960 .-
1622 1924 1690 1958 srne
1699 1933 1746 1957 me
1758 1920 2066 1966 nibllpotqstisfacere
2090 1945 2104 1963 ,

1338 2019 1849 2058 CAPITULUM
1905 2020 1993 2057 VI.

1272 2124 1355 2157 Item
1377 2121 1511 2165 placuit,
1530 2121 1620 2166 quod
1631 2122 1677 2156 ait
1698 2122 1881 2166 S.Joannes
1905 2120 2102 2166 Apostolus,

1222 2176 1252 2206 ,Π
1275 2175 1454 2212 dixerimus,
1478 2175 1549 2214 qula
1561 2180 1713 2213 peccatum
1733 2183 1790 2205 non
1801 2171 1964 2212 babemus,
1993 2176 2109 2213 nos-lp·

1217 2221 1266 2265 sos
1284 2220 1451 2261 seducimus
1463 2244 1474 2260 ,
1497 2223 1531 2254 ό*
1544 2226 1663 2254 veritas
1687 2227 1720 2252 in
1740 2222 1823 2254 nobis
1836 2233 1896 2255 non
1919 2221 1978 2264 τῆς
2003 2220 2105 2269 Qis-

1223 2272 1295 2315 quis
1317 2271 1360 2304 lic
1379 2269 1608 2314 accipiendum
1632 2270 1797 2313 putaverit
1830 2294 1842 2310 ,
1868 2280 1904 2304 ut
1925 2271 2015 2304 dicat
2034 2279 2109 2314 pro-

1226 2332 1292 2365 pter
1304 2320 1524 2355 humilitatem
1535 2329 1685 2364 oportere
1705 2319 1771 2353 dici
1782 2342 1794 2359 ,
1825 2329 1891 2353 non
1905 2317 2023 2353 habere
2033 2328 2107 2361 pec·

1225 2380 1358 2411 catum,
1383 2381 1451 2404 non
1472 2370 1548 2414 quia
1568 2369 1641 2403 vere
1666 2370 1710 2403 ita
1733 2369 1803 2409 est,
1825 2367 1999 2407 anathema
2022 2367 2080 2401 fit.

1274 2421 1426 2465 Sequitur
1443 2421 1534 2453 enim
1544 2419 1766 2463 Apostolus&
1778 2417 1942 2463 adjungit.-
1961 2420 2106 2454 stantem

1225 2471 1335 2513 confeffi
1351 2470 1501 2512 fuerimus
1520 2477 1645 2511 peccata
1665 2467 1762 2508 nostra
1775 2492 1787 2509 ,
1812 2468 1914 2510 fidelis
1940 2467 1979 2508 est
2001 2469 2035 2503 δ’
2050 2469 2109 2509 ju·

1222 2523 1306 2563 stus,
1333 2526 1384 2563 qut
1407 2525 1542 2553 remittat
1559 2518 1644 2551 nobis
1665 2527 1790 2560 peccata
1812 2518 1927 2559 nostra,
1948 2519 1983 2553 Θ
2005 2527 2101 2553 num·¹

1227 2574 1278 2606 det
1299 2583 1350 2604 nos
1373 2569 1411 2602 ab
1430 2575 1507 2602 amm
1538 2574 1717 2611 iniquitate.

1278 2620 1352 2656 Ubi
1372 2620 1444 2653 satis
1466 2629 1608 2662 apparet,
1639 2617 1704 2652 hoc
1734 2628 1803 2652 non
1824 2617 1954 2652 tantum
1974 2614 2112 2652 humili·

1228 2683 1288 2712 ter,
1307 2670 1360 2706 sed
1380 2670 1479 2703 etiam
1500 2669 1653 2702 veraciter
1664 2666 1740 2702 dici.
1766 2667 1900 2702 Poterat
1910 2668 2000 2702 enim
2013 2667 2113 2710 Apo-t

1228 2722 1326 2755 stolus
1343 2718 1470 2753 dicere:
1495 2719 1525 2752 Si
1550 2718 1740 2758 dixerimus,
1760 2717 1837 2761 quia
1851 2728 1919 2751 non
1945 2715 2104 2754 habemus

1228 2781 1396 2815 peccatum
1411 2792 1422 2808 ,
1445 2768 1612 2812 nos-ipsos
1636 2767 1848 2809 extollimus,
1879 2768 1912 2801 δε
1931 2765 2102 2800 humilitas

1228 2824 1260 2855 in
1284 2820 1379 2854 nobis
1400 2831 1470 2853 non
1490 2818 1536 2852 est
1549 2844 1556 2851 .
1577 2818 1640 2853 Sed
1660 2816 1736 2852 cum
1758 2817 1803 2852 ait
1823 2842 1835 2858 ‚
1859 2821 1937 2862 kNm·
1963 2813 2039 2858 ipsos
2056 2813 2104 2858 se-

1227 2874 1374 2910 ducimus,
1401 2871 1435 2904 (θ’
1459 2874 1577 2902 veritas
1585 2874 1619 2901 in
1641 2868 1727 2902 nobit
1746 2879 1804 2901 non
1829 2867 1888 2909 est,
1911 2865 1984 2901 satis
1998 2865 2108 2899 osten-

1227 2921 1275 2956 dit
1302 2931 1398 2960 eum,
1422 2919 1479 2962 qui
1503 2920 1535 2953 se
1558 2918 1679 2954 dixerit
1698 2928 1767 2952 non
1787 2916 1905 2953 habere
1924 2925 2107 2961 peccatum,

1230 2982 1297 3007 non
1319 2981 1430 3005 verum
1447 2969 1561 3013 loqui,
1581 2968 1635 3004 secl
1656 2968 1788 3003 falsum.

1327 3054 1834 3105 CAMTULUM
1905 3065 2010 3101 wi

1278 3170 1362 3204 Item
1384 3168 1527 3213 placuit,
1549 3178 1586 3203 ut
1597 3167 1796 3212 quicumque
1806 3164 1943 3206 dixerit,
1966 3167 2002 3200 in
2026 3166 2112 3201 Ora·

1230 3220 1324 3254 tione
1349 3219 1531 3254 Dominica
1553 3217 1627 3253 ideo
1643 3218 1752 3252 dicere
1773 3217 1908 3251 Sanstos
1929 3240 1940 3256 ,
1978 3219 2110 3249 Dimitte

1231 3270 1314 3303 nobis
1340 3270 1443 3303 debita
1463 3268 1583 3310 nostra,
1606 3279 1641 3302 ut
1662 3278 1733 3301 non
1758 3278 1816 3311 pro
1837 3267 1868 3300 se
1891 3267 1964 3311 ipfis
1986 3265 2052 3300 hoc
2061 3264 2111 3299 di-

1234 3328 1310 3354 cant
1327 3343 1338 3359 ‚
1361 3320 1439 3362 quia
1453 3331 1521 3353 non
1535 3317 1580 3352 est
1589 3316 1635 3351 eis
1648 3317 1818 3351 necessaria
1831 3317 1890 3351 ista
1904 3316 2036 3360 petitio,
2053 3311 2109 3348 sed

1236 3380 1294 3413 pro
1308 3369 1400 3410 aliis,
1414 3369 1556 3412 quisunt
1569 3367 1670 3400 insuo
1693 3367 1817 3410 populo
1837 3375 2021 3410 peccatores
2038 3374 2049 3405 ;
2073 3361 2110 3397 &

1240 3417 1313 3453 ide&
1325 3430 1394 3453 non
1406 3420 1512 3453 dicere
1523 3427 1792 3460 unumquemque
1817 3417 2026 3452 Sanctorum,
2046 3412 2110 3446 Di-

1237 3470 1332 3506 mitte
1349 3468 1432 3504 mihi
1453 3466 1564 3506 debita
1585 3477 1659 3503 mea
1674 3491 1687 3510 ‚
1706 3467 1774 3509 sed,
1799 3471 1925 3503 Dimitte
1949 3461 2045 3547 noba
2062 3461 2112 3496 de-

2046 3522 2066 3546 a
