2366 3736
668 97 686 126 S
757 96 782 125 Τ
851 96 877 124 Λ
951 95 973 124 B
1046 95 1060 124 1

217 163 361 206 Ecclefia3
391 161 445 204 nlss'
453 161 559 206 sorfirn
581 173 616 195 ex
639 162 755 204 honesta
766 162 855 206 causa
873 162 911 196 ab
923 160 988 204 ipsa
1001 164 1093 196 Eccle-

211 215 256 258 Jia
270 214 304 258 se
327 211 513 255 absentarent
527 239 534 246 .
563 214 709 258 ‚Quodque
717 220 807 245 etiam
822 224 870 246 nec
884 216 1008 246 Fratres
1020 238 1029 252 ‚
1044 223 1094 245 nec

218 269 324 296 curati
341 263 483 295 inducant
504 264 601 305 aliquo
623 264 707 295 modo
732 265 835 296 Laicos
862 263 907 294 ad
931 263 1094 306 eligendum

212 312 395 357 sepulturam
417 314 501 354 apud
519 324 566 345 eos
579 337 590 352 ‚
617 314 651 346 ὁ·
668 310 739 344 bene*
759 321 888 346 caveant
899 320 1019 352 propter
1033 321 1093 352 poe-

218 371 278 395 nas
291 387 300 402 ‚
328 375 402 404 quas
415 368 568 403 imponunt
581 365 718 393 canones
732 386 741 400 ‚
753 373 816 394 cum
824 361 862 404 fit
874 361 969 394 libera
984 386 990 392 .
1005 363 1096 406 ‚Quod

218 406 311 445 etiam
334 412 385 454 ipſs
405 413 612 445 mendicantes
639 410 774 452 desistant
795 412 957 453 praedtcare
982 435 992 449 ‚
1018 413 1098 452 quod

220 462 400 495 Parachtam·
426 473 481 494 non
498 459 558 500 si'nt
577 460 699 504 obligati
715 460 868 504 saltemin
879 459 1096 503 Paschatepro-

216 519 283 555 prio
302 512 430 554 confiteri
451 512 623 549 sacerdoti,
653 517 723 551 quia
748 513 784 544 de
799 514 870 551 jure
883 521 996 542 tenetur
1008 513 1096 542 Paro·

220 562 343 606 chianu's
363 561 472 604 saltem
485 565 515 591 t'n
530 559 674 602 Paschate
681 566 802 602 proprio
822 559 950 602 confiteri
963 561 1096 594 sacerdo-

220 617 245 643 ti
270 636 275 642 .
307 614 366 643 Per
386 610 438 643 hoc
459 618 557 642 tamen
581 607 637 651 ipſs
655 614 784 645 Fratres
817 611 1019 644 Mendicames
1042 622 1098 642 non

222 659 393 702 censeantur
414 658 530 705 exclusi,
557 663 613 701 quo
637 661 734 699 minus
752 658 915 703 secundum
925 663 1008 702 juris
1029 671 1099 692 com-

221 715 321 742 munis
342 711 375 743 (vr
401 712 626 753 Privilegt‘orum
651 707 760 751 eisdem
780 711 964 752 concessorum
987 708 1099 751 dispost-

223 765 331 792 aionem
342 784 351 799 ,
375 760 568 805 'Confefflones
589 759 706 791 audirev
720 762 956 800 &poenitentias
969 762 1097 803 injunge·

223 821 256 842 re
277 811 419 842 valeam.
447 810 540 853 ,Quod
558 815 650 844 etiam
669 809 706 841 de
726 816 833 847 ‘caetero
844 815 922 841 inter
934 807 1009 851 ipsos
1024 812 1100 841 Fra·

225 868 286 892 tres
309 860 513 892 Mendicantes
537 860 569 896 (ν
581 864 711 893 Curatos
732 860 833 903 quoad
850 858 980 898 effet‘lum
989 860 1100 900 praedi-

225 911 338 948 candi,
365 908 453 941 boras
466 909 631 949 cantandi,
656 916 818 949 campanas
829 905 988 951 pulsandi,
1004 907 1101 951 serve·

223 969 276 992 ‘tur
298 958 468 1001 consuetudo
489 964 615 999 antiqua
633 981 644 996 ‚
674 969 741 999 quae
767 959 946 999 temporibus
971 964 1103 1000 antiquis

223 1006 349 1052 servata
363 1007 427 1050 fuit
447 1013 480 1040 in
501 1006 562 1049 ipsi>
577 1009 696 1047 oppido
711 1007 897 1051 Eslingensi.
916 1011 961 1041 Et
973 1007 1039 1051 casu
1050 1019 1106 1051 quo

219 1058 334 1092 veniat
356 1059 458 1102 aliqua
481 1067 519 1089 oc
524 1055 579 1098 afio
600 1054 662 1096 sve
685 1058 850 1099 neceffitas,
880 1070 937 1090 non
953 1058 1013 1100 fiat
1033 1069 1106 1093 com-

227 1112 351 1140 mutatio
373 1112 512 1148 temporis
533 1107 585 1139 vel
603 1106 682 1139 horae
709 1107 819 1151 inipfis
838 1108 1105 1159 praedt'cationtbus

225 1157 340 1202 fiendIs
352 1182 361 1197 ‚
377 1156 446 1198 nisi
458 1158 495 1190 de
517 1155 651 1200 confinsu
669 1163 804 1198 partium
817 1183 824 1190 .

231 1206 288 1248 ipsi*
296 1210 423 1239 Fratres
434 1213 465 1238 in
473 1205 659 1248 sermonibus
672 1217 770 1242 eorum
782 1218 838 1239 non
852 1209 1014 1241 detrahant
1027 1215 1106 1244 Prae·

231 1258 303 1290 latis
329 1258 360 1289 (5·
381 1255 549 1290 Κεδῖονίὂιυ
567 1255 785 1296 parochialium
810 1256 1016 1298 Ecclesiarum.
1048 1262 1110 1290 Nec

231 1312 322 1340 etiam
342 1301 464 1348 populos
493 1307 513 1337 ἃ
531 1304 655 1348 suarum
676 1305 868 1347 Ecclefiarum
895 1307 1111 1349 parochialium

231 1355 400 1400 frequentia
420 1358 455 1390 <ff
471 1355 575 1398 acceffu
597 1355 771 1395 abstrahant
788 1357 853 1397 five
875 1357 1032 1390 retrahant
1045 1369 1111 1399 quo-

232 1417 290 1448 quo
311 1407 392 1438 modo
403 1429 410 1438 .
438 1409 483 1439 Et
495 1411 559 1439 vice
571 1406 659 1448 versa
671 1405 861 1447 ipfiRecVores
875 1408 909 1441 ὢ·
922 1409 1048 1440 Praelati
1059 1407 1112 1439 ali-

233 1467 291 1499 quo
312 1458 395 1488 modo
417 1467 473 1488 non
495 1453 657 1488 detraham
672 1455 935 1496 Mendicantibus,
959 1455 1020 1499 fied
1030 1457 1115 1490 illum

229 1505 373 1549 favorem
397 1517 483 1547 quem
499 1505 616 1547 poffunt
627 1529 637 1544 ,
662 1510 705 1538 eis
726 1507 903 1547 impendant
915 1531 925 1546 ,
938 1507 971 1540 ὁ·
982 1513 1013 1538 in
1026 1511 1115 1539 omni·

236 1554 291 1588 hus
313 1556 346 1588 Θ
361 1563 418 1597 per
434 1561 534 1586 omnia
552 1554 714 1596 praeslent,
741 1562 787 1590 ita
812 1565 843 1588 ut
869 1568 943 1589 vera
969 1561 1070 1589 unitas
1083 1557 1116 1590 ό·

235 1604 372 1648 ΡενῙέέῖα
383 1604 519 1637 charitas
533 1609 612 1637 inter
622 1617 668 1638 eos
683 1605 848 1644 ostendatur
860 1631 868 1639 .

291 1654 345 1688 Est
372 1653 518 1698 ipsissima
531 1653 658 1696 prorsus
669 1655 860 1688 contentio.
890 1654 1121 1698 Nempelmpii

240 1711 272 1736 in
293 1709 417 1738 circuitu
441 1704 614 1736 ambulant.
644 1703 724 1737 Hoc
734 1703 803 1744 est,
830 1706 1006 1748 impiorum
1030 1704 1120 1738 Prin-

235 1765 312 1797 ceps
335 1754 461 1787 &Dux
483 1752 634 1787 diabolus
664 1777 675 1792 ‚
703 1763 739 1788 ut
760 1752 940 1787 humanum
962 1765 1067 1798 genus
1082 1755 1119 1792 ‚in

235 1804 310 1838 suos
332 1804 428 1836 casses
451 1801 718 1841 circumscribat,
744 1802 891 1847 antiquas
906 1814 943 1835 ac
957 1803 1111 1845 sepultas,

237 1853 318 1886 dum
343 1862 443 1885 novas
471 1862 538 1885 non
559 1851 643 1885 valet
657 1851 851 1891 obtrudere,
878 1852 1054 1886 discordias
1066 1864 1117 1885 ex-

236 1902 374 1942 humat,
403 1901 523 1945 spargit
544 1913 598 1944 per
627 1901 810 1940 mundum,
837 1901 982 1935 ambulat
1006 1903 1038 1935 in
1054 1901 1122 1936 istis

238 1952 352 1996 gyris,
379 1952 413 1984 ὅτ.
437 1951 546 1994 quaerit
571 1951 611 1984 ad
636 1950 689 1984 fibi
707 1952 958 1996 congyrandum
982 1962 1055 1994 apta
1078 1952 1121 1985 iu·

236 2002 352 2047 genia.
381 2002 503 2035 Xixtus
515 2000 672 2034 Pontifex
693 2001 809 2035 diserte
831 2000 929 2035 dicit:
958 2005 1034 2033 Cum
1051 2003 1123 2043 jure

237 2060 356 2084 cautum
371 2051 409 2091 sit
431 2052 491 2083 illis
504 2050 603 2083 diebus
615 2050 812 2085 Parocbtanot
830 2057 924 2086 teneri
931 2052 1034 2084 audire
1047 2050 1123 2094 Mis-

233 2099 304 2146 sam
317 2107 348 2134 in
360 2112 460 2135 eorum
467 2100 634 2143 parochiali
645 2100 771 2144 Ecclefia
786 2126 792 2133 .
805 2101 884 2136 Non
898 2102 932 2134 in
945 2102 1053 2145 aliqua
1066 2100 1124 2136 Pa-

239 2150 377 2192 rochia,
405 2150 458 2184 sed
484 2151 518 2184 δε
543 2151 684 2194 ipsorum
707 2151 851 2193 propria.
880 2151 923 2184 Et
944 2149 1122 2196 adjungit:

241 2203 302 2234 'Per
318 2201 370 2234 boc
390 2209 491 2234 tamen
509 2205 636 2234 Fratres
661 2201 864 2234 Mendicantes
887 2211 944 2233 non
955 2200 1126 2244 censeantur

241 2250 364 2292 exclusi.
394 2249 525 2284 Diserte
537 2251 674 2285 affirmat
688 2251 861 2294 antIquum
874 2249 913 2284 de
925 2250 1125 2293 frequentan-

241 2300 283 2333 da
316 2298 469 2343 parochia
506 2298 679 2334 Canonem
712 2300 773 2334 effe
794 2300 857 2341 jam
875 2301 1125 2342 circumseptum

241 2349 488 2388 moderamine,
515 2360 550 2382 ut
573 2361 630 2392 pro
653 2349 813 2383 Parochia
837 2348 1005 2383 adversum
1029 2350 1125 2384 Paro-

242 2399 350 2433 chiam
370 2400 492 2432 sanciat
517 2423 527 2438 ,
554 2409 621 2432 non
649 2399 819 2433 adversum
846 2400 1006 2433 Ecclefias
1029 2400 1125 2434 Ordi-

242 2459 325 2483 num
347 2448 632 2481 Mendicantium.
652 2450 692 2481 Et
715 2461 782 2482 non
797 2460 880 2483 tacet
894 2448 1126 2483 moderaminis

243 2499 404 2533 radicem.
432 2499 502 2541 ‚Quo
523 2499 621 2530 minus
638 2496 798 2540 J‘ecundum
812 2501 895 2538 juris
918 2505 1078 2532 communis
1094 2501 1126 2532 (θ’

239 2549 467 2592 privilegiorum
487 2546 598 2589 eisdem
611 2548 796 2589 concefforum
807 2546 1036 2590 dispositionem,
1063 2549 1126 2583 ἀς.

244 2598 307 2631 Per
318 2597 366 2639 jus
385 2607 561 2630 commune
586 2595 1012 2641 omninointelligitostavi
1027 2597 1125 2632 Boni-

243 2648 324 2682 facii
344 2647 624 2680 Constitutionem
639 2670 649 2685 ,
676 2657 747 2689 quae
765 2647 797 2680 &
819 2657 898 2680 tunc
925 2647 1071 2680 exstabat
1090 2648 1124 2680 in

245 2697 529 2731 Clementinarum
543 2696 686 2735 Codice,
714 2695 861 2739 adeoque
881 2706 948 2730 erat
968 2697 1019 2739 jus
1035 2708 1124 2731 com-

245 2757 366 2782 mune.
397 2747 439 2779 Et
463 2758 503 2779 ex
528 2746 588 2779 isto
602 2744 744 2779 Xixtino
757 2746 946 2788 Diplornate
967 2745 1035 2779 dixi
1062 2749 1124 2781 esse

245 2796 397 2831 haustum
419 2807 486 2829 non
509 2795 680 2829 dumtaxat
703 2795 831 2838 septimi
853 2795 1033 2829 Alexandri
1062 2796 1119 2830 Re·

244 2848 398 2890 scriptum
410 2870 420 2885 ,
448 2845 498 2879 sed
522 2846 619 2879 etiam
633 2845 807 2879 Decretum
820 2845 1011 2879 Tridentini
1034 2846 1123 2881 Con-

244 2896 334 2932 cilii.
361 2895 452 2941 Qid
475 2894 598 2938 deliqui
617 2894 633 2926 ?
660 2895 785 2928 Nonne
804 2896 909 2929 avitus
920 2897 1120 2939 generalium

244 2948 345 2981 etiam
366 2945 575 2988 Synodorum
595 2955 666 2978 mos
678 2944 723 2978 est
738 2945 811 2978 suos
823 2946 975 2979 Canones
986 2958 1024 2979 ex
1039 2947 1120 2988 prio-

244 2995 333 3030 ribus
354 2994 500 3030 fontibus
523 2995 668 3028 sumere?
694 2993 814 3029 Earum
838 3006 955 3029 munus
966 2995 1010 3029 est
1023 3007 1121 3039 pater-

244 3055 322 3079 nam
343 3045 545 3089 disciplinam
567 3043 723 3078 stabilire.

296 3099 450 3127 Canonum
470 3094 627 3128 Exhibitio
650 3094 792 3127 laudavit
819 3093 885 3128 haec
909 3094 1002 3128 verba
1026 3107 1034 3127 :
1064 3097 1121 3127 Per

247 3143 298 3177 boc
320 3153 422 3177 tamen
441 3143 493 3186 ipst‘
501 3148 627 3178 Fratres
641 3145 845 3177 Mendicantes
867 3156 925 3177 non
948 3143 1120 3187 censeantur

247 3193 370 3235 exclufi.
398 3194 439 3228 Et
452 3195 647 3236 praetermifit
660 3192 745 3228 haec:
773 3196 843 3237 ,Quo
855 3196 951 3227 minus
962 3192 1119 3236 secundum

243 3245 338 3287 Jurt's
365 3250 526 3276 communis
552 3246 586 3277 (9*
607 3245 831 3287 privilegiorum
856 3249 898 3276 eis
937 3244 1120 3287 concefforum

248 3291 457 3335 dispositionem
469 3293 658 3334 Confefflones
671 3296 774 3326 audire
784 3317 794 3333 ‚
819 3295 852 3327 (9⁴
862 3299 1056 3336 poenitentias
1068 3299 1119 3325 im-

244 3351 352 3385 ponere
371 3343 493 3375 valeant
506 3367 513 3374 .
542 3343 620 3376 Hoc
632 3343 848 3383 Demonstrator
859 3343 962 3377 rodit:
991 3348 1020 3376 E
1024 3343 1118 3376 xbibi-

248 3397 290 3426 tio
309 3390 396 3433 omifit
418 3393 525 3435 duplici
543 3394 579 3425 de
599 3391 702 3436 causa.
733 3396 856 3436 Primo,
869 3405 903 3427 ne
913 3402 1059 3437 appareat
1078 3403 1116 3427 ex

1133 93 1156 121 L
1227 95 1242 123 1
1315 95 1340 123 T
1410 95 1462 123 A.

853 1160 1001 1202 ,Quodque
1018 1156 1108 1191 ettam
1130 1181 1132 1185 »

1903 100 1923 142 3
1939 101 1957 143 3
1975 102 1991 130 1

1161 157 1207 192 bis
1222 158 1343 201 falsitas
1364 165 1511 201 rationis,
1537 171 1627 204 quam
1635 159 1811 205 subjungit:
1837 162 1925 210 Qia
1950 178 2035 200 nem·

1162 210 1199 252 pe
1226 210 1490 244 Mendicantium
1515 211 1663 245 Ecclesrae
1699 215 1769 245 sunt
1798 214 2037 256 parochialibus

1163 259 1310 292 Ecclesris
1331 271 1384 301 per
1406 261 1520 294 omnia
1543 261 1729 304 adaequatae.
1758 267 1830 296 Non
1850 269 1926 296 enim
1951 268 2037 298 aliter

1161 308 1206 341 hic
1217 310 1418 350 adaquantur
1432 334 1441 349 ‚
1462 310 1490 350 fi
1497 320 1597 343 tamen
1611 314 1810 354 adaequantur
1824 337 1833 353 ‚
1845 324 1934 355 quam
1946 316 2041 355 quoad

1162 357 1352 399 Confeffiones
1366 360 1534 393 audiendas
1545 385 1554 400 ‚
1569 363 1602 394 (τ
1611 369 1809 403 poenitentias
1822 364 2017 405 imponendas
2030 388 2037 395 .

1162 410 1292 441 Secundo
1306 432 1316 446 ‚
1342 415 1413 450 quia
1425 411 1535 442 Xixeus
1549 434 1559 449 ‚
1586 417 1629 443 uti
1640 423 1752 454 quoque
1766 411 1934 446 Alexander
1948 436 1958 452 ‚
1969 415 2040 446 dum

1162 464 1240 491 circa
1260 458 1441 491 auditionem
1453 459 1538 491 verbi
1552 462 1610 492 Dei
1617 463 1841 505 privilegiorum
1855 474 1911 496 non
1917 462 2040 506 faciunt

1162 513 1337 540 ment1'0nem
1350 533 1358 545 ,
1374 508 1536 541 innuebant
1558 508 1699 551 ejusmodi
1711 513 1794 544 nulla
1806 519 1929 554 reperIri
1940 539 1947 545 .
1964 513 2040 545 Adeo

1157 557 1221 598 fuit
1238 556 1394 599 artificiosa
1406 557 1469 591 haec
1481 558 1518 590 ab
1536 559 1661 592 Authore
1675 560 1832 594 Verborum
1848 563 1964 603 omtffio.

1213 606 1410 650 Respondeo
1434 607 1754 644 nullamintercefiffe
1766 620 1865 645 artem
1879 637 1886 644 .
1916 612 2043 647 Praeter-

1165 655 1235 690 miss
1261 655 1355 691 verba
1378 655 1432 690 illa
1457 681 1467 697 ‚
1495 657 1584 701 quod
1609 669 1676 691 non
1701 670 1836 704 tangant
1860 663 2043 704 praesentem

1165 706 1391 747 quaestionem.
1419 707 1488 740 Hic
1508 707 1597 741 enim
1621 718 1690 741 non
1702 709 1742 742 de
1755 707 1900 744 Pa‘schali
1913 711 2044 744 Confes-

1167 757 1254 791 s10ne
1275 754 1488 799 disceptatur,
1517 757 1570 792 sed
1584 757 1624 791 de
1647 757 1850 793 Dominicali
1864 771 1900 793 ae
1912 760 2046 796 Festiva-

1165 806 1189 840 li
1213 805 1409 839 Concione.
1438 806 1543 840 Nolui
1557 817 1685 851 parerga
1697 808 1870 842 adducere.
1904 810 1974 843 Nec
1991 811 2046 845 ista

1168 855 1295 889 omissio
1316 856 1463 891 assertam
1482 857 1499 891 a
1513 857 1656 892 meintet
1669 857 1866 902 parochiales
1886 871 1923 892 ac
1939 859 2048 903 Regu-

1169 906 1248 939 lares
1276 905 1433 940 Ecclefias
1456 907 1672 951 aequalitatem
1685 907 1815 950 adjuvat
1829 933 1840 949 ,
1866 907 1918 942 sed
1941 909 2048 951 potitis

1168 955 1286 989 minuit
1298 967 1334 988 ac
1349 956 1508 990 infirmat.
1538 957 1668 990 Etenim
1682 956 1748 990 haec
1771 958 1865 991 verba
1879 983 1889 998 ‚
1917 961 1987 1001 ,Quo
1999 964 2051 990 mi-

1172 1006 1228 1038 m'cs
1234 1002 1392 1047 secundum
1401 1008 1484 1046 juris
1497 1013 1654 1039 communis
1666 1008 1929 1050 &privilegiorum
1943 1007 2051 1050 eisdem

1169 1055 1353 1097 concefforum
1373 1052 1583 1098 dispofitionem
1605 1081 1616 1097 ,
1644 1057 1830 1098 Conseffiones
1850 1059 1957 1091 audire
1979 1082 1989 1097 ,
2018 1060 2051 1091 Θ

1166 1110 1363 1147 poenitentias
1376 1107 1529 1149 injungere
1541 1108 1683 1146 valeant,
1710 1109 1946 1141 adversativam
1965 1110 2055 1141 clau·

1172 1156 1271 1188 sulam
1289 1179 1299 1194 ,
1320 1163 1375 1197 per
1394 1154 1444 1188 boc
1455 1165 1556 1189 tamen
1568 1154 1623 1198 ipsi
1633 1161 1759 1190 Fratres
1773 1160 1978 1191 Mendicantes
1997 1168 2053 1190 non

1172 1203 1346 1248 censeantur
1357 1203 1481 1246 exclusi,
1509 1217 1574 1240 non
1588 1206 1806 1248 contrahunt,
1820 1208 1870 1241 sed
1884 1207 2055 1251 ampliant,

1175 1255 1238 1289 hoc
1263 1256 1371 1289 seniu:
1399 1255 1479 1302 Qo
1500 1254 1607 1291 minus
1623 1258 1747 1291 valeant
1761 1259 1859 1291 etiam
1874 1257 2056 1301 Confessio-

1177 1315 1230 1339 nes
1243 1305 1355 1339 audire
1366 1329 1376 1344 ,
1391 1305 1424 1338 &
1436 1307 1643 1348 poenitentias
1655 1306 1824 1350 injungere
1836 1327 1843 1338 ·
1871 1308 1949 1342 Erat
1972 1318 2055 1348 quae-

1177 1354 1238 1391 stio
1264 1354 1305 1388 de
1325 1355 1447 1389 tribus:
1474 1356 1526 1389 De
1551 1354 1730 1399 parochiali
1755 1355 1873 1398 Missa,
1901 1354 1941 1390 de
1962 1357 2061 1390 electa

1179 1404 1366 1447 Sepultura,
1392 1415 1430 1438 ac
1453 1403 1494 1438 de
1506 1405 1718 1440 Confeffione
1728 1404 1896 1440 Paschali.
1922 1406 1976 1440 De
2000 1404 2061 1440 hac

1177 1465 1243 1487 erat
1267 1454 1416 1497 palmaris
1437 1454 1593 1499 quaestio.
1624 1454 1755 1489 Etenim
1774 1455 1835 1489 isto
1857 1455 1957 1490 etiam
1977 1466 2059 1490 tem-

1180 1515 1256 1546 pore
1288 1504 1422 1553 quidam
1459 1504 1615 1538 Sorbonae
1649 1505 1801 1554 Magistri
1823 1498 2024 1539 sustinebant
2052 1529 2064 1544 ,
2113 1516 2121 1522 ·

1182 1552 1276 1589 istam
1293 1547 1383 1596 apud
1396 1552 1519 1586 Fratres
1539 1549 1783 1600 Mendicantes
1791 1556 1906 1587 fastam
1924 1546 2064 1597 Confes-

1183 1604 1307 1636 fionern
1330 1613 1399 1636 non
1423 1601 1485 1635 effe
1508 1602 1672 1642 validam,
1700 1595 1839 1647 ideoque
1852 1615 1964 1637 coram
1978 1615 2067 1647 paro-

1183 1650 1283 1685 chiali
1297 1651 1492 1696 Presbytero
1503 1652 1726 1694 repetendam.
1752 1651 1845 1686 Hinc
1857 1653 1969 1687 xistus
1981 1652 2067 1687 Pon-

1184 1702 1265 1736 tifex
1292 1699 1380 1734 hunc
1398 1701 1570 1734 articulum
1595 1700 1720 1735 censuit
1737 1701 1940 1748 singulariter
1962 1703 2071 1750 expri-

1187 1751 1361 1783 mendum'.
1725 1794 1728 1797 v

1236 1800 1279 1833 Et
1302 1798 1470 1842 quomodo
1494 1799 1594 1843 'poffit
1613 1800 1737 1836 Xixtus
1761 1801 1818 1848 jus
1832 1813 2008 1837 commune
2034 1803 2069 1839 &

1185 1851 1335 1884 Fratrum
1350 1850 1613 1884 Mendicantium
1632 1852 1735 1896 etiam*
1757 1852 1841 1886 circa
1856 1851 1920 1886 Dei
1932 1852 2068 1886 verbum

1189 1900 1366 1945 privilegia
1380 1911 1446 1934 non
1462 1901 1659 1944 agnoscere?
1687 1902 1819 1936 Etenim
1833 1902 1850 1938 ὲ,
1863 1903 1891 1936 S.
1906 1901 2069 1944 Francisci

1187 1950 1325 1987 Familia
1349 1951 1515 1984 adscendit
1545 1951 1575 1983 S.
1598 1950 1684 1985 Petri
1710 1951 1936 1995 Apostolicam
1949 1949 2070 1994 C‘a'the-

1188 2000 1302 2035 dram
1298 2024 1309 2040 ,
1320 2001 1381 2034 &
1404 2000 1604 2034 Monasticae
1621 1999 1832 2038 Profeffionis
1858 2003 1920 2038 fuit
1947 2004 2070 2045 semper

1188 2051 1440 2085 amantiffimus.
1470 2051 1521 2084 De
1544 2050 1681 2095 antiquo
1694 2053 1921 2088 Romanorum
1934 2050 2069 2086 Pontifi-

1189 2112 1263 2135 cum
1299 2099 1414 2135 habitu
1443 2100 1550 2134 scribit
1578 2102 1610 2133 in
1639 2101 1720 2136 libro
1747 2114 1862 2137 contra
1888 2095 2071 2148 Gerardum

1190 2151 1477 2195 E'ngolesmensem
1507 2150 1706 2194 Episcopum
1718 2151 1926 2187 ‘Venerabilis
1950 2143 2074 2186 Arnul·

1190 2199 1295 2244 phus,
1321 2211 1399 2234 tunc
1420 2201 1579 2244 sagiensis
1593 2200 1708 2234 Archi·
1711 2198 1882 2236 Dia'conus
1893 2227 1903 2243 ‚
1914 2194 2070 2244 postmo

1188 2249 1232 2284 do
1256 2251 1435 2293 Episcopus
1449 2250 1826 2294 Lexovienlis:‚Qu1·bus
1848 2250 2066 2294 inpraesentiae-
2086 2248 2166 2294 Cap.
2179 2259 2212 2298 4.

1193 2312 1257 2334 rum
1272 2300 1399 2337 vestibus
1417 2302 1577 2332 inducatur
1594 2303 1744 2333 Romanus
1755 2302 1898 2342 Pontifex
1914 2326 1923 2340 ,
1928 2303 1997 2341 jam
2010 2313 2068 2334 non

1189 2361 1226 2382 ex
1250 2349 1334 2391 ipsius
1357 2350 1470 2390 pendet
1491 2349 1616 2388 arbitrio
1638 2374 1649 2388 ‚
1670 2348 1727 2391 J‘ed
1747 2349 1915 2392 sane‘lorum
1939 2353 2067 2383 Parrum

1188 2407 1311 2441 antiqua
1332 2399 1541 2439 Constitutione
1562 2400 1706 2431 decretum
1728 2399 1782 2439 est.
1814 2399 1959 2435 Eandem
1977 2400 2066 2434 Con-

1190 2450 1390 2482 stitutionem
1422 2448 1533 2480 laudat
1582 2448 1876 2483 Windeshemenfis
1919 2450 2065 2493 Capituli

1189 2496 1413 2537 Chronicum‚
1441 2508 1536 2540 atque
1554 2497 1702 2540 adjungit
1727 2512 1738 2532 .·
1766 2498 1837 2540 Nifi
1853 2501 1897 2532 ad
1914 2502 2064 2542 Papatum

1187 2549 1225 2581 de
1249 2549 1356 2592 regulis
1377 2547 1545 2579 Sanc'lorum
1570 2546 1725 2579 Benedicti
1746 2558 1798 2581 aut
1821 2548 1975 2592 Francifti
1995 2554 2062 2591 quis

1182 2597 1280 2639 fuerit
1303 2598 1478 2640 affumptus.
1509 2599 1587 2628 Tunc
1610 2603 1689 2629 enim
1702 2598 1806 2636 vest'em
1815 2598 1982 2642 Ordinisuo
2000 2611 2062 2631 con-

1182 2659 1289 2692 gruam
1309 2645 1413 2688 solitus
1437 2645 1475 2684 est
1498 2646 1616 2687 deferre
1640 2670 1647 2677 .
1677 2646 1784 2688 Hujus
1804 2649 1930 2692 pietatis
1942 2650 2061 2682 Xixtus

1186 2697 1250 2730 fuir
1269 2694 1507 2730 tenadiffimus.
1537 2696 1578 2728 Et
1605 2696 1639 2729 in
1658 2696 1714 2729 suo
1737 2698 1864 2731 Ordine
1885 2698 1987 2732 fuerat
2011 2708 2063 2731 ze-

1186 2746 1353 2780 losrffimus
1377 2745 1623 2779 Concionator.
1646 2744 1786 2779 Proinde
1797 2747 2059 2782 noveratoetavi

1187 2796 1351 2829 Bonifacii
1374 2794 1675 2833 Constitutionem,
1703 2806 1772 2837 quae
1794 2808 1853 2830 nos
1874 2796 2059 2831 omnihora

1186 2846 1219 2879 δε
1241 2846 1333 2879 omni
1360 2844 1412 2879 die
1433 2845 1622 2879 concionari
1644 2845 1819 2886 permittit,
1845 2857 1913 2881 non
1928 2846 2058 2881 tantum

1187 2895 1219 2928 in
1248 2895 1362 2930 nostris
1385 2894 1553 2935 Ecclefiis‚
1581 2894 1632 2926 sed
1655 2895 1750 2927 etiam
1776 2896 1810 2929 in
1834 2896 1971 2937 publicis
1992 2896 2056 2939 pla-

1184 2944 1260 2978 teis:
1289 2946 1330 2978 Et
1347 2944 1394 2978 ob
1418 2945 1556 2983 nullius,
1586 2943 1640 2976 nifi
1652 2942 1695 2976 ob
1709 2943 1805 2978 solius
1817 2944 1874 2980 ista
1886 2945 1964 2979 hora
1977 2957 2056 2980 con-

1184 2994 1349 3028 cionantis
1371 2995 1522 3037 Episcopi
1544 2994 1754 3026 reverentiam
1775 2995 1845 3028 vult
1858 3007 1917 3029 nos
1930 2996 2019 3029 silere
2045 3019 2054 3027 .

1183 3044 1261 3077 Hoc
1283 3055 1458 3077 commune
1472 3043 1524 3085 Jus
1537 3067 1546 3082 ,
1573 3042 1648 3076 item
1663 3043 1696 3076 δε
1708 3044 1770 3076 alia
1782 3045 1950 3090 privilegia
1965 3045 2055 3078 xix-

1182 3104 1231 3128 tus
1256 3094 1432 3136 plenissime
1455 3102 1605 3126 noverat.

1231 3143 1274 3177 Et
1294 3143 1376 3177 istud
1401 3143 1502 3185 ipsum
1529 3142 1676 3177 altissime
1702 3143 1819 3178 clamat
1846 3147 1975 3188 praesens
1986 3145 2053 3186 ejus

1185 3193 1339 3237 Diploma
1351 3218 1358 3225 .
1387 3191 1528 3225 Adduco
1543 3192 1634 3225 verba
1650 3207 1660 3226 .·
1688 3195 1778 3236 ,Quod
1787 3200 1876 3227 etiam
1896 3197 1933 3227 de
1950 3203 2053 3227 caetero

1181 3249 1257 3276 inter
1273 3242 1348 3286 ipsos
1373 3247 1498 3275 Fratres
1515 3243 1715 3275 Mendicantes
1738 3245 1771 3277 (9⁰
1784 3248 1926 3280 Curatos,
1957 3244 2055 3285 quoad

1180 3291 1311 3333 effee‘lum
1331 3291 1544 3334 praedicandt‚
1571 3290 1657 3324 boras
1682 3295 1829 3324 cantandi
1853 3317 1863 3332 ,
1889 3302 2055 3334 campanas

1179 3340 1322 3385 pulsandi
1335 3341 1476 3384 ftrvetur
1487 3334 1660 3383 consuetudo
1675 3348 1823 3383 antiqua,
1848 3354 1914 3383 quae
1924 3347 2060 3385 tempori-

1183 3392 1238 3427 bus
1259 3397 1392 3436 antiquis
1410 3390 1535 3434 servata
1542 3390 1607 3433 fuit
1622 3398 1655 3426 in
1668 3390 1731 3434 ipso
1743 3392 1860 3433 Oppido
1871 3390 2056 3435 Eslingenfi.

1969 3445 2014 3473 Et
