2366 3736
353 110 438 156 De
475 112 759 170 Auno-UA
795 107 1165 153 DISCIPLINA
1200 106 1438 152 enam.
1478 108 1764 154 Murrus.

220 198 346 230 audiant
358 194 593 235 bocsttpendium
601 194 753 237 Jubentem
765 193 853 225 reddi
867 188 985 235 Caesari
997 214 1006 231 ,
1021 193 1100 232 quod

213 251 352 293 Joannes
363 247 444 278 dixit
465 244 566 278 debere
583 243 712 288 sufficere
724 242 837 276 'milm-
864 265 889 281 ‚‚
915 240 1058 276 Reddite
1085 265 1096 282 ,

218 320 243 338 „
266 300 387 337 inquit,
415 294 527 328 Caesari
541 305 610 338 quae
620 291 751 327 Caesaris
763 292 857 332 sunt,
883 291 915 325 &
929 292 1005 324 Deo
1028 302 1095 335 quae

217 368 242 386 „
269 345 332 378 Dei
347 346 421 379 sunt
440 369 447 377 .
474 346 521 377 Ad
533 344 673 377 boc-enlm
693 341 809 375 tributa
829 340 1014 386 praestantur
1030 365 1041 380 ‚
1065 350 1096 374 ut

212 403 335 436 propter
357 396 432 429 bella
447 395 599 438 neceffario
610 392 699 424 milit}
707 392 891 434 stipendium
901 390 1076 433 praebeatur
1087 417 1094 424 .

219 447 369 478 Merito&
382 447 459 479 illius
484 448 673 478 centurionis
691 445 817 476 dicentis
840 466 851 482 ,
881 441 924 475 Et
949 451 1013 486 ego
1040 440 1097 475 ho-

217 505 275 528 mo
289 497 358 529 sum
383 495 441 529 sub
464 492 621 536 potestate
643 494 864 532 constitutus,
893 487 1017 525 habens
1038 491 1096 525 sub

218 555 271 577 me
297 546 418 579 milites
437 567 448 582 ‚
469 542 561 584 fidem
579 544 723 576 laudavit
743 568 753 583 ,
789 554 849 575 non
867 542 946 576 illius
977 542 1095 577 milltrae

218 593 402 637 defit-tionem
412 598 590 634 imperavit.
619 594 661 626 Et
685 592 829 632 Fausto,
857 591 998 625 Domini
1027 602 1095 626 ver-

46 650 127 696 Cap.
139 651 194 699 76.
218 643 295 681 bum
314 667 324 683 ,
351 647 423 676 Non
445 641 564 685 refistere
576 645 652 678 malo
669 668 679 683 ,
706 643 874 685 objicienti
893 640 1057 684 respondit
1085 654 1092 673 :

215 691 390 736 Intelligant
402 692 478 726 hanc
486 698 740 734 praeparationem
762 703 819 724 non
830 692 880 734 eJJe
905 696 938 724 in
960 699 1092 732 corpore,

210 741 309 786 sedin
319 745 418 776 corde.
448 743 493 776 Ibi
506 743 542 782 est
555 750 632 777 enim
656 743 797 779 Sandum
819 741 910 778 cubile
933 746 1057 775 virtutis
1083 766 1090 772 .

216 792 337 828 Vicina
352 793 443 827 istius
466 794 538 829 libri
554 794 660 838 capita
682 793 755 829 sunt
773 790 898 836 integre
919 791 1058 836 legenda
1084 815 1091 822 .

214 843 452 880 Demonstrant
477 843 559 879 bella·
576 868 587 885 ,
624 842 648 876 fi
669 842 760 885 juxta
783 839 984 875 Christianas
1007 841 1093 885 leges

216 903 392 937 gerantur,
415 895 477 928 esse
489 895 602 931 Sancta
614 894 722 938 Opera
736 916 742 923 .
768 892 930 925 Omittere
943 901 1010 924 non
1026 892 1092 934 pos·

215 943 274 976 fim
287 943 382 978 verba
404 944 502 980 sancti
520 942 747 987 Augustiniad
762 943 853 978 suurn
878 940 1037 984 populum
1050 940 1093 973 la-

216 1002 418 1029 mentantem
429 992 469 1026 de
480 993 624 1027 militum
638 991 810 1028 insolentia
824 1004 835 1029 ,-
861 992 923 1025 sed
941 1000 1030 1024 tanta
1040 996 1094 1025 mt-

217 1041 331 1087 bifecit
353 1042 438 1077 miles
463 1041 530 1082 iste.
561 1043 626 1077 His
648 1041 863 1089 querimoniis
886 1041 1094 1085 Augustinus

216 1091 409 1134 respondet:
438 1094 548 1127 Vellem
569 1093 642 1135 nosse
656 1117 666 1132 ‚
688 1091 719 1133 fi
733 1093 881 1127 militares
899 1116 909 1131 ‚
945 1092 1043 1124 utrum
1059 1089 1093 1131 fi-

215 1141 300 1176 milia
314 1153 372 1175 non
397 1141 525 1184 faceres.
553 1147 619 1175 Nec
632 1144 766 1178 volumus
788 1143 863 1175 talia
873 1140 970 1183 fieriu*
992 1142 1095 1176 militi-

215 1193 291 1232 bus,
319 1191 426 1234 quibus
436 1201 584 1234 pauperes
595 1199 824 1234 opprimuntur.
852 1193 987 1224 Volumus
1006 1194 1095 1231 &ip-

213 1239 262 1284 fin
276 1244 380 1274 audire
397 1246 426 1274 E
431 1245 601 1287 vangellum
614 1267 624 1277 .
648 1247 719 1275 Non
741 1253 819 1275 emm
844 1241 1013 1282 benefacere
1028 1249 1096 1282 pro-

217 1290 299 1324 hibet
311 1294 330 1323 ἃ
343 1293 455 1324 militia
468 1316 478 1331 ,
501 1292 560 1334 sed
569 1295 588 1325 a
601 1294 717 1325 malitia
733 1317 739 1323 .
766 1292 925 1326 Venientes
935 1301 1034 1324 autem
1053 1290 1098 1325 ad

217 1340 409 1384 Baptismum
413 1343 444 1384 J
447 1349 553 1377 oannis
565 1344 674 1376 milites
686 1344 830 1397 dlxewnt
843 1355 854 1375 .·
881 1343 915 1375 <Sc
942 1338 1021 1384 quid
1035 1350 1095 1376 nos

217 1391 400 1428 faciemus?
427 1396 478 1426 Ait
490 1392 552 1424 illis
559 1396 702 1436 Joannes
715 1406 726 1424 :
755 1391 918 1425 nerninem
932 1390 1096 1423 concusse-

216 1440 308 1479 ritis,
336 1440 418 1473 nulli
430 1441 630 1476 calumniam
643 1440 802 1474 feceritis.
831 1438 974 1473 Sufficiat
998 1438 1094 1474 vobis

217 1489 413 1532 stipendium
429 1489 587 1522 vestrum.
613 1492 658 1521 Et
680 1488 793 1530 verefi
813 1491 888 1524 tales
910 1489 995 1532 essent
1019 1489 1094 1520 milt-

216 1545 262 1571 tes
285 1562 297 1579 ,
326 1538 408 1583 felix
427 1540 493 1581 effet
513 1538 686 1582 Respublica
707 1564 714 1570 .
761 1539 902 1578 Officia,
928 1549 998 1585 quae
1016 1538 1095 1575 tales

215 1586 340 1622 faciunt
354 1589 474 1622 milites
495 1612 506 1629 ,
532 1589 677 1623 conabor
687 1600 870 1632 exponere.

267 1638 400 1687 Sapt‘ius
412 1649 521 1673 tamen
547 1639 750 1684 Augustinus
771 1639 921 1683 adjungit
942 1638 1094 1673 militiam

217 1688 280 1721 effe
304 1688 531 1730 professionem
546 1689 626 1722 mire
648 1688 882 1732 periculosam.
910 1688 988 1731 Ejus
1010 1689 1095 1732 peri-

216 1737 290 1770 cula
303 1738 469 1782 insigniter
480 1739 631 1774 describit
651 1739 686 1775 iu
702 1740 800 1782 priori
820 1736 957 1783 epistola
978 1738 1018 1772 ad
1032 1737 1095 1772 Bo-

217 1787 374 1820 nifacium
389 1812 399 1827 ,
427 1789 693 1823 Domesticorum
707 1790 740 1822 &
755 1788 875 1825 Africae
899 1789 1089 1823 Comitem:

217 1838 261 1871 De
271 1838 380 1878 qulbus
393 1862 404 1878 ,
427 1848 459 1871 ut
473 1850 564 1872 unum
585 1839 703 1881 aliquid
723 1840 843 1878 dicam,
867 1844 935 1881 quis
960 1850 1019 1871 non
1041 1843 1092 1871 vl-

216 1889 308 1925 deat‚
337 1889 419 1928 quod
437 1889 523 1921 muln
533 1888 664 1922 homines
687 1889 745 1922 tibi
755 1889 921 1924 cohaereant
946 1889 989 1920 ad
1012 1896 1094 1921 tuen-

217 1938 288 1969 dam
300 1946 383 1969 tuam
392 1943 557 1980 potentiam
570 1941 623 1973 vel
628 1937 759 1981 salutem
768 1963 778 1978 ‚
807 1945 858 1980 qut
870 1937 983 1979 etiamst
991 1949 1091 1972 omnes

221 1987 279 2018 tibi
289 1985 392 2025 fideles
415 1987 475 2028 sint
490 2012 501 2027 ,
528 1999 578 2021 nec
591 1989 630 2022 ab
640 1999 738 2021 eorum
748 1989 846 2029 aliquo
854 1990 923 2019 ullae
933 1994 1096 2020 timeantur

223 2034 337 2076 infidtae
347 2059 357 2075 ‚
385 2038 490 2078 nempe*
500 2044 601 2071 tamen
609 2037 652 2067 ad
659 2048 693 2069 ea
706 2036 781 2069 bona
794 2059 805 2075 ‚
831 2047 898 2078 quae
910 2035 966 2077 ipſs
981 2046 1096 2077 quoque

219 2096 276 2117 non
293 2082 453 2126 secundum
474 2089 570 2119 Deum
584 2110 594 2125 ‚
615 2084 673 2128 sed
692 2083 853 2127 secundum
867 2083 1008 2128 saeculum
1029 2086 1096 2118 dili·

214 2144 312 2178 gunr,
335 2144 390 2176 per
396 2133 429 2178 se
440 2142 562 2177 cupiunt
583 2141 742 2176 pervenire
756 2159 766 2175 ,
791 2146 825 2167 ac
842 2143 900 2176 per
910 2134 961 2167 boc
981 2140 1034 2176 qut
1052 2145 1097 2167 re·

213 2183 352 2225 fiaenare
381 2188 415 2217 (9
438 2183 612 2226 compescere
635 2184 759 2224 debuisti
779 2186 962 2225 cupiditates
986 2193 1056 2215 tuas
1084 2187 1098 2222 ,’

218 2236 337 2274 explere
360 2242 467 2276 cogeris
491 2234 622 2267 alienas.
652 2235 746 2277 ,Quod
765 2243 797 2268 ut
816 2233 898 2275 fiat,
925 2231 1038 2275 necesse
1058 2231 1096 2271 est

216 2291 248 2315 ut
264 2284 359 2315 multa
372 2307 382 2325 ,
404 2295 470 2329 quae
496 2286 555 2316 Deo
578 2282 754 2326 displicent,
778 2283 877 2325 fiant.
907 2287 974 2316 Nec
988 2281 1028 2324 fic
1050 2292 1096 2316 ta·

216 2344 284 2365 men
305 2336 460 2373 explentur
471 2334 547 2367 tales
576 2335 772 2376 cupiditates.
809 2337 896 2366 Nam
907 2332 1033 2373 facilius
1056 2344 1096 2367 re-

213 2381 394 2427 secanturin
405 2389 471 2423 eis,
498 2389 548 2426 qui
566 2387 660 2417 Deum
669 2385 820 2427 diligunt,
845 2384 935 2425 quam
962 2388 994 2415 in
1014 2388 1057 2415 eis
1085 2408 1094 2423 ,

217 2434 585 2479 wimundum-diligunt,
610 2435 776 2478 aliquando
793 2430 962 2475 sanentur.
991 2435 1096 2476 ,Quan-

217 2484 255 2515 do
265 2485 330 2525 ergo
339 2488 450 2523 poteris
462 2493 504 2516 tot
516 2483 665 2518 bominum
677 2492 859 2516 armatorum
872 2507 882 2523 ,
910 2494 1032 2526 quorum
1043 2482 1092 2523 fo-

218 2535 318 2565 venda
329 2535 365 2570 est
376 2534 524 2574 cupiditas
538 2557 550 2573 ,
575 2539 698 2567 timetur
723 2533 883 2567 aueoritas
895 2545 909 2573 ;
936 2534 1057 2575 quando
1082 2557 1092 2574 ,

220 2585 342 2622 inquam
358 2603 368 2618 ‚
392 2588 504 2622 poteris
527 2593 625 2615 eorum
646 2581 927 2625 concupiscentiam,
954 2589 1004 2625 qui
1026 2583 1093 2615 dili·-

215 2640 295 2675 gunt
319 2633 488 2672 mundum,
514 2642 571 2664 non
592 2634 656 2665 dico
663 2631 779 2675 satiare
795 2656 807 2672 ,
833 2634 913 2674 quod
927 2632 992 2673 fieri
1015 2633 1094 2666 nullo

219 2680 401 2722 modopotest
414 2704 424 2720 ,
447 2679 502 2725 led
523 2683 626 2724 aliqua
649 2694 686 2716 ex
705 2691 795 2724 parte
811 2680 929 2726 pascere
943 2707 953 2722 ,
981 2693 1017 2715 ne
1029 2689 1090 2715 unt·

217 2729 307 2773 versa
314 2731 384 2771 plus
392 2738 521 2772 pereant
533 2757 543 2773 ‚
572 2731 628 2774 nisi
637 2740 669 2764 tu
674 2731 779 2774 faciat
801 2744 868 2774 quae
889 2736 968 2765 Dru:
985 2732 1092 2775 prohi-

217 2779 267 2814 bet
277 2805 287 2821 ,
313 2783 346 2813 (2¹
359 2780 546 2823 facientibus
559 2789 754 2815 comminatur
766 2784 782 2815 ἓ
808 2785 934 2818 Omnes
947 2782 1089 2816 militum

217 2829 348 2870 Duces,
376 2833 547 2873 praesertim
570 2832 697 2876 Reges,
723 2833 797 2866 sunt
811 2833 951 2866 obnoxii
968 2833 1020 2867 his
1033 2843 1087 2876 pe·-

216 2881 341 2914 riculis.
370 2880 501 2915 Etenim
523 2882 719 2916 collerstitius
740 2882 885 2927 militum
907 2894 985 2927 grex
1017 2881 1089 2916 raro

215 2932 388 2964 consuevit
411 2942 478 2964 non
501 2931 638 2977 diligere
656 2933 816 2967 mundum
839 2957 847 2965 .
886 2934 978 2967 Hinc
1001 2932 1086 2966 Sacri

216 2979 372 3016 Canones
394 2982 611 3025 penitentibus
644 2983 763 3018 merito
784 2980 983 3017 interdicunt
1009 2983 1091 3016 mili-

217 3029 294 3064 tiam
308 3056 314 3063 .
326 3031 483 3066 Attamen
496 3033 528 3067 δι
542 3034 625 3067 inter
638 3033 758 3067 milites
769 3031 925 3067 habemus
937 3045 974 3067 ac
999 3043 1092 3067 vene-

219 3089 323 3115 ramur
334 3084 456 3116 multos
466 3083 674 3118 sanctissimos
685 3083 844 3126 Martyres
857 3109 867 3124 ‚
892 3083 1093 3117 castissimos—

219 3139 284 3171 que
293 3141 329 3164 ac
348 3132 530 3175 justiffimos
550 3135 758 3168 Confessores
772 3158 779 3165 .
807 3133 858 3166 Ex
880 3133 997 3167 eodem
1010 3133 1094 3176 prin·

221 3179 309 3220 cipio
331 3181 534 3226 Augustinus
545 3184 641 3219 docet
656 3184 727 3217 aliis
739 3183 992 3229 agriculturam,
1018 3184 1092 3218 aliis

222 3228 384 3264 Advocati
406 3233 550 3268 officium
564 3258 575 3274 ,
602 3235 672 3269 aliis
695 3233 817 3278 placere
837 3234 1012 3275 militiam,
1050 3242 1091 3267 at-

39 978 143 1014 Serm.

42 1038 60 1064 1
70 1039 82 1062 t
92 1039 119 1063 1·-
149 1026 190 1061 de

40 1076 185 1113 diversis.

40 1137 168 1176 cap-14.

45 1854 103 1900 Ep.
117 1864 173 1904 70.

1910 125 2005 175 107

1159 191 1234 224 cola.
1262 194 1287 224 0
1299 188 1402 233 insane
1414 213 1425 230 ,
1452 196 1484 224 in
1497 193 1590 224 alium
1603 201 1635 226 te
1645 191 1804 233 ‚Babylonis
1811 189 1937 230 fluvium
1943 201 2026 234 ρω-

1158 240 1285 282 cipitasti
1296 265 1308 282 ‚
1332 240 1565 277 turbulentiorem
1575 243 1608 276 Ca·
1618 249 1815 284 rapaciorem.
1843 240 2026 284 Babylonis

1159 291 1278 325 fluvios
1289 291 1425 328 affirmat
1438 293 1499 324 efle
1509 292 1645 332 omnia,
1671 303 1740 335 quaej
1762 292 1797 325 in
1823 289 1887 327 hoc
1908 292 2025 326 saeculo

1158 352 1309 375 amantur
1326 342 1359 374 ἀ
1371 341 1537 376 transeunt
1551 365 1557 372 .
1585 342 1625 376 Et
1638 342 1754 381 horum
1767 342 1941 380 fluviorum
1956 341 2029 374 nul-

1159 392 1228 425 lum
1239 392 1301 426 effe
1323 389 1594 427 turbulentiorem
1607 414 1617 430 ,
1643 403 1681 425 ac
1702 392 1886 426 animarum
1907 390 2029 425 nostra-

1157 452 1227 477 rum
1241 441 1274 475 in
1286 441 1496 484 sempiternas
1508 440 1674 485 gehennas
1684 442 1881 485 rapaciorem
1898 464 1909 480 ‚
1929 441 2028 484 quam

1159 492 1257 525 vitam
1280 491 1455 524 militarem
1469 515 1476 522 .
1503 491 1602 535 Hanc
1622 491 1690 533 ejus
1700 492 1880 532 doarinam
1901 490 2030 534 respicit

1158 542 1281 575 sanstus
1293 539 1476 576 Poffidius:
1503 539 1680 584 Augustinus
1699 539 1886 583 servandum
1905 547 1938 574 in
1957 546 2029 574 vita

1158 593 1190 629 2&
1208 590 1338 624 moribus
1351 590 1476 623 bominis
1490 593 1548 623 Det
1566 590 1726 631 referebat,
1754 592 1831 635 quod
1840 596 1872 622 in
1883 590 2029 630 Institutls
2046 577 2172 617 9²P'27’

1153 640 1267 684 sanc‘lae
1290 647 1437 674 memortae
1459 639 1595 681 Ambrofii
1616 649 1792 681 compererat
1813 664 1824 680 ‚
1850 649 1885 672 ut
1902 642 2032 674 militare

1156 692 1302 725 volentem
1313 701 1477 737 numquam
1500 691 1543 722 ad
1562 690 1613 722 boc
1634 691 1864 722 commendaret.
1897 690 2027 733 Nempe

1156 752 1285 784 propter
1296 741 1398 774 multa
1413 740 1502 774 istius
1517 739 1723 783 professionis
1745 739 1886 782 pericula
1898 764 1905 771 .

1205 791 1305 825 Hanc
1342 801 1450 824 veram
1486 790 1666 824 doctrinam
1689 789 1859 833 insigniter
1886 788 2031 823 elucidat

1154 841 1278 874 sanstus
1299 840 1439 875 Isidorus
1465 840 1644 874 Pelufiotes
1661 864 1668 871 .
1697 840 1832 874 Etenim
1855 840 1895 872 ad
1922 838 2042 872 AEde-*

1154 892 1234 924 sium
1257 891 1382 929 militiae
1405 890 1576 924 Rectorem
1612 889 1680 924 haec
1701 889 1829 927 scribit:
1857 893 2035 930 Numquam

1154 950 1183 975 re
1194 940 1318 978 molestae
1329 947 1477 975 immittas
1488 949 1598 984 pugnae
1609 965 1620 980 ,
1643 938 1817 983 praesertim
1829 950 1895 972 cum
1903 945 2029 980 pietatis

1154 1003 1189 1025 ac
1200 996 1327 1024 virtutis
1349 1002 1411 1024 non
1433 995 1534 1034 agitur
1549 996 1711 1034 negotium.
1738 994 1775 1022 In
1797 989 1845 1021 bis
1863 995 1972 1022 etenim
1992 990 2036 1021 ad
2054 972 2112 1017 ΕΡ·
2127 982 2181 1017 14-

1152 1040 1330 1088 sanguinem
1340 1040 1429 1084 usque
1439 1043 1638 1084 pugnandum
1670 1040 1730 1082 ιβ,
1758 1051 1793 1073 ne
1820 1038 1883 1072 baec
1905 1049 1959 1072 aut
1980 1040 2033 1072 illa

1151 1093 1300 1134 prodatur
1314 1116 1321 1123 .
1351 1092 1393 1125 Et
1406 1091 1439 1123 in
1453 1091 1567 1127 litteris
1580 1090 1621 1125 ad
1636 1090 1797 1133 Alphium
1811 1088 2031 1124 Monachum:
2054 1095 2202 1147 3238&

1158 1142 1245 1174 Bella
1250 1141 1321 1182 fere
1331 1141 1365 1174 ob
1377 1143 1491 1174 alienae
1502 1140 1667 1181 conflantur
1687 1140 1857 1183 paffeffiones
1870 1141 1905 1173 Θ·
1927 1139 2003 1172 bona
2028 1163 2036 1174 ‚

1157 1195 1197 1224 Ac
1210 1203 1245 1224 ne
1265 1202 1362 1223 omnes
1380 1192 1502 1234 quidem
1516 1190 1594 1223 bella
1600 1200 1737 1233 gerentes
1743 1189 1816 1233 sunt
1836 1187 1996 1232 accusandi
2022 1213 2035 1230 ,

1152 1240 1210 1284 sed
1230 1247 1282 1283 qui
1298 1239 1463 1283 suscipiunt
1484 1241 1533 1274 vel
1545 1242 1687 1283 injurtae,
1716 1242 1768 1274 vel
1783 1242 1925 1280 rapiendi
1935 1237 2036 1282 causa,

1157 1290 1188 1323 bi
1196 1288 1366 1332 pernici0fi‚
1393 1292 1477 1326 velut
1488 1292 1650 1330 daemones,
1670 1289 1744 1333 sunt
1755 1289 1905 1323 habendi.
1934 1293 1974 1320 At
1984 1295 2037 1331 qut

1157 1340 1280 1379 modeste
1295 1341 1474 1377 vindicant,
1499 1351 1536 1372 ac
1547 1341 1698 1372 moderate*
1709 1337 1884 1384 ulciscuntur
1905 1340 2038 1378 injurias

1156 1391 1285 1430 illatas,
1312 1387 1474 1430 mnsam,
1499 1397 1534 1421 ut
1547 1388 1648 1430 injusti
1663 1413 1672 1427 ‚
1697 1387 1954 1429 reprebendendt.
1981 1390 2037 1421 Ex

1158 1443 1268 1482 Legum
1279 1444 1357 1474 enim
1372 1437 1550 1481 Praescripto
1560 1450 1623 1472 rem
1638 1447 1750 1482 gerunt
1765 1464 1771 1470 .
1799 1442 1906 1479 Neque
1919 1449 1966 1470 eos
1985 1450 2039 1471 ve-

1156 1492 1213 1523 luti
1227 1487 1415 1531 Philosopbos
1427 1490 1574 1521 admirari
1598 1496 1725 1534 oportet,
1754 1499 1804 1521 nec
1828 1489 2032 1529 depraedlcare

1156 1539 1240 1582 quasi
1248 1544 1348 1572 vitam
1357 1541 1425 1572 coelo
1438 1540 1562 1585 dignam
1574 1540 1707 1575 ducentes
1722 1551 1730 1570 ε
1758 1550 1818 1571 non
1834 1544 1866 1570 in
1876 1540 2042 1579 rependen-

1157 1591 1206 1621 dis
1219 1590 1359 1629 injuriis,
1386 1600 1463 1632 quas
1479 1590 1598 1630 perpeffi
1621 1587 1714 1633 sunt,
1738 1586 1794 1631 sed
1815 1589 1895 1630 quod
1913 1590 2042 1622 viriliter

1157 1638 1365 1678 &constanter
1375 1640 1446 1671 illas
1468 1637 1629 1682 perferant
1645 1662 1657 1679 ,
1683 1644 1826 1674 inertiam
1845 1639 2000 1680 culpantes
2029 1664 2039 1671 .

1158 1692 1220 1732 ,Qui
1233 1691 1302 1722 vero
1318 1689 1395 1730 juste
1415 1689 1534 1732 quidem
1549 1686 1583 1733 se
1596 1690 1757 1723 vindicam
1769 1713 1779 1729 ‚
1806 1689 1926 1723 modum
1937 1698 2041 1722 tamen

1156 1741 1321 1781 excedun13
1341 1741 1373 1779 ji
1392 1748 1426 1772 ut
1447 1738 1548 1778 injusti
1569 1737 1642 1781 sunt
1667 1737 1842 1781 accusandi.
1869 1740 1938 1781 ,Qut
1959 1745 2041 1774 enim

1157 1791 1349 1822 immoderate
1371 1787 1570 1830 ulciscuntur,
1590 1787 1748 1833 secundam
1772 1789 1806 1822 (at
1829 1799 1943 1821 novam
1963 1789 2043 1821 ordl-

1157 1849 1248 1872 untur
1273 1841 1418 1879 injuriam
1446 1863 1453 1869 .
1493 1840 1604 1871 Poenas
1627 1844 1705 1871 enim
1733 1837 1848 1873 aelidis
1875 1838 1926 1880 effe
1949 1846 2043 1879 parer

1157 1897 1291 1931 oportet,
1319 1899 1376 1921 non
1390 1889 1539 1928 majores:
1568 1899 1604 1921 ne
1617 1887 1729 1929 justum
1743 1890 1778 1922 <5
1801 1899 1918 1930 aequum
1940 1886 2041 1930 trans-

1153 1939 1236 1983 greffi
1250 1962 1259 1976 ,
1286 1941 1320 1972 <5
1340 1937 1462 1978 iustittae
1483 1938 1558 1979 fines
1576 1939 1744 1972 excedendo
1764 1939 1895 1982 gloriam
1916 1937 2042 1972 debone-

1152 1989 1292 2028 stantes‚
1318 1994 1399 2021 inter
1425 1988 1567 2027 Alastores
1589 1987 1761 2028 referantur
1782 2012 1793 2027 ,
1827 1989 1965 2021 excedere
1989 1992 2039 2020 vt·

1158 2039 1260 2070 dearis
1276 2061 1283 2068 .
1310 2037 1444 2069 Gloriam
1458 2043 1536 2069 enim
1548 2037 1736 2075 dehonestant
1753 2038 1880 2078 justitiae
1887 2037 1966 2078 fines
1985 2048 2041 2071 ex·

1158 2088 1284 2120 cedendo
1294 2108 1305 2125 ‚
1330 2095 1420 2128 utque
1433 2089 1518 2119 Dlrts
1531 2089 1691 2120 execrandi
1698 2085 1771 2129 sunt
1783 2086 1914 2120 habendi
1927 2113 1934 2120 .

1217 2135 1433 2179 Compendio
1444 2136 1543 2171 tradit
1557 2138 1591 2169 ὅ(
1615 2148 1734 2180 magna
1756 2138 1790 2170 ἀ
1811 2138 1916 2171 multa
1940 2137 2042 2171 docu-

1159 2194 1291 2218 menta.
1317 2183 1432 2219 Primo
1447 2207 1458 2222 ‚
1495 2185 1584 2231 quod
1602 2187 1763 2219 offenliva
1787 2185 1872 2220 bella
1897 2197 1964 2219 non
2000 2187 2040 2220 li*

1158 2244 1274 2275 ceant,
1302 2234 1359 2267 nisi
1375 2231 1416 2267 ad
1437 2233 1615 2271 tuitionem
1638 2236 1770 2278 pietatis
1794 2259 1805 2275 ,
1832 2244 1888 2269 aut
1909 2235 2042 2270 alterius

1160 2284 1307 2318 virtutis.
1335 2284 1488 2319 Secunde>
1514 2308 1524 2324 ‚
1550 2285 1639 2329 quod
1667 2285 1730 2327 ipsa
1756 2286 1868 2328 paffim
1893 2285 2042 2321 indican-

1158 2344 1208 2368 tur
1228 2345 1265 2368 ac
1277 2334 1494 2376 suscipiantur
1506 2333 1551 2368 ob
1579 2335 1774 2378 temporales
1794 2335 2005 2378 possessiones
2028 2358 2040 2375 ‚

1157 2394 1214 2418 aut
1225 2384 1288 2417 alia
1301 2384 1391 2419 istius
1417 2384 1546 2428 generis
1570 2384 1656 2419 bona
1672 2410 1679 2417 .
1702 2385 1823 2420 Tertio
1848 2409 1858 2424 ,
1886 2386 1975 2428 quod
1995 2396 2042 2420 ta-

1156 2434 1237 2468 lium
1250 2434 1349 2467 etiam
1372 2434 1534 2468 bellorum
1563 2436 1708 2468 austeres
1744 2445 1782 2467 ac
1804 2435 1947 2478 gestores
1970 2446 2039 2470 non

1156 2484 1216 2517 sint
1238 2485 1418 2528 generatim
1431 2484 1629 2517 damnandi.
1659 2482 1815 2531 Qartd,
1840 2484 1930 2527 quod
1945 2484 1999 2518 isti
2026 2507 2039 2526 ,

1156 2535 1212 2578 qui
1232 2545 1274 2567 ex
1302 2532 1448 2576 rapiendi
1474 2533 1526 2566 vel
1549 2533 1754 2567 vindicandae
1777 2533 1900 2575 injuriae
1922 2535 2039 2570 animo

1157 2583 1355 2627 suscipiunt,
1381 2583 1441 2616 sint
1478 2583 1590 2616 fratres
1626 2583 1834 2622 daemonum,
1873 2585 2040 2627 aequaliter

1157 2634 1324 2678 perniciosi
1339 2657 1346 2665 .
1373 2631 1506 2679 Qinto
1519 2655 1529 2671 ,
1556 2633 1646 2676 quod
1659 2632 1727 2676 illi,
1755 2634 1812 2676 qui
1825 2634 1894 2677 ipsa
1913 2633 1953 2668 ad
1972 2646 2037 2669 me·

1157 2682 1436 2727 ram&aequalem
1459 2681 1622 2717 illatarum
1646 2681 1702 2718 fibi
1724 2682 1917 2728 injuriarum
1948 2695 2038 2719 com·

1160 2735 1383 2777 pensa-tionem
1407 2732 1605 2775 suscipiunt,
1633 2743 1700 2767 non
1715 2733 1776 2767 sint
1789 2733 1969 2769 damnandi
1993 2735 2036 2769 de

1159 2783 1332 2826 injustitia.
1359 2780 1476 2820 Sexto,
1503 2782 1591 2827 quod
1614 2782 1700 2825 ipsos
1717 2792 1823 2817 tamen
1848 2794 1915 2817 non
1939 2794 2037 2827 opor·

1158 2842 1223 2867 teat
1245 2833 1354 2866 fovere
1364 2830 1582 2866 autlaudare.
1609 2833 1692 2867 Sunt
1702 2833 1874 2867 dumtaxat
1885 2833 2033 2868 toleran-

1159 2882 1212 2916 di.
1250 2883 1356 2916 Satius
1377 2893 1518 2925 namque
1538 2882 1614 2917 esset
1633 2882 1821 2918 constanter
1840 2883 1874 2916 ἀ
1897 2884 2034 2919 viriliter

1160 2932 1288 2967 sufferre
1300 2933 1453 2975 injurias,
1480 2943 1578 2976 quam
1599 2933 1696 2966 armis
1718 2931 1900 2967 vindicare.
1930 2934 2036 2977 Septi·

1161 2986 1217 3016 mo
1236 2983 1334 3017 docet
1343 2983 1424 3026 ‚illos
1438 3006 1448 3022 ,
1473 2981 1529 3026 qui
1540 2982 1628 3024 juflae
1643 2982 1793 3016 vindistae
1811 2993 1864 3016 aut
1877 2994 2035 3029 compen·

1162 3033 1294 3068 sationis
1322 3034 1458 3067 modum
1485 3033 1674 3072 excedunt,
1700 3034 1762 3066 efle
1784 3034 1966 3078 gravissime
1985 3035 2037 3068 iu·

1160 3083 1270 3128 justos.
1301 3083 1452 3118 Excessus
1476 3080 1530 3115 hic
1553 3082 1598 3115 est
1622 3094 1713 3116 nova
1736 3082 1874 3127 injuria.
1914 3084 2033 3119 Censet

1162 3133 1242 3168 bella
1252 3134 1351 3167 etiam
1376 3131 1572 3167 Christianis
1596 3131 1832 3176 Principibus,
1859 3133 1935 3169 licet
1954 3135 2034 3167 sem-

2052 920 2125 956 Lib,
2138 933 2170 968 ς.

1162 3194 1215 3227 per
1229 3182 1435 3218 dissuadenda
1448 3206 1458 3221 ,
1485 3192 1525 3215 ex
1538 3182 1636 3216 causis
1648 3193 1757 3216 tamen
1773 3184 1868 3219 licere
1880 3209 1887 3217 .
1913 3183 2034 3219 Omnis

1161 3234 1294 3276 quaestio
1307 3232 1353 3268 est
1365 3235 1405 3267 de
1416 3232 1502 3265 bello
1516 3233 1675 3266 offenfivo
1687 3258 1694 3265 .
1725 3233 1766 3268 Et
1781 3237 1866 3268 inter
1879 3233 1954 3268 istas
1964 3243 2034 3266 cau-

222 3289 286 3321 que
300 3279 516 3323 prosequitur:
545 3285 626 3317 Alius
640 3287 720 3319 dixit
738 3309 748 3324 ‚
774 3296 883 3329 magna
897 3295 943 3317 res
956 3284 993 3323 est
1017 3284 1092 3316 milt-
1145 3285 1210 3319 isas
1224 3286 1317 3328 ponit
1332 3294 1396 3317 non
1423 3283 1523 3315 solam
1547 3283 1701 3325 pietatem
1724 3294 1781 3319 aut
1800 3284 1993 3328 religionem
2022 3304 2035 3322 ,

221 3338 288 3362 tare
303 3353 309 3360 .
335 3333 445 3363 Omnes
461 3336 591 3375 agricola
600 3335 774 3378 formidant
784 3346 828 3368 eos
855 3340 909 3377 qui
924 3335 1056 3367 militant
1084 3358 1091 3365 .
1145 3343 1147 3353 ³
1163 3334 1214 3368 sed
1235 3346 1368 3368 omnem
1384 3335 1534 3366 virtutem
1551 3357 1558 3364 .
1587 3332 1689 3381 Qod
1703 3335 1806 3377 ipsum
1822 3335 1854 3367 in
1868 3334 1982 3366 litteris
1993 3330 2035 3366 ad

223 3377 425 3422 Obs‘qffl‘mur
437 3387 479 3414 eis
495 3406 501 3414 .
527 3387 643 3418 Timent
654 3398 714 3419 eos.
745 3387 775 3418 51
787 3384 874 3427 fuero
883 3386 1030 3428 agricola,
1055 3390 1089 3416 tt·
1142 3384 1146 3401 ¹
1163 3383 1334 3419 Rusticum
1359 3381 1523 3417 Narbonae
1535 3381 1788 3425 Metropolitam
1803 3382 1955 3424 supponit
1971 3393 2037 3416 ma·

226 3429 306 3464 mebo
316 3433 496 3475 militarem3
517 3432 546 3476 fi
546 3433 632 3475 fuero
642 3437 784 3471 militaris
794 3459 806 3478 ‚
832 3435 957 3472 timebor
967 3435 1005 3469 ab
1013 3439 1089 3479 agri·
1139 3442 1146 3482 Ι
1162 3445 1245 3480 gnus
1258 3436 1346 3471 Leo:
1373 3437 1564 3468 Contrarium
1584 3433 1622 3474 est
1636 3431 1835 3475 Ecclefiasticis
1858 3433 1965 3476 regulis
1975 3431 2035 3472 post

1914 3488 2008 3524 poem'·
2033 3505 2035 3507 ·

2058 3407 2140 3455 Cap.
2155 3414 2211 3448 ἡ·
