2366 3736
615 134 696 181 DE
735 137 999 181 81MON1A
1037 135 1596 181 Mourisrfitfttoitum.

475 188 488 205 N

201 229 301 264 finem
312 225 412 260 etiam
425 221 621 258 Tristandus
642 220 854 259 de'Salazar,
881 217 1078 261 Archi-,Epi-

202 281 316 320 scopus
336 274 529 310 senonensis
541 300 550 316 ‚
577 275 613 308 in
638 274 692 306 sua
720 268 859 313 synodo
883 268 986 302 edidit
1010 269 1079 302 infi-

200 338 301 373 guem
323 325 497 360 Canonem
526 337 534 357 ι
561 325 649 366 ,Quia
666 325 826 354 Canonicae
842 317 1040 357 institutiones
1069 343 1078 358 ,

198 378 320 420 ,que-de
343 378 472 408 simonia
494 377 666 415 loquuntur,
697 369 834 410 distinc'li?
848 367 1008 411 probibent
1023 377 1079 409 pro

200 427 322 469 ingreffu
336 428 492 470 Religionis
513 421 551 455 ab
564 421 629 463 ipsis
645 420 874 465 ingredientibus
888 442 898 458 ,
923 418 976 451 vel
983 430 1078 452 eorum

200 482 314 509 nornine
323 478 484 519 quidquam
494 476 588 516 exigi,
607 478 699 504 etiam
707 467 1079 518 praetexucujuscumque

197 525 416 569 consuetudinis
435 547 445 563 ‚
472 534 537 565 quae
545 523 644 564 potius
657 523 716 554 dici
727 521 812 554 debet
828 520 991 560 corruptela
1000 543 1011 559 ‚
1023 531 1077 551 om·

199 576 285 609 nibus
299 572 503 619 Abbatibus&
530 570 682 612 Abbatiffis
694 596 703 610 ,
736 569 892 604 Prioribus
905 593 915 608 ‚
944 571 976 601 (θ’
1000 571 1079 611 Prio-

199 626 289 666 riffis,
316 625 349 658 ὑ
368 624 438 655 aliis
460 620 680 665 quibuscumque
685 619 844 664 suademur
858 643 868 658 ,
893 621 1031 661 quoium
1044 620 1079 651 de

199 675 254 708 bac
264 679 390 706 materia
400 674 546 715 loquentia
561 674 717 716 diligenter
730 670 882 714 observent
893 694 904 709 ,
923 668 963 709 fic
969 667 1078 710 scilicet

198 724 280 766 quiid
283 732 342 765 pro
351 725 473 767 ingressu
486 725 645 765 Religionis
653 719 748 763 prose
759 721 810 754 vel
824 719 1006 757 monasteriis
1013 716 1076 760 fisis

196 785 236 810 ex
246 773 335 814 pado
348 775 397 806 vel
405 780 591 810 conventione
602 771 678 804 nibil
688 776 853 811 recipiam3
876 768 905 809 fi
911 778 1008 800 autem
1016 767 1076 809 post

196 822 293 866 ipsum
313 824 474 867 Religionis
501 822 652 866 ingressum
678 822 796 862 aliquid
799 818 897 860 fuerit
907 819 945 850 ab
954 817 1019 859 ipsis
1032 824 1075 853 in-

193 874 411 917 gredientibus,
426 874 478 907 vel
485 873 523 905 ab
536 870 664 914 ipsbrum
671 869 842 912 parentibus
855 868 1024 908 monasterio
1038 880 1075 900 ex

196 925 352 957 devotione
372 923 501 956 oblatum
511 946 521 963 ,
547 921 623 954 illud
631 925 720 963 recipi
732 920 853 952 minim?
862 917 1053 959 probibemus
1067 941 1074 948 .

245 974 328 1007 Haec
341 972 494 1015 synodus
507 970 588 1005 reste
601 971 699 1009 dicit:
729 973 885 1004 Praetextu
909 966 1074 1010 cujufirum-

194 1020 494 1065 queconsuetudinis.
524 1020 672 1054 Imitatur
686 1018 915 1054 Alexandrum
929 1018 986 1052 111.
1017 1018 1073 1062 qui

190 1073 236 1106 de
261 1071 407 1105 Simonia
430 1071 595 1106 damnavit
614 1068 886 1104 consuetudinem
911 1092 922 1109 ,
947 1080 988 1101 ex
1010 1080 1072 1112 qua

193 1122 305 1156 nescio
324 1123 380 1165 qui
408 1121 568 1156 Monachi
606 1121 740 1165 triginta
751 1145 762 1161 ,
789 1118 902 1153 Abbas
922 1118 1033 1151 decem
1061 1140 1071 1156 ‚

192 1171 333 1206 Familia
354 1171 534 1214 postulabat
560 1170 734 1204 duodecim
765 1169 884 1203 solidos
895 1193 905 1208 ‚
935 1166 1072 1210 adseren-

192 1231 240 1257 tes
255 1221 306 1254 hoc
315 1222 367 1264 effe
378 1223 415 1254 de
427 1220 635 1264 consuetudine
653 1220 840 1260 Monasterii.
870 1220 922 1252 De
947 1218 1072 1251 cunetis

192 1273 392 1307 Simoniacis
413 1282 478 1305 tam
511 1273 664 1304 saecularis
686 1271 782 1313 quam
804 1267 957 1313 regularis
983 1267 1069 1300 Cleri

193 1321 418 1356 exafflonibus
435 1321 517 1354 reae
529 1320 711 1354 dixitidem
738 1319 925 1353 Alexander
945 1318 980 1365 in
1001 1317 1065 1349 Tu·

191 1372 321 1405 ronenfi
336 1371 474 1413 Synodo
489 1383 496 1402 ι
514 1381 616 1413 neque
630 1369 688 1403 sub
700 1369 838 1402 obtentu
851 1365 984 1408 alicujus
996 1376 1069 1398 con-

189 1419 368 1454 suetudinis
392 1430 516 1452 reatum
541 1420 634 1451 suum
655 1417 773 1460 aliquis
795 1426 920 1450 tueatur
937 1438 944 1447 .
987 1417 1070 1457 ‚Quia

15 1448 99 1487 cm*
113 1460 147 1491 ¹²
185 1471 380 1505 diuturnitas
391 1473 531 1509 temporis
544 1479 602 1500 non
613 1472 719 1499 minuit
726 1474 854 1508 peccata
867 1490 877 1505 ,
898 1463 955 1508 sed
963 1474 1048 1508 auget
1061 1490 1067 1496 .

190 1519 388 1554 Senonenfis
399 1518 550 1560 Synodus
562 1519 660 1551 etiam
675 1516 757 1550 recte
770 1516 877 1550 addit:
909 1513 1008 1557 Profe
1021 1516 1073 1547 vel

191 1569 376 1609 Monasteri'is
397 1567 479 1611 suis.
508 1567 597 1600 Nam
626 1567 659 1601 &
697 1566 846 1601 laudatus
884 1564 1070 1600 Alexander

190 1619 327 1654 damnat
340 1618 434 1652 istam
451 1616 732 1652 Consuetudinem
746 1641 756 1656 ,
781 1626 822 1649 ex
834 1626 895 1659 qua
908 1615 940 1649 ἀ
953 1615 1069 1649 Mona-

190 1669 290 1707 chi&
309 1667 551 1711 Abbasaliqiiid
565 1678 622 1710 pro
640 1667 671 1700 se
692 1664 886 1710 exigebant.
914 1665 976 1698 lssa
998 1676 1068 1698 exa·

191 1720 258 1753 stio
268 1718 332 1752 illis
345 1717 476 1753 cedebat
490 1719 522 1751 in
537 1717 656 1760 jocalia
669 1741 677 1752 .
708 1716 784 1749 Erat
798 1715 969 1750 foediffima
993 1726 1068 1749 con·

189 1767 350 1803 suetudo.
378 1767 514 1802 Penitt'ls
526 1767 712 1802 damnanda
726 1791 733 1799 .
762 1764 918 1800 Notanda
944 1765 1017 1798 sunt
1038 1765 1069 1799 &

189 1817 258 1852 haec
270 1818 360 1852 istius
371 1818 500 1862 synodi
513 1817 605 1851 verba
620 1831 627 1850 :
655 1819 686 1851 si
698 1826 799 1850 autem
807 1816 869 1859 poll
885 1813 980 1858 ipsum
992 1816 1068 1848 Reli-

185 1875 285 1913 gionis
299 1870 471 1913 ingressum,
499 1869 555 1901 &a
571 1868 625 1901 Est
645 1869 787 1901 sandium
802 1879 838 1901 ac
852 1868 885 1900 in
902 1866 995 1899 sacris
1009 1866 1067 1899 Ca-

188 1919 336 1953 monibus
359 1920 528 1952 laudatum
541 1919 712 1952 confilium
728 1943 735 1950 .
763 1917 887 1950 Verum
911 1927 1067 1960 repugnat

187 1967 327 2012 Regulae
347 1969 444 2002 sancii
467 1969 634 2002 Benediffi
648 1993 658 2007 ,
686 1967 825 2010 ideoque
853 1977 921 2000 non
948 1967 993 1999 est
1016 1978 1067 1999 au-

185 2016 374 2051 thenticum
386 2042 393 2048 .
423 2018 556 2050 Etenim
593 2018 633 2049 de
658 2017 772 2050 adulto
798 2015 941 2048 Novitio
965 2015 1068 2048 sanxit

155 2076 163 2083 ·
184 2067 319 2111 Regula
337 2080 344 2099 z
371 2070 431 2099 Res
437 2065 466 2107 fi
473 2078 549 2108 quas
561 2065 651 2098 habet
662 2089 674 2106 ‚
703 2074 756 2097 aut
768 2074 868 2108 eroget
876 2065 964 2106 prius
979 2088 989 2103 ‚
1015 2074 1069 2097 aut

183 2115 319 2158 conferat
343 2115 515 2155 Monasterio
526 2139 534 2147 .
563 2116 653 2148 Ante
679 2114 905 2157 proseffionem
930 2138 938 2146 .
966 2113 1010 2146 Et
1028 2114 1069 2147 de

184 2166 382 2201 Parentibus
404 2165 573 2208 parvulum
588 2164 694 2196 filium
708 2164 747 2196 ad
770 2164 997 2206 profeffionem
1019 2165 1071 2196 of·

182 2214 364 2253 ferentibus
375 2213 486 2248 scribit
501 2226 507 2245 :
534 2217 610 2246 Cum
623 2214 766 2246 oblatione
787 2218 963 2255 petitionem
990 2213 1067 2247 faci-

183 2275 243 2300 ant
252 2276 397 2308 parentes
408 2290 418 2305 ‚
428 2266 462 2298 <at
473 2275 594 2296 manum
602 2270 690 2305 pueri
702 2267 864 2296 involvant
878 2270 909 2295 in
917 2263 1003 2305 palla
1020 2263 1066 2296 Al-

182 2321 275 2356 uus,
288 2317 320 2349 (σ
328 2314 368 2357 fic
377 2326 442 2348 eum
452 2313 576 2354 offerant
589 2338 597 2344 .
611 2315 651 2347 Et
664 2313 722 2356 hec
734 2315 851 2358 agendi
865 2315 968 2347 forma
982 2312 1065 2356 apud

180 2376 300 2400 ornnes
312 2366 465 2408 antiquos
490 2361 677 2397 Monachos
689 2364 750 2397 fuit
767 2364 995 2397 solemnissima
1009 2387 1015 2394 .

237 2412 384 2448 Laudata
399 2414 587 2447 lnnocentii
600 2413 656 2446 111.
671 2415 709 2446 ad
733 2413 976 2456 Hierosolymae
997 2412 1062 2454 Pa-

181 2464 356 2499 triarcham
379 2464 535 2507 epistola,
561 2474 629 2507 quae
650 2464 785 2506 Templi
811 2464 934 2497 milites
957 2463 998 2496 de
1018 2463 1064 2497 Si-

182 2515 298 2548 monia
314 2516 441 2548 notavit
453 2536 463 2551 ,
490 2513 571 2547 reste
584 2513 711 2547 addidit
723 2515 819 2547 etiam
828 2512 884 2556 sub
893 2512 1061 2556 subventio-

183 2570 232 2596 nis
241 2572 393 2606 praetextu
411 2562 494 2595 nihil
515 2563 601 2605 polle
612 2564 700 2607 exigi
714 2587 723 2595 .
754 2563 863 2597 Etiam
886 2562 969 2596 hanc
989 2574 1060 2597 exa·

183 2615 328 2648 &ionem
341 2614 402 2646 esse
416 2613 628 2645 simoniacam
643 2638 650 2645 .
679 2614 739 2646 Per
750 2614 999 2648 subventionem
1014 2616 1057 2648 in.

182 2663 302 2707 telligit
315 2674 404 2696 terrae
414 2662 536 2695 Sandiae
547 2685 556 2700 ,
579 2673 617 2695 ac
632 2664 797 2705 praesertim
811 2665 912 2697 Sacrae
922 2664 1058 2707 Templi

181 2713 317 2747 Militiae
329 2712 501 2755 praestanda
515 2714 694 2746 nummaria
720 2712 852 2746 subsidia
869 2739 875 2745 .
905 2714 947 2747 Et
972 2714 1058 2747 certe

180 2762 349 2796 videbatur
360 2762 546 2804 justiffimus
557 2763 690 2796 titulus.
717 2763 849 2796 Interim
862 2762 1057 2798 doetiffimus

178 2813 238 2847 ille
248 2812 403 2846 Pontifex
415 2812 552 2845 affirmat
569 2812 630 2845 effe
644 2811 822 2846 inhabilem
837 2825 1023 2856 praetextum
1048 2839 1055 2846 .

180 2862 334 2897 Etreeie.
364 2862 495 2895 Etenim
511 2862 599 2905 quod
613 2873 717 2906 neque
742 2862 780 2895 ad
803 2864 961 2897 dotandas
983 2864 1055 2906 Epi-

178 2913 323 2956 scopales
335 2911 514 2945 Cathedras
524 2937 534 2952 ,
550 2923 654 2955 neque
666 2911 704 2945 ad
719 2912 884 2947 fundanda
898 2915 1052 2948 Xenodo—

179 2961 254 2996 ebia
267 2987 277 3001 ,
305 2973 410 3006 neque
421 2962 459 2995 ad
469 2961 631 2995 faciendas
641 2963 863 3005 eleemosynas
877 2963 1054 3007 quidquam

179 3012 272 3057 poffit
283 3013 300 3046 ὲ
314 3011 537 3046 consecrandis
550 3012 686 3045 Clericis
697 3013 809 3056 exigi,
836 3014 867 3047 &
881 3014 970 3057 quod
983 3025 1053 3047 om-

179 3061 421 3102 nisjstiusmodi
436 3063 563 3095 exauio
579 3074 631 3105 per
643 3063 722 3095 tales
736 3063 861 3105 pietatis
873 3065 964 3097 fucos
984 3075 1052 3097 non

179 3109 327 3145 abluatur
339 3112 356 3145 a
370 3113 454 3156 lepra
472 3136 482 3152 ,
509 3112 636 3146 abunde
648 3111 772 3146 ostendi
787 3114 818 3145 in
834 3114 956 3156 praeviis
981 3114 1049 3147 Dis-

178 3159 406 3195 sertationibus
417 3162 457 3196 ad
474 3161 555 3194 Acta
567 3162 598 3195 S.
626 3162 747 3196 Leonis
763 3163 818 3194 lX.
845 3164 979 3197 Adduxi
1001 3174 1051 3198 au·

177 3208 324 3242 theutica
335 3212 517 3244 testimonia
533 3226 543 3245 .·
573 3212 739 3254 praesertim
764 3214 877 3257 magni
902 3214 1011 3247 Basilii
1039 3239 1049 3254 ,

175 3269 215 3292 ac
227 3260 339 3302 magni
352 3259 442 3302 Papae
452 3262 626 3305 Gregorii.
658 3263 852 3305 Repetamus
872 3264 997 3306 aliquid
1009 3275 1048 3297 ex

7 3302 78 3337 Lib·
100 3315 130 3350 7·
176 3307 271 3351 hujus
285 3309 400 3342 litteris
411 3309 449 3342 ad
462 3313 637 3356 Syagrium
653 3312 982 3356 Augustodunensem
997 3338 1007 3353 ,
1018 3316 1049 3348 &

6 3351 119 3387 Indici,
176 3359 334 3402 quosdam
347 3358 428 3391 alios
441 3359 555 3394 Gall-iz
580 3362 758 3405 Episcopos
774 3377 784 3396 :
811 3365 925 3396 suadet
940 3362 1049 3406 forsan

6 3411 36 3438 2-
50 3403 149 3446 Epist·
176 3408 312 3441 diabolus
325 3408 429 3441 debere
443 3408 482 3440 ab
494 3408 669 3444 habentibus
678 3418 790 3454 accipi,
816 3422 846 3446 ut
857 3412 892 3454 fit
903 3415 980 3456 quod
984 3413 1048 3457 pos-

10 3462 85 3491 111.
171 3456 210 3498 fit
223 3469 278 3490 non
293 3457 472 3491 habentibus
483 3460 615 3501 erogari,
641 3463 797 3495 dummodo
823 3466 876 3496 vel
880 3464 920 3504 fic
934 3464 1066 3497 venena*

154 3507 308 3549 mortlfna
323 3507 502 3550 eleemosyna:
517 3510 612 3540 celata
637 3510 856 3548 obumbratione
876 3513 1037 3555 transfun-

268 3556 373 3598 chrisi.
386 3561 465 3602 Lupi
477 3562 575 3602 Opera
587 3561 664 3592 Tom.
670 3562 722 3594 XL

1097 3276 1198 3319 ‘gnus

1098 3325 1221 3370 §tamen
1235 3315 1398 3349 extinxit:
1424 3315 1475 3348 sed
1496 3315 1608 3358 ipsein
1623 3316 1801 3358 Baptizaris
1828 3315 1989 3348 exhibuit.

1913 150 1979 193 49

1140 218 1200 250 dat
1211 241 1218 250 .
1245 221 1332 251 Nam
1342 229 1394 250 nec
1406 217 1661 260 venator-feram,
1687 227 1738 252 nec
1747 228 1835 251 avem
1842 227 1944 260 auceps
1962 221 2010 251 de-

1139 274 1247 310 ciperet
1259 291 1269 307 ,
1291 269 1345 301 vel
1359 266 1469 309 piscem
1488 269 1618 311 piscator
1638 278 1770 310 caperet,
1794 267 1822 308 fi
1839 278 1891 300 aut
1904 269 1946 299 illi·
1967 269 2009 300 la-

1140 330 1247 360 queum
1262 324 1293 350 in
1307 320 1410 359 aperto
1418 326 1610 359 proponerent
1623 346 1632 360 ‚
1659 330 1717 352 autr
1733 319 1782 351 ille
1802 317 1923 350 hamum
1946 316 2010 360 esca

1140 367 1344 411 absconditum
1356 378 1412 401 non
1424 367 1555 400 haberet.
1567 391 1575 399 .
1586 392 1592 399 .
1602 393 1610 400 ,
1625 371 1707 401 Unde
1716 374 1806 402 etiam
1818 368 1893 401 illud
1902 376 2011 400 certum

1142 418 1204 458 est-,-
1232 424 1302 460 quia
1323 417 1375 460 etfi
1390 416 1565 456 Monasteria
1588 420 1639 450 vel
1655 417 1841 463 Xenodocbia
1863 428 1914 450 aut
1936 417 2013 459 quid

1144 468 1230 501 aliud
1240 470 1275 500 de
1280 474 1410 509 pecunia
1421 490 1431 506 ‚
1458 479 1523 509 quae
1532 476 1587 508 pro
1601 466 1697 510 sacris
1712 469 1873 501 Ordinibus
1885 469 1976 500 datur
2001 492 2012 507 ,

1142 517 1350 557 constituantur
1364 542 1373 557 ,
1400 520 1523 551 mercedi
1533 529 1591 553 non
1599 519 1713 559 proffiit
1725 543 1733 551 .
1765 519 1885 552 Eadem
1899 517 2011 551 omnia

1140 567 1282 603 militant
1296 568 1329 600 in
1351 567 1535 600 Monastica
1550 569 1765 609 professione.
1796 570 1906 613 Qiare
1928 566 2013 601 nihil

1139 618 1227 661 exigi
1243 618 1336 660 possit
1349 618 1446 651 etiarn
1461 628 1517 660 pro
1529 618 1731 663 ornamentis
1755 617 1903 650 Ecclefiae
1922 642 1930 650 .
1959 617 2012 650 Ex

1141 667 1230 706 nulla
1253 669 1381 711 penitus
1394 670 1502 701 causa.

1190 719 1243 751 De
1266 717 1409 761 antiquis
1427 717 1582 760 Baptismi
1609 716 1722 750 ritibus
1744 717 1900 750 scribitin
1926 716 2012 750 illius

1138 768 1292 801 encomio
1304 768 1331 801 S.
1348 768 1527 812 Gregorius
1540 769 1786 801 Nazianzenus:
1810 771 1908 809 Turpe
1919 767 1956 806 est
1970 769 2013 800 dt·—
2025 754 2179 798 Orat-40.

1137 829 1199 854 cere
1211 842 1221 857 ‚
1233 817 1282 850 ubi
1292 818 1330 858 est
1342 829 1448 850 munus
1459 843 1470 859 ,
1481 820 1561 860 quod
1567 815 1858 859 propterBaptisma
1871 817 2010 857 offiram?

1122 869 1126 933 ι’
1140 867 1196 900 Ubi
1201 865 1365 909 splendida
1379 868 1467 907 vestis
1483 892 1493 907 ,
1503 875 1535 899 in
1553 880 1612 910 qua
1623 865 1883 909 exsplendescam?
1910 867 1966 898 Ubi
1976 879 2011 899 ea

1122 937 1125 945 a
1137 929 1203 959 quae
1215 919 1258 949 ad
1267 923 1435 951 initiatores
1449 930 1525 950 meos
1538 920 1724 959 excipiendos
1735 923 1924 959 requiruntur
1937 918 1952 948 ἓ
1973 921 2012 950 Ut

1128 973 1169 1006 ¹in
1180 966 1227 1000 bis
1241 978 1350 1010 quoque
1362 968 1448 1001 rebus
1463 974 1588 1000 nominis
1602 968 1800 1001 celebritatem
1820 967 1977 1010 consequar·
2004 992 2011 998 .

1136 1018 1231 1051 Valde
1241 1024 1320 1052 enim
1333 1042 1344 1057 ,
1368 1023 1414 1051 uti
1438 1020 1547 1057 vides,
1574 1017 1636 1051 baec
1660 1018 1814 1060 neceffaria
1832 1016 1925 1060 sunt.
1956 1016 2013 1050 Est

1137 1068 1292 1102 invectiva
1308 1068 1340 1100 in
1354 1070 1512 1111 eos,1qui
1527 1080 1566 1102 ex
1581 1067 1761 1105 istiusmodi
1776 1070 1875 1102 causis
1892 1067 2015 1110 Baptis-

1136 1128 1188 1151 rna
1200 1118 1410 1152 differebant.
1440 1119 1489 1152 Ex
1502 1118 1567 1161 ipsa
1581 1118 1852 1160 discimusplura.
1880 1115 2013 1157 Primo,

1137 1168 1225 1209 quod
1249 1168 1385 1211 quisque
1397 1169 1479 1202 olim
1494 1168 1673 1211 baptizatus
1685 1167 1859 1211 baptizanti
1881 1179 1934 1201 aut
1946 1167 2013 1210 ejus

1138 1218 1283 1251 Ecclesiae
1294 1218 1420 1251 offerret
1434 1218 1581 1261 amplum
1594 1229 1712 1251 munus
1724 1241 1731 1247 .
1759 1218 1906 1265 Qisque
1919 1218 2012 1260 juxta

1135 1269 1216 1299 vires
1230 1268 1355 1299 suarum
1370 1268 1560 1301 facultatum
1577 1292 1583 1300 .
1612 1268 1765 1301 secundo
1779 1291 1789 1306 ‚
1814 1268 1904 1310 quod
1929 1267 2014 1310 quis-

1134 1328 1197 1360 que
1211 1317 1272 1348 suis
1295 1316 1516 1349 initiator'ibus
1531 1341 1542 1356 ‚
1571 1328 1686 1359 nempe
1709 1316 1908 1358 baptizanti,
1946 1316 2014 1357 ejus

1135 1366 1291 1399 ministris
1305 1391 1314 1406 ,
1325 1367 1385 1398 suis
1397 1365 1634 1409 susceptoribus
1649 1390 1659 1406 ,
1670 1377 1707 1398 ac
1718 1366 1788 1398 aliis
1800 1366 1914 1406 amicis
1927 1365 2015 1398 exhin

1134 1416 1221 1449 beret
1248 1415 1394 1449 solemne
1414 1416 1625 1450 convivium.
1653 1416 1774 1452 Tertio
1798 1440 1808 1455 ‚
1835 1414 1924 1459 quod
1948 1414 2014 1448 haec

1133 1465 1246 1499 omnia
1258 1465 1365 1508 paffim
1380 1467 1585 1501 censerentur
1611 1467 1802 1500 necessaria:
1832 1467 1947 1508 utique
1966 1465 2008 1499 ad

1134 1515 1322 1559 popularem
1335 1514 1537 1550 honestatem
1551 1541 1558 1547 .
1586 1517 1678 1563 Qin
1693 1517 1792 1549 etiam
1806 1527 1844 1548 ex
1861 1516 1909 1548 liis
1921 1515 2015 1549 rebus

1134 1566 1270 1610 quisque
1297 1564 1475 1599 venabatur
1501 1566 1721 1599 celebritatem
1757 1568 1802 1599 sui
1833 1566 1979 1599 nomivis
2006 1589 2015 1598 .

1135 1615 1228 1649 Hinc
1240 1616 1296 1659 qui
1310 1615 1366 1649 ista
1380 1627 1449 1650 non
1466 1616 1505 1650 ha
1517 1617 1635 1650 bebant
1648 1616 1687 1649 ad
1702 1627 1834 1649 manum
1848 1641 1858 1655 ,
1885 1617 2016 1649 differe-

1136 1665 1213 1700 bant
1228 1666 1427 1708 Baptismus-n
1443 1691 1450 1699 .
1476 1667 1655 1710 Gregorius
1669 1667 1819 1710 adjungit
1832 1667 1863 1700 :St
1874 1668 2016 1706 consue-

1117 1716 1259 1759 ,tudinis
1270 1716 1431 1761 originem
1445 1730 1455 1750 :
1483 1719 1613 1749 salutem
1627 1715 1750 1755 nostram
1781 1717 1891 1750 laetitia
1915 1712 2015 1760 prose-

1117 1765 1120 1793 !
1134 1772 1183 1807 qui
1193 1773 1330 1800 convenit
1341 1791 1348 1798 .
1378 1772 1416 1799 Ac
1427 1767 1516 1800 multb
1529 1769 1647 1809 quidem
1658 1773 1756 1811 magis
1772 1791 1781 1804 ,
1808 1768 1900 1808 quoim
1913 1772 2014 1799 carm's

1117 1847 1119 1852 ,
1134 1823 1222 1850 amici
1234 1819 1296 1849 dies
1312 1818 1374 1849 illos
1386 1823 1546 1859 quotannis
1571 1817 1719 1850 celebrant
1730 1842 1740 1856 ‚
1767 1819 1874 1858 quibus
1899 1818 1949 1849 vel
1959 1828 2014 1849 na-

1117 1859 1181 1908 Ξῑὶ,
1207 1869 1258 1900 vel
1268 1873 1454 1899 matrimonio
1470 1866 1645 1909 junc‘lisunt
1659 1891 1669 1907 ,
1697 1868 1749 1901 vel
1769 1879 1873 1899 nomen
1897 1876 2012 1908 accepe-

1117 1911 1226 1957 hunt,
1251 1917 1304 1950 vel
1313 1919 1479 1950 certeinter
1487 1919 1615 1959 juvenes
1628 1915 1735 1959 censeri
1762 1925 1928 1959 creperum,
1959 1919 2014 1950 vel

1117 1963 1226 2000 klocum
1248 1969 1374 2009 aliquem
1398 1970 1497 2008 primb
1520 1968 1702 2000 incoluerunt
1717 1992 1726 2007 ‚
1752 1969 1803 2001 vel
1830 1978 2009 2009 quacumque

1118 2022 1119 2025 ’
1135 2018 1257 2049 tandem
1268 2020 1330 2050 alia
1342 2019 1379 2050 de
1389 2015 1476 2059 causa
1494 2019 1631 2050 mortales
1658 2019 1739 2049 diem
1745 2017 1855 2058 festum
1865 2052 1867 2055 ¹
1877 2027 1970 2060 agunt
2002 2042 2009 2049 .

1117 2067 1267 2105 {Hisunt
1281 2068 1405 2109 antiqui
1425 2077 1530 2100 mores
1555 2068 1655 2100 totius
1676 2067 1819 2100 Romani
1841 2068 1971 2110 Imperii
2000 2092 2007 2100 .

1115 2107 1296 2175 {primitivi
1311 2116 1486 2150 Christiani
1504 2117 1644 2158 primum
1659 2117 1714 2149 suae
1728 2118 1858 2156 salutis,
1885 2117 1936 2149 seu
1962 2116 2010 2149 di-

1115 2177 1119 2236 Ι
1134 2166 1214 2199 vinae
1226 2166 1284 2198 suae
1296 2166 1567 2210 Regenerationis
1578 2166 1665 2199 diem
1688 2168 1882 2199 censuerunt
1907 2164 2009 2210 longe

1131 2215 1316 2259 digniorem
1326 2240 1333 2247 .
1362 2216 1455 2249 Hinc
1468 2214 1671 2249 honorarunt
1683 2216 1819 2249 solemni
1834 2215 2006 2261 convivio.

1134 2265 1202 2311 Qi
1217 2277 1287 2299 mos
1302 2267 1405 2310 viguit
1417 2266 1514 2299 etiam
1539 2266 1624 2308 apud
1649 2266 1785 2299 Latinas
1817 2266 1972 2299 Ec-cleiias
1999 2291 2008 2299 .

1133 2316 1231 2348 Extat
1240 2316 1327 2349 enim
1342 2316 1532 2350 Gallicanus
1551 2317 1668 2350 Canon
1684 2329 1691 2348 z
1718 2320 1757 2349 Ut
1773 2326 1856 2349 tanto
1878 2315 2004 2355 mysterio

1128 2365 1231 2397 debita
1252 2369 1370 2398 omninb
1393 2372 1559 2399 reverentia
1581 2365 1772 2406 exhibeatur,
1803 2365 1948 2399 parochos
1972 2369 2006 2400 (5

1128 2415 1321 2456 Eccleffieruin
1333 2416 1480 2453 Ministros
1488 2415 1591 2458 sedulo
1614 2428 1761 2449 monemus
1777 2441 1786 2456 ,
1813 2426 1846 2448 ut
1859 2418 1946 2449 mam?
1958 2421 2004 2447 in-

1128 2474 1177 2497 tra
1199 2467 1298 2508 Officia
1319 2468 1450 2505 divina,
1475 2476 1528 2498 aut
1548 2478 1615 2498 mox
1638 2465 1699 2507 post
1710 2478 1744 2498 ca
1766 2466 1913 2507 peralta,
1939 2477 2005 2498 cum

1126 2517 1220 2548 multa
1232 2514 1392 2557 fiibrietate
1412 2518 1446 2549 (5
1473 2526 1612 2548 accurata
1634 2517 1791 2551 devotione
1815 2514 2003 2557 Baptismum

1125 2565 1354 2607 administrent3
1383 2567 1590 2608 comessationes
1627 2568 1698 2599 verb
1721 2567 1754 2599 <y
1772 2566 1883 2608 parum
1898 2565 2000 2608 sbbria

1123 2611 1266 2649 convivia
1282 2640 1291 2654 ,
1319 2628 1385 2657 quae
1400 2614 1574 2658 quibusdam
1584 2621 1616 2648 in
1625 2616 1693 2648 locis
1719 2615 1779 2657 post
1805 2614 1997 2658 Baptismum

1105 2664 1109 2723 ”
1119 2664 1198 2706 fiunt
1209 2690 1220 2705 ,
1229 2674 1282 2707 per
1289 2665 1402 2698 cunetas
1415 2665 1607 2709 Magistratus
1621 2666 1748 2699 inhiberi
1762 2690 1772 2706 ,
1780 2674 1830 2698 aut
1837 2664 1946 2708 saltem
1957 2667 2002 2699 ad

1122 2717 1351 2748 moderationem
1365 2714 1543 2754 Christianis
1558 2717 1680 2759 dignam
1693 2719 1791 2749 reduci
1805 2718 1947 2749 volumus.

1167 2766 1314 2812 Qidam
1328 2765 1480 2808 Episcopi
1496 2777 1532 2798 ac
1545 2766 1729 2809 Presbyteri
1743 2767 1893 2800 videntur
1904 2766 1997 2800 issam

1120 2815 1347 2855 conviviorum
1361 2816 1633 2849 consuetudinem
1650 2817 1773 2849 vertiffe
1786 2816 1819 2849 in
1832 2816 1879 2858 jus
1892 2827 1930 2862 ac
1944 2816 1996 2849 de·

1120 2865 1223 2899 bitum
1237 2889 1247 2905 ‚
1272 2876 1370 2908 atque
1391 2865 1560 2909 apopulis
1579 2867 1739 2909 exegisse.
1768 2865 1871 2911 Quod
1904 2867 1995 2900 enirn

1118 2916 1252 2958 quidam
1264 2916 1327 2959 ipsa
1338 2915 1436 2948 etiam
1448 2916 1465 2948 a
1488 2917 1682 2950 consecratis
1707 2916 1876 2958 Episcopis
1890 2940 1899 2955 ,
1927 2916 1994 2950 Ab·

1120 2964 1268 3005 batibus,
1296 2965 1499 3004 &Clericis‚
1528 2966 1632 2999 item&
1655 2966 1753 2999 missis
1770 2966 1803 2998 in
1827 2966 1994 3008 possessio-⁴

1120 3026 1192 3048 nem
1205 3015 1414 3049 Beneficiatis
1424 3015 1589 3059 exegerint
1605 3040 1614 3054 ‚
1640 3016 1684 3049 est
1706 3015 1863 3050 omnibus
1884 3018 1994 3051 Cano-

1119 3076 1196 3099 num
1210 3066 1318 3108 peritis
1329 3067 1534 3108 exploratum
1550 3090 1557 3097 .
1588 3066 1628 3099 Et
1643 3066 1716 3099 istas
1727 3066 1912 3100 exactiones
1926 3065 1993 3100 Ro-

1117 3127 1211 3150 mana
1236 3115 1354 3160 Magni
1377 3115 1554 3159 Gregorii,
1581 3127 1618 3149 ac
1642 3116 1711 3149 aliae
1735 3118 1840 3158 plures
1863 3116 1992 3160 Synodi

1116 3165 1311 3199 damnarunt
1321 3165 1361 3198 de
1374 3164 1519 3199 Simouia
1533 3189 1543 3204 ,
1570 3177 1607 3198 ac
1620 3166 1886 3209 proscripserunt.
1914 3167 1991 3200 Cer-

1115 3214 1146 3248 te
1160 3216 1214 3249 issa
1229 3215 1436 3258 Baptismalia
1448 3216 1602 3249 convivia
1616 3216 1785 3251 admittere
1795 3217 1903 3250 noluit
1927 3227 1992 3249 ma-

1220 3266 1372 3299 Basilius.
1400 3264 1471 3298 Nec
1496 3264 1619 3298 admisit
1642 3266 1660 3298 a
1692 3265 1903 3308 Neophytis‚
1931 3277 1990 3299 nec

1115 3365 1247 3403 Etenim
1263 3367 1303 3399 de
1315 3363 1454 3407 Josepho
1479 3365 1611 3407 Judaeo,
1639 3376 1704 3399 arte
1728 3364 1879 3403 medico,
1906 3364 1992 3398 ideo-

1114 3416 1420 3459 que&opulento,
1449 3427 1508 3449 nec
1533 3428 1601 3450 non
1630 3416 1670 3449 de
1690 3415 1908 3458 ejusfamilia,
1936 3425 1992 3457 per

1114 3476 1269 3510 magnum
1283 3465 1370 3499 hunc
1385 3465 1575 3499 Antistitem
1602 3465 1792 3508 baptizatis,
1823 3463 1930 3497 scribit
1955 3464 1992 3498 in

1119 3515 1187 3559 ejus
1212 3517 1278 3550 vita
1301 3516 1423 3550 sanctus
1442 3514 1717 3559 Amphilochius,
1744 3513 1794 3548 vel
1818 3512 1889 3558 quis
1916 3514 1994 3548 alter

1661 3564 1689 3596 E
1889 3563 1969 3597 anti-
