2366 3736
49 1761 127 1799 Lib.
148 1774 180 1811 3.

52 1825 121 1857 cap.
147 1823 179 1859 5.

31 3267 131 3311 Epist.

33 3326 110 3364 1¹9
134 3329 161 3352 c.

648 58 729 103 De
768 58 976 104 SACRlS
1014 53 1545 108 Paoeetsiout-Bus.

225 139 432 174 Sacramento
457 137 695 175 processionem
709 165 719 180 ‚
740 140 774 174 &
794 140 833 173 ad
859 140 958 182 ipsam
980 151 1097 175 conve-

226 193 298 224 nire
317 200 429 224 ornnes
441 189 635 230 parochias,
657 190 769 224 omnia
792 189 993 223 Monasteria
1006 214 1016 230 ,
1029 201 1097 223 om-

226 241 346 282 nesque
370 238 562 273 Sodalitates
589 251 663 273 cum
678 239 858 284 insignibus
879 239 1010 273 suorum
1022 241 1099 274 San·

226 290 351 322 &orum
375 289 610 323 patronorum.

276 337 377 386 Qod
398 339 428 371 S.
451 338 590 372 Carolus
612 340 714 372 sacras
739 339 837 372 etiam
857 338 1023 381 Reliquias
1047 351 1096 373 ne.

227 397 391 430 quaquam
421 388 580 422 censuerit
612 387 630 421 a
654 389 859 423 sacrosancta
895 387 1098 422 Eucharistia

225 437 462 477 dimovendas,
483 437 675 472 lucidissime
699 447 785 482 patet
807 450 848 472 ex
867 437 980 471 eadem
1004 439 1099 481 ipsius

226 487 366 529 Synodo
388 487 429 521 ad
454 486 588 520 titulum
609 487 650 521 de
671 489 762 522 cultu
773 488 963 521 Sanctorum
978 499 985 518 :
1003 487 1098 531 sacris

227 538 374 579 Reliquus
400 560 410 576 ‚
419 534 451 576 fi
472 536 662 580 sanctissimo
684 537 879 575 Eucharistiae
913 540 1101 571 sacramento

227 598 287 619 non
310 592 355 618 ita
369 587 463 627 prope
485 589 602 628 quidem
625 599 667 621 eae
689 589 835 621 collocata
850 584 909 627 fint
927 612 937 628 ,
971 594 1003 620 ut
1021 589 1100 621 illius

225 636 367 676 lampade
387 635 493 668 harum
514 639 606 670 cultui
624 636 759 680 satisfiat
781 661 793 673 ,
828 638 944 678 lampas
975 644 1101 680 propria

226 683 345 728 assidue*
364 687 526 727 praeluceat
549 712 559 726 ‚
593 686 649 727 nili
665 687 742 720 banc
765 686 927 729 impensam
951 693 1045 720 nimia
1067 690 1101 721 (τ

225 734 359 775 Ecclefiae
390 737 423 768 (9·
452 738 555 777 Populi
580 736 688 780 egestas
722 734 860 779 Episcopi
883 737 1009 778 JudicIo
1044 748 1101 770 non

221 791 362 826 patitur.

279 834 445 868 Permittit
467 834 635 879 Reliquias
662 836 870 871 Sacrosaneto
892 835 1100 870 sacramento

227 885 290 918 elie
308 884 391 917 adeo
419 884 542 918 vicinas
556 911 567 926 ,
587 897 622 919 ut
634 887 748 920 eadem
769 884 918 928 lampade
940 883 1102 919 honoren-

227 943 302 967 tur.
329 932 432 967 Porro*
453 935 494 968 de
507 935 643 969 solemni
657 958 668 974 ‚
691 946 761 977 quae
780 935 813 968 in
826 934 997 968 Dominici
1022 936 1101 969 Cor-

226 984 316 1027 poris
335 983 508 1017 festivitate
526 984 564 1017 fit
581 1009 593 1024 ,
616 984 821 1018 Proceffione
852 982 941 1018 aliud
980 986 1103 1020 censuit

226 1032 274 1066 ob
294 1033 374 1066 duas
395 1035 536 1066 rationes
565 1059 573 1065 .
611 1033 725 1067 Primo
749 1034 794 1068 ob
815 1044 954 1067 veterem
978 1046 1102 1069 morem

227 1082 483 1116 Mediolanenses
498 1082 661 1116 Ecclesi'ae.
683 1084 814 1118 Deinde
834 1084 879 1118 ob
889 1084 1023 1119 similem
1038 1096 1102 1119 mo

224 1142 291 1164 rem
317 1132 466 1165 Ecclefiae
486 1131 662 1167 Romanae.
690 1135 838 1181 Qidam
866 1135 950 1178 apud
975 1135 1104 1169 Medio-

224 1180 337 1214 lanum
361 1192 526 1224 coeperant
549 1183 641 1217 istam
663 1183 906 1218 Proceffionem
943 1184 1103 1219 honorare

224 1231 318 1264 sacris
344 1230 523 1274 Reliquiis.
551 1232 598 1265 At
618 1234 742 1267 sandius
767 1234 1106 1273 Carolusintercefiit‚

224 1281 259 1313 ὅ(
280 1280 483 1315 retinendam
495 1282 601 1316 voluit
623 1284 791 1326 antiquam
806 1284 1101 1318 Consuetudinem.

223 1331 359 1364 Secutus
383 1331 428 1365 est
454 1331 625 1366 consilium
647 1335 677 1367 S.
691 1333 918 1376 Hieronymi,
941 1333 1103 1367 suadentis

223 1389 262 1413 ut
285 1381 404 1423 quaevis
428 1380 570 1415 Ecclesia
590 1383 738 1426 antiquas
759 1385 828 1417 suas
838 1383 1103 1418 consuetudines

223 1440 442 1464 venereturac
453 1440 605 1472 tueatur,
630 1442 785 1475 tanquam
807 1432 1000 1468 traditiones
1014 1434 1104 1476 Apo-

222 1477 354 1513 stolicas
378 1505 385 1512 .
427 1481 469 1515 Et
501 1482 531 1515 S.
555 1482 736 1517 Bernardus
767 1483 852 1516 inter
875 1482 1103 1528 Lugdunensis

222 1528 375 1563 Ecclesiae
398 1530 509 1564 laudes
526 1532 640 1573 ponit:
666 1532 867 1576 Lugdunenfis
895 1532 1024 1574 Ecclesia
1045 1543 1119 1570 nom

222 1580 360 1611 admittit
371 1585 544 1614 novitates.
573 1582 718 1616 Etistam
742 1583 775 1615 in
799 1582 936 1616 solemni
956 1583 1009 1617 illa
1024 1571 1119 1615 Pro·

222 1629 364 1663 cessione
377 1630 663 1665 Consuetudinem
685 1633 810 1665 servant
825 1631 930 1674 plures
943 1631 1101 1664 Ecclefiae.

222 1680 381 1712 Attamen
404 1679 562 1713 diversam
579 1681 705 1712 suarum
728 1681 874 1712 sororum
888 1680 1101 1713 Consuetudi-

221 1738 298 1760 nem
321 1739 389 1761 non
413 1728 572 1762 damnant
592 1738 647 1762 aut
663 1727 848 1770 improbant
861 1753 868 1760 .
890 1730 1023 1763 Etenim
1037 1740 1102 1762 me-

220 1777 286 1810 rito
308 1777 457 1810 audirent
485 1800 496 1814 ‚
519 1777 607 1817 quod
633 1776 718 1809 circa
739 1777 875 1809 similem
900 1779 979 1810 sacri
1002 1778 1101 1811 Ritus

221 1826 361 1868 speciem
381 1825 501 1868 scripsit
520 1825 553 1857 in
578 1823 668 1858 libris
690 1825 730 1858 de
749 1825 963 1859 sacramentis
973 1826 1005 1859 S.
1021 1827 1100 1860 Am-

220 1873 364 1907 brofiuS:
392 1877 437 1906 Et
454 1885 506 1906 nos
533 1873 664 1907 homines
682 1872 801 1917 fhnsum
826 1875 986 1908 babemus.
1012 1876 1098 1909 Om-

220 1925 271 1957 nis
297 1924 440 1958 Ecclesia
458 1923 592 1958 retineat
617 1926 707 1957 suum
719 1935 842 1959 morem
857 1950 864 1957 .
892 1925 1023 1959 Etenim
1037 1926 1099 1960 Ca-

221 1972 347 2008 tholica
370 1975 479 2007 Mater
503 1974 611 2008 nostra
634 1974 677 2007 est
703 1973 835 2018 Regina
855 1975 1096 2009 circumamicta

219 2023 446 2057 varietatibus.

269 2075 436 2121 Qintum
458 2083 687 2117 argumentum
707 2074 753 2107 est
773 2071 956 2109 authoritas
973 2074 1096 2109 Domi-

218 2124 252 2157 ni
274 2124 409 2157 Nicolai
433 2124 576 2163 Godau,
597 2123 783 2157 Vincienfis
810 2125 843 2157 in
868 2125 977 2159 Gallia
1005 2126 1095 2167 Epis-

217 2174 315 2216 copi,
337 2173 391 2216 qui
413 2174 447 2206 in
481 2173 545 2206 suis
569 2173 789 2215 Synodalibus
824 2173 1095 2210 Instrueiionibus

217 2225 374 2265 Reliquias
399 2233 464 2255 cum
501 2223 671 2256 Venerabili
703 2223 817 2264 deferri
849 2221 909 2257 non
932 2226 1092 2258 admittit.

217 2274 357 2306 Accedit
388 2273 502 2306 nescio
535 2283 606 2315 quae
640 2271 809 2306 ordinatio
840 2273 990 2308 Ecclesiae
1011 2275 1094 2308 Nar·

216 2322 409 2356 murcensis:
438 2326 474 2353 In
501 2320 738 2365 Processionibus
764 2324 990 2357 Dedicationum
1010 2349 1020 2364 ,
1051 2325 1095 2356 ad

215 2383 293 2414 quas
324 2372 456 2413 Populus
481 2377 578 2414 magis
617 2377 742 2405 accurrit
773 2371 933 2414 speo‘landi
963 2374 1090 2418 gratia,

215 2433 303 2463 quam
325 2423 515 2460 devotionis,
541 2433 598 2453 non
624 2422 777 2463 deferatur
788 2423 963 2456 Venerabile
987 2421 1089 2455 Sat-‘ra-

214 2479 346 2503 mentum
363 2495 370 2502 .
410 2473 455 2502 Et
481 2472 597 2511 quando
632 2476 784 2514 contigerit
818 2471 963 2513 deferri,
999 2472 1089 2505 nullae

213 2522 285 2554 aliae
311 2521 455 2561 Reliquiae
481 2521 532 2552 vel
554 2523 705 2562 Imagines
714 2521 883 2552 sanatorum
903 2522 1087 2561 deferantur.

212 2571 329 2613 Aliqui
353 2569 549 2612 respondent
569 2570 687 2602 similia
712 2568 915 2612 quorundam
941 2570 1019 2603 hinc
1040 2571 1087 2603 in-

211 2620 253 2658 de
266 2619 499 2662 Episcoporum
514 2619 649 2652 Decreta
667 2619 728 2652 effe
744 2619 839 2652 devia
855 2644 865 2659 ‚
890 2630 955 2652 non
978 2620 1085 2653 minus

210 2663 308 2713 quam
333 2669 510 2702 Decretum
523 2668 555 2701 δε
577 2669 695 2702 fastum
711 2668 819 2702 Sereni
834 2669 987 2713 Episcopi
999 2669 1084 2703 Mas-

209 2719 357 2754 filienfis.
385 2718 607 2752 Adversantur
626 2719 715 2752 enim
738 2718 858 2752 Pietati
882 2730 919 2752 ac
940 2719 1084 2753 moribus

209 2770 360 2803 omninm
388 2768 446 2802 sub
465 2767 549 2801 coelo
562 2768 797 2802 Ecclesiarum.
824 2769 907 2802 Item
919 2769 1082 2803 adversan-

208 2829 262 2853 tur
285 2819 429 2852 Decreto
461 2818 579 2860 Iuliani
605 2816 788 2852 Cardinalis
825 2819 976 2852 Caesarini
1000 2842 1011 2858 ,
1048 2818 1081 2851 &

207 2868 451 2903 consuetudini
489 2867 637 2901 Ecclesiae
670 2867 914 2901 Urbi-Vetanae
931 2894 941 2909 ,
984 2868 1080 2902 isthic

205 2920 357 2962 plantatae
376 2929 431 2964 per
452 2916 626 2952 Urbanum
639 2916 699 2950 IV.
722 2918 917 2951 Pontificem
931 2943 939 2950 .
958 2917 1097 2951 Adver--

205 2969 290 3001 satur
309 2969 408 3002 etiam
421 2967 564 3001 moribus
585 2967 764 3001 Gallicanae
785 2968 930 3001 Ecclesiae
947 2992 956 3008 ‚
980 2968 1079 3001 mani-

205 3014 284 3050 feste
298 3017 524 3051 demonstratis
546 3018 578 3051 in
593 3016 831 3051 Solemniffima
863 3018 919 3050 illa
942 3018 1078 3051 Proces-

205 3067 293 3101 sione
305 3090 315 3105 ‚
338 3078 437 3109 quam
452 3067 626 3101 celebravit
639 3066 712 3100 Rex
729 3067 915 3101 Franciscus
927 3067 1057 3100 Primus
1071 3091 1078 3098 .

257 3116 349 3150 Absit
377 3127 484 3151 tamen
508 3141 519 3157 ,
553 3127 589 3151 ut
624 3127 689 3161 ego
711 3116 818 3151 taliter
853 3116 1078 3160 respondeam.

204 3165 341 3199 Etenim
366 3167 525 3200 versamur
552 3167 585 3200 in
614 3165 745 3200 materia
761 3191 773 3206 ‚
795 3167 836 3200 de
862 3177 925 3210 qua
948 3167 977 3200 S.
1004 3163 1076 3200 Ἀυ-

203 3215 353 3260 gustinus
372 3215 454 3249 reste
481 3216 596 3259 scripsit
618 3217 658 3250 ad
688 3217 895 3260 Ianuarium:
917 3218 1009 3249 eror
1028 3215 1076 3257 sa·

203 3267 257 3304 ne,
287 3266 360 3306 quid
384 3267 430 3297 itti
457 3266 581 3298 volueris
604 3291 614 3307 ,
641 3273 674 3299 ut
700 3268 737 3299 de
765 3266 812 3299 his
834 3278 901 3308 quae
922 3273 1008 3300 vario
1023 3275 1077 3307 per

201 3313 325 3357 diversa
350 3315 413 3347 loca
439 3313 632 3356 observantur
664 3339 674 3355 ,
708 3315 765 3348 tibi
794 3318 897 3358 aliqua
922 3315 1075 3358 conscribe-

202 3377 287 3406 rem,
313 3375 375 3396 cum
401 3366 435 3397 (5
459 3375 517 3396 non
538 3363 577 3404 sit
602 3366 788 3406 neceffarium
801 3390 813 3407 ,
837 3368 941 3401 &una
965 3372 999 3399 in
1026 3364 1074 3398 bis

302 3413 408 3454 christ,
422 3417 504 3457 Lupi
516 3418 614 3456 Opera
627 3417 707 3448 Tom.
719 3418 774 3448 Xl.

1909 80 1998 128 351

1154 140 1343 183 saluberrima
1382 147 1495 188 Regula
1532 145 1693 179 retinenda
1712 141 1741 187 s
1738 153 1750 179 t
1770 169 1780 186 ‚
1822 155 1856 182 ut
1888 161 1954 192 quae
1979 161 2036 185 non

1154 190 1225 233 sunt
1250 202 1350 226 contra
1371 195 1464 235 fidem
1487 219 1499 235 ‚
1534 207 1627 238 neque
1662 199 1763 229 contra
1804 196 1888 231 bonos
1915 212 2031 240 mores,

1157 240 1313 276 &habent
1338 244 1455 283 aliquid
1478 245 1523 276 ad
1540 245 1775 279 exhortationem
1803 251 1880 279 vitae
1893 250 2030 287 mellaris,

1158 290 1327 333 ubicumque
1352 292 1465 332 institui
1483 296 1619 328 videmus
1638 320 1648 336 ,
1687 297 1739 329 vel
1762 294 1901 336 instituta
1937 308 2031 339 cogno-

1154 338 1285 382 scimus,
1311 352 1368 373 non
1389 340 1481 384 solum
1507 355 1564 376 non
1589 345 1785 386 improbemus
1813 369 1824 385 ,
1862 344 1920 388 sed
1944 352 2031 378 etiam

1159 390 1309 423 laudando
1336 392 1370 423 (9¹
1394 394 1539 425 imitando
1560 392 1722 435 seHemur,
1742 393 1773 436 fi
1793 396 1962 436 aliquorum
1987 394 2034 427 ἰη-

1156 439 1285 481 firmitas
1302 451 1360 472 non
1380 442 1423 473 ita
1449 444 1575 483 impedit
1590 467 1600 482 ‚
1626 454 1660 477 ut
1673 446 1803 486 amplius
1817 446 2033 477 detrimentum

1153 488 1211 530 fit.
1238 490 1269 520 Si
1295 494 1373 522 enim
1398 502 1429 524 eo
1456 493 1537 524 modo
1562 495 1730 534 impediat,
1756 503 1789 527 ut
1809 495 1954 535 majorum
1976 491 2035 533 stu·

1159 539 1271 571 diorum
1298 539 1376 571 lucra
1399 538 1550 582 speranda
1569 541 1650 582 sint,
1677 554 1765 585 quam
1791 544 2035 576 calumniantium

1159 589 1342 622 detrimenta
1362 591 1544 630 metuenda,
1566 590 1626 630 sine
1653 592 1837 625 dubitatione
1858 592 2036 634 faciendum

1159 637 1217 679 est,
1235 640 1364 672 maxime
1386 640 1465 672 illud
1485 664 1495 679 ‚
1525 642 1605 681 quod
1622 647 1711 674 etiam
1736 643 1773 675 de
1805 640 1959 684 scripturis
1988 643 2036 675 de-

1153 688 1245 729 fendi
1263 688 1352 729 potest
1373 713 1380 720 .
1419 689 1462 722 Et
1489 689 1570 722 infra
1596 703 1606 723 ,·
1642 692 1734 733 ,Quod
1750 700 1851 724 autem
1872 691 2038 731 instituitur

1157 746 1270 779 praeter
1294 737 1538 780 Consuetudinem
1557 764 1568 779 ,
1592 748 1627 772 ut
1647 739 1730 781 quafi
1747 738 1909 782 observatio
1936 742 2039 774 sacra-

1162 793 1252 819 menti
1270 786 1329 828 fit,
1354 789 1514 830 approbare
1535 801 1592 821 non
1611 788 1723 831 possum
1748 814 1759 830 ‚
1795 789 1926 831 Etiamsi*
1941 791 2035 823 multa

1163 835 1330 879 hujusmodl
1349 846 1470 879 propter
1493 840 1702 872 nonnullarum
1732 863 1743 878 ‚
1765 840 1817 872 vel
1843 839 2038 879 bullarum,

1163 887 1213 918 vel
1231 887 1466 920 turbulentarum
1478 887 1673 931 personarum
1701 886 1846 931 scandala
1868 889 2040 922 devitanda

1163 936 1282 969 liberius
1308 937 1475 978 improbare
1497 949 1554 970 non
1576 939 1683 971 audeo.
1706 939 1764 971 Sed
1774 938 1824 970 hoc
1846 943 1936 970 nimis
1952 938 2040 978 doleo,

1165 991 1235 1028 quia
1258 987 1353 1018 multa
1375 1010 1386 1026 ,
1415 999 1482 1029 quae
1503 994 1535 1019 in
1566 992 1694 1021 Divinis
1728 987 1812 1021 libris
1843 987 2040 1030 saluberrime³

1159 1043 1311 1077 praecepta
1332 1034 1425 1078 sunt,
1452 1037 1549 1069 minus
1575 1045 1715 1070 curantur
1733 1062 1743 1077 ,
1789 1038 1823 1071 ό·
1848 1046 1912 1070 tam
1938 1038 2041 1069 multis

1145 1083 1441 1127 ·praesumpt1'onibus
1461 1085 1500 1127 fic
1522 1086 1615 1127 plena
1635 1085 1706 1130 sunt
1731 1092 1852 1126 omnia,
1881 1094 1913 1119 ut
1934 1091 2043 1130 gravi·

1162 1146 1197 1167 us
1224 1140 1399 1176 corripiatur
1412 1160 1423 1175 ‚
1449 1141 1500 1179 qui
1523 1144 1578 1178 per
1601 1137 1733 1171 Ot‘Iavas
1754 1135 1830 1179 suas
1857 1146 1966 1170 terram
1995 1147 2046 1168 nu·

1163 1186 1199 1217 do
1222 1185 1299 1225 pede
1324 1189 1451 1227 tetigerit
1472 1209 1484 1225 ,
1518 1189 1609 1228 quam
1636 1192 1685 1228 qui
1710 1196 1838 1220 mentem
1875 1186 2042 1219 vinolentia

1159 1232 1312 1275 sepelierit
1333 1258 1341 1266 .
1368 1239 1476 1267 Omnia
1501 1240 1601 1278 itaque
1628 1237 1704 1271 talia
1727 1244 1830 1278 ,vquae
1856 1246 1945 1277 neque
1970 1236 2045 1267 San-

1163 1283 1277 1317 diarum
1316 1286 1533 1325 scripturarum
1569 1285 1799 1318 authoritatibus
1828 1291 2044 1324 eontinentur,

1164 1343 1214 1366 nec
1240 1338 1275 1365 in
1300 1335 1438 1366 Concilas
1465 1333 1672 1378 Episcoporum
1692 1335 1810 1375 statuta
1835 1339 2045 1373 inveniuntur,

1166 1394 1214 1415 nee
1235 1381 1451 1425 consuetudine
1476 1383 1625 1427 universa:
1638 1383 1769 1424 Ecclefiae
1797 1383 1934 1416 roborata
1956 1382 2042 1425 sunt,

1158 1430 1216 1474 sed
1239 1432 1424 1476 diversorum
1449 1434 1574 1467 locorum
1600 1433 1725 1474 diversis
1752 1432 1879 1467 moribus
1906 1439 2040 1466 innume-

1164 1481 1299 1515 rabiliter
1325 1489 1507 1523 variantur,
1536 1490 1581 1516 ita
1605 1493 1639 1516 ut·
1665 1489 1722 1517 vix
1748 1493 1802 1517 aut
1827 1490 1942 1516 omnino
1969 1493 2043 1515 nun-

1164 1542 1254 1572 quam
1280 1536 1413 1564 invenirt
1432 1507 1534 1572 poffi’m
1554 1534 1675 1574 cauffae,
1700 1544 1776 1575 quas
1802 1539 1836 1566 in
1860 1540 1902 1566 eis
1928 1532 2044 1575 infinu-

1163 1581 1248 1612 endis
1274 1578 1405 1612 homines
1429 1578 1519 1621 secuti
1540 1579 1633 1622 sunt,
1660 1582 1707 1611 ubi
1726 1581 1861 1621 facultas
1887 1582 2044 1620 tribuitur,

1157 1627 1218 1668 sne
1243 1629 1309 1660 ulla
1336 1628 1517 1662 dubitatione
1538 1627 1696 1671 resecanda
1722 1630 1869 1669 existimo.

1214 1677 1261 1711 At
1288 1678 1364 1711 vero
1376 1677 1622 1714 Proceffionalis
1634 1679 1789 1713 sacrarum
1812 1680 2040 1719 Reliquiarum

1163 1736 1219 1760 aut
1247 1727 1434 1769 imaginum
1461 1737 1536 1761 cum
1563 1727 1755 1761 sacrosancta
1770 1727 1970 1762 Eucharistia
1983 1729 2041 1761 cir-

1161 1773 1376 1817 cumgestatio
1401 1785 1468 1808 non
1496 1776 1540 1810 est
1568 1785 1680 1809 contra
1708 1777 1804 1811 fidem
1831 1801 1842 1816 ,
1871 1790 1931 1811 nec
1957 1789 2042 1812 con-

1161 1835 1207 1859 tra
1237 1825 1342 1858 bonos
1368 1836 1496 1865 mores,
1522 1826 1556 1859 &
1581 1824 1679 1860 habet
1704 1828 1830 1869 aliquid
1858 1828 1897 1861 ad
1923 1827 2041 1861 exhor-

1161 1873 1323 1907 tationem
1351 1873 1424 1908 vitae
1450 1875 1612 1909 melioris.
1642 1876 1730 1920 Ergo
1756 1877 1847 1919 juxta
1876 1876 2040 1911 saluberri-

1162 1935 1247 1957 mam
1259 1923 1405 1968 regulam
1416 1949 1428 1964 ,
1442 1924 1638 1969 ubicumque
1654 1926 1803 1961 instituta
1816 1928 2037 1972 cognoscitur,

1159 1984 1227 2007 non
1253 1973 1359 2007 sol-:im
1387 1985 1454 2007 non
1482 1976 1527 2008 est
1555 1974 1799 2019 improbanda,
1826 1977 1877 2010 sed
1904 1977 2039 2011 laudan-

1157 2022 1223 2062 da,
1249 2023 1417 2057 retinenda
1443 2034 1538 2067 atque
1564 2025 1710 2059 sectanda
1734 2051 1741 2057 .
1776 2026 1886 2060 Etiam
1914 2027 2041 2070 aliquo·

1158 2083 1229 2106 rum
1255 2073 1430 2107 infirmitas
1456 2085 1524 2108 non
1552 2075 1597 2110 ita
1624 2076 1782 2118 impedit,
1810 2087 1846 2110 ut
1874 2077 1974 2119 majus
1986 2077 2041 2110 de-

1157 2124 1351 2156 trimentum
1373 2123 1426 2156 sit.
1456 2123 1590 2157 Etenim
1618 2125 1704 2158 nulla
1717 2124 1771 2159 hic
1797 2127 1858 2159 effe
1886 2127 1979 2169 poffit
1992 2136 2039 2160 ta-

1156 2172 1196 2206 lis
1222 2172 1414 2213 infirmitas,
1440 2174 1500 2207 nisi
1531 2174 1690 2216 imperitia
1717 2174 1870 2218 fimplicis
1895 2175 2033 2218 Populi.

1156 2221 1204 2255 At
1229 2222 1305 2256 vero
1330 2233 1383 2265 per
1411 2223 1589 2266 Episcopos
1615 2224 1660 2257 est
1690 2224 1838 2259 docenda
1864 2226 1898 2258 ὃς
1925 2226 2032 2259 sanan.

1153 2272 1216 2311 da,
1242 2282 1444 2314 nequaquam
1460 2273 1535 2306 vero
1562 2273 1704 2308 vetustus
1728 2284 1766 2306 ac
1792 2274 1945 2317 probatus
1958 2286 2029 2317 pro-

1154 2322 1227 2363 pria:
1251 2321 1399 2354 Ecclefiae
1419 2321 1498 2355 ritus
1526 2332 1655 2365 propter
1690 2324 1791 2365 ipsam
1816 2324 2021 2359 auferendus.

1151 2369 1305 2403 Praererea
1332 2369 1398 2403 haec
1426 2371 1553 2411 Pietas,
1581 2372 1655 2405 licet
1681 2373 1812 2405 forfitan
1842 2383 1908 2404 non
1935 2374 1969 2406 in
1984 2375 2027 2407 sa·

1150 2420 1213 2453 cris
1234 2419 1426 2461 Scripturis,
1454 2431 1563 2453 tamen
1590 2421 1624 2453 in
1655 2420 1893 2465 Episcoporum
1922 2424 2029 2465 Syno-

1149 2468 1198 2501 dis
1220 2493 1230 2508 ‚
1265 2479 1302 2501 ac
1330 2469 1547 2504 inuniversae
1574 2470 1720 2503 Ecclesiae
1745 2472 1890 2505 moribus
1927 2472 2025 2505 habet

1147 2518 1421 2558 fundamentum,
1447 2518 1586 2561 ideoque
1611 2520 1794 2554 nullatenus
1820 2521 1864 2554 est
1888 2522 2026 2556 resecan-

1147 2568 1205 2601 da.
1236 2568 1310 2601 Nec
1336 2567 1570 2602 introducenda
1598 2571 1801 2605 consuetudo
1837 2572 1996 2606 contraria
2016 2594 2025 2604 .

1147 2617 1302 2652 Similiter
1327 2617 1468 2651 diversus
1489 2617 1670 2661 aliquarum
1709 2619 1786 2654 hinc
1815 2621 1890 2655 inde
1912 2645 1923 2661 ‚
1959 2632 2027 2664 quas

1145 2667 1306 2711 Imagines
1332 2677 1388 2701 aut
1415 2666 1586 2710 Reliquias
1612 2669 1815 2703 circumferre
1827 2682 1892 2703 non
1907 2671 2024 2710 solent,

1146 2717 1356 2750 Ecclefiarum
1384 2727 1455 2752 mos
1481 2718 1525 2750 est
1553 2719 1773 2752 damnandus.
1798 2719 1956 2753 Servanda
1976 2719 2023 2753 est

1145 2765 1298 2809 Apostoli
1320 2767 1472 2810 Regula.-
1494 2771 1525 2800 Is
1552 2773 1603 2810 qui
1627 2770 1788 2800 manducat
1810 2792 1820 2808 ,
1860 2780 1916 2803 non
1937 2781 2022 2802 man-

1142 2817 1298 2849 ducantem
1326 2827 1383 2848 non
1404 2815 1553 2859 spernar,
1579 2819 1612 2850 (ν’
1636 2822 1687 2857 qui
1712 2819 1872 2852 manducat-
1893 2843 1904 2859 ,
1932 2822 2015 2851 man-

1141 2867 1298 2898 ducantem
1324 2877 1381 2898 non
1400 2867 1530 2906 judicet.
1557 2864 1723 2899 Adversus
1749 2866 1948 2909 spernentem
1961 2878 2018 2902 aut

1141 2917 1340 2957 judicantem
1366 2916 1432 2950 dici
1460 2914 1577 2958 poterit
1602 2926 1675 2949 cum
1703 2916 1836 2951 laudato
1873 2918 2015 2961 superius

1141 2964 1341 2999 Ambrosio:
1382 2969 1420 2998 ln
1455 2964 1588 2997 omnibus
1623 2970 1704 3006 cupio
1735 2965 1818 3008 sequi
1843 2971 2012 3001 Romanam

1139 3014 1296 3056 Ecclefiam
1325 3039 1337 3055 ‚
1366 3013 1420 3056 sed
1451 3023 1552 3047 tamen
1588 3015 1622 3047 (5
1655 3027 1709 3047 nos
1743 3015 1870 3049 homines
1891 3016 2013 3060 sensum

1138 3064 1278 3098 habemus
1302 3089 1309 3096 .
1347 3065 1413 3096 Ideo
1438 3064 1515 3105 quod
1539 3063 1611 3097 alibi
1637 3064 1741 3099 rebilus
1761 3064 1906 3107 servatur
1925 3092 1937 3108 ,
1977 3069 2012 3103 6·

1139 3126 1190 3148 nos
1219 3115 1294 3148 recte*
1318 3113 1511 3154 custodimus.
1552 3112 1671 3158 Longe
1697 3116 1813 3157 potiori
1844 3118 1917 3160 Jure
1944 3116 2009 3151 dici

1137 3163 1200 3198 hoc
1228 3164 1322 3207 possit
1348 3162 1559 3196 Namurcensi
1586 3174 1643 3197 aut
1659 3164 1822 3198 Vinciensi
1852 3166 2009 3200 Ecclefiae.

1139 3213 1365 3248 Namurcensis
1388 3213 1563 3246 sanctionis
1590 3213 1730 3247 rationes
1757 3215 1874 3258 ignoro
1897 3238 1905 3246 .
1928 3215 2005 3257 Ejus

1139 3263 1334 3306 Metropolis
1347 3258 1586 3297 Cameracensis
1611 3274 1665 3306 per
1686 3274 1816 3298 omnem
1832 3265 2006 3298 Dioecesim

1140 3315 1238 3349 servat
1260 3312 1459 3345 contrarium
1475 3337 1482 3344 .

1187 3363 1308 3398 Eadem
1331 3362 1372 3396 de
1397 3372 1429 3396 re
1451 3363 1483 3398 S.
1506 3361 1713 3406 Augustinus
1723 3361 1887 3398 rectiffime
1906 3361 2012 3399 scribit

1540 3412 1572 3445 G
1597 3423 1621 3456 g
1670 3423 1693 3448 2
1851 3412 1887 3447 in
1898 3412 1960 3447 alia
