2366 3736
28 2782 110 2825 Cap.
125 2791 179 2829 23.

655 136 739 190 DE
774 134 1097 186 0131N10N1÷

205 225 361 267 sermonis
373 242 384 263 e
409 225 576 267 Certumest
589 252 600 269 ,
626 231 761 271 quia‘qui
771 227 816 258 ad
828 225 971 267 futurum
986 222 1079 265 saecu-

203 285 266 316 lum
269 281 336 324 fert
343 278 441 322 secum
450 280 539 320 plura
551 287 638 321 opera
652 277 727 310 hona
740 277 774 309 ὁ·
781 277 870 317 plura
879 283 968 316 opera
980 273 1061 306 mala
1077 296 1086 312 ,

202 339 237 365 sn
247 331 315 373 ipfis
325 335 423 372 poenis
436 328 555 362 babebit
567 327 683 368 aliquid
703 325 866 369 refrigerii.
896 327 959 368 ‚Qui
984 332 1082 357 autem

202 380 341 413 bonorum
353 388 469 421 operum
480 377 557 412 nibil
565 377 653 409 babet
665 400 677 417 ,
703 377 847 408 malorum
868 384 966 408 autem
986 373 1082 417 secum

200 430 302 473 defert
311 431 436 462 multam
446 433 557 469 copiam
568 450 579 466 ,
606 428 683 469 quid
694 438 760 459 eum
771 434 892 459 maneat
904 449 915 464 ‚
941 435 998 458 non
1010 432 1081 465 opus

201 480 242 520 est
253 479 348 513 dicere
360 505 367 511 .
394 482 466 511 Erit
475 483 554 509 enim
564 476 605 508 ibi
611 476 674 519 fine
687 477 775 509 dubio
784 473 980 518 compensatio
1000 474 1084 506 bono-

202 542 271 563 rum
290 531 487 568 malorumque
498 550 510 566 ,
537 528 570 560 ό*
581 529 666 560 velue
680 532 713 559 in
727 526 838 566 statera
850 525 945 568 pofita
957 532 1083 566 utraque

197 588 276 626 pars
286 604 297 620 ‚
321 588 389 620 quae
401 575 574 619 demerserit
586 600 597 617 ,
625 578 677 610 illa
682 576 738 618 fibi
748 588 846 609 eorum
859 600 870 616 ,
896 577 951 618 quo
962 585 1083 608 momen·

202 638 266 663 tum
276 633 432 670 vergitur,
461 633 626 668 operarium
650 627 833 660 vindicabit.
862 628 894 658 51·
906 628 973 669 ergo
994 626 1083 658 malo-

202 690 270 714 rum
280 678 438 710 multitudo
456 675 663 719 supervincit,
689 682 854 718 operarium
859 675 948 718 suum
967 683 1084 716 pertra-

201 727 248 761 bit
259 729 303 760 ad
309 726 478 771 gehennam
491 739 500 768 3
521 726 550 768 fi
558 731 627 761 vero
653 728 767 767 majora
772 726 893 767 suerint
905 733 991 766 opera
1002 724 1084 757 bono-

201 789 269 811 rum
281 802 292 817 ,
314 776 433 820 summa
444 783 477 810 vi
488 776 615 817 obsistent
627 779 660 810 ό*
673 776 879 820 repugnabunt
900 776 989 807 malis
1003 797 1014 813 ,
1040 783 1082 806 at-

202 839 259 870 que
282 835 463 869 operatorem
478 825 566 870 suum
578 828 622 859 ad
637 829 770 870 Regnum
796 831 936 860 vivorum
965 837 1004 858 ex
1026 822 1086 867 ipso

200 877 445 921 etiamgehennae
456 876 576 917 confinio
586 871 782 910 revocabam.
809 876 888 909 Hoc
912 876 1020 919 ipsum
1039 875 1085 907 vi-

201 928 323 961 dentur
334 928 416 961 velle
427 927 568 969 antiquae
584 927 729 970 picturae,
755 928 788 960 in
803 926 976 971 Belgarum
988 924 1084 958 etiam

201 977 348 1010 Bafilicis
369 978 625 1019 repraesentantes
637 988 818 1011 extremum
841 976 998 1019 judicium
1011 999 1021 1016 ,
1048 986 1085 1008 ac

199 1028 238 1061 in
264 1028 334 1070 ipso
358 1027 501 1059 sanfium
517 1026 764 1070 Archangelum
776 1026 975 1060 Michaelem
990 1050 999 1064 ,
1026 1023 1082 1067 qui

199 1087 259 1119 per
270 1076 431 1109 bilancem
442 1078 610 1111 examinat
637 1088 734 1120 opera
753 1077 907 1111 omnium
930 1074 1085 1109 Chastia-

197 1136 323 1160 morum
335 1151 356 1171 .,
370 1125 515 1160 Proinde
538 1128 664 1160 sanstus
701 1127 930 1169 Hieronymus
968 1136 1084 1168 nequa-

200 1187 302 1218 quam
313 1187 387 1210 cum
405 1176 572 1210 Gnosticis
583 1187 638 1210 aut
653 1177 868 1211 Eunomianis
879 1175 1087 1218 contempsit,

200 1224 256 1259 sed
268 1237 343 1260 cum
357 1225 530 1260 Catholica
548 1228 686 1261 Ecciefia
708 1226 963 1262 constantiffime
982 1225 1086 1269 praedi·
1101 1269 1105 1274 ἢ

202 1277 291 1310 cavit
305 1276 390 1311 bona
401 1288 499 1319 opera
511 1301 523 1316 ,
551 1278 585 1310 δε
598 1276 736 1311 credidit
747 1289 845 1320 atque
855 1277 968 1312 docuit
983 1275 1086 1309 neces·
1100 1277 1105 1300 Ι

203 1326 283 1359 saria
300 1326 455 1359 advitam
469 1338 620 1360 aeternam
642 1352 650 1361 .
681 1326 807 1361 Verum
829 1327 960 1369 insuper
981 1325 1086 1358 credi-

202 1375 255 1409 dit
270 1387 372 1408 unum
385 1399 396 1415 ,
417 1387 472 1408 aut
486 1376 584 1410 etiarn
598 1376 689 1419 plura
701 1376 850 1410 mortalia
863 1384 994 1418 peccata
1020 1385 1085 1407 non

199 1425 348 1458 sufficere
359 1425 399 1457 ad
411 1425 724 1458 condemnationem
736 1435 886 1459 aeternam
900 1449 908 1456 .
934 1423 1062 1457 Fideles
1077 1448 1087 1463 ,

200 1473 347 1516 quicum
369 1472 562 1516 quibusdam
587 1474 781 1508 criminibus
803 1473 926 1508 babent
940 1474 1084 1518 quaedam

202 1521 291 1556 bona
319 1534 434 1566 opera,
461 1523 598 1557 credidit
619 1525 681 1558 else
705 1525 797 1563 auri,
822 1525 950 1569 argenti
971 1549 982 1564 ,
1008 1524 1084 1566 lapi-

202 1572 283 1606 dum
297 1574 509 1616 pretiosorum
523 1599 533 1614 ‚
561 1585 598 1606 ae
620 1574 709 1608 simul
723 1575 826 1619 ligni,
855 1575 960 1613 foeni,
987 1585 1024 1607 ac
1038 1573 1087 1608 fli-

200 1625 352 1667 pularum
366 1624 669 1665 superaedificatores
680 1648 690 1663 ‚
716 1624 853 1668 ideoque
866 1624 1086 1664 fundamenti,

202 1673 324 1717 nempe
345 1673 475 1717 integrae
498 1674 597 1713 fidei,
624 1675 740 1708 merito
761 1675 933 1708 salvandos
948 1699 955 1707 .
993 1676 1087 1708 Atta·

203 1734 283 1756 men
305 1734 359 1766 per
384 1724 496 1767 ignem
513 1749 523 1764 ,
563 1725 618 1766 qui
639 1735 752 1758 exurat
775 1725 834 1758 ista
855 1725 1005 1770 fragilia,
1034 1737 1089 1767 per

202 1773 320 1817 longas
333 1773 402 1816 post
415 1775 765 1818 extremumjudicium
789 1774 973 1819 gehennas:
1004 1775 1086 1808 Haec

200 1822 371 1866 insigniter
394 1824 599 1858 elucidantur
636 1826 654 1858 ὲ
693 1827 783 1867 supra
821 1825 966 1860 adductis
986 1827 1085 1859 sanffi

200 1872 340 1916 Joannis
351 1874 546 1907 Damasceni
559 1875 680 1908 verbis:
712 1875 783 1917 Nisi
790 1882 856 1918 quis
866 1875 1018 1918 perspicui?
1039 1877 1087 1909 de·

197 1925 329 1966 ploratae
351 1924 549 1965 improbitatir
567 1924 663 1966 fuerit
678 1951 689 1966 ,
722 1927 888 1968 rec‘iamque
906 1926 997 1967 fidem
1018 1938 1086 1960 con-

200 1971 374 2013 tempserit.
402 1976 479 2007 Cum
507 1975 648 2016 improbae
667 1988 701 2008 ac
713 1976 864 2018 flagitiosae
887 1977 1017 2009 aHiones
1044 1981 1086 2009 ni-

202 2022 554 2063 miumpraeponderant.
582 2025 715 2057 Sanetus
730 2027 853 2058 Doctor
880 2026 1018 2058 affirmat
1030 2025 1089 2058 du-

200 2070 282 2114 plex
304 2071 479 2105 hominum
499 2083 604 2116 genus
626 2074 689 2107 esse
712 2075 901 2107 aeternaliter
931 2074 1085 2108 damnan-

201 2121 302 2154 dum.
329 2124 457 2156 Omnes
474 2122 643 2155 infideles:
671 2124 706 2156 ὃ(
725 2124 803 2157 istos
824 2123 936 2157 fideles
958 2148 969 2163 ‚
1009 2134 1086 2166 quo-

201 2180 276 2205 rum
301 2171 439 2204 crimina
459 2171 599 2203 nimium
623 2173 885 2215 praeponderant.
915 2174 1009 2206 Hinc
1029 2173 1086 2207 Ec·

201 2220 324 2260 clefiae,
352 2219 470 2262 quibus
497 2220 617 2263 placuit
656 2221 713 2255 issa
753 2222 926 2256 clementia
950 2247 961 2263 ,
986 2223 1083 2257 etiam

199 2279 329 2313 apertos
351 2269 552 2314 flagitiorum
567 2295 577 2311 ‚
614 2273 784 2314 praesertim
821 2273 1083 2307 adulterinorum

199 2319 433 2363 conjugiorum
448 2322 636 2363 profestores
660 2321 879 2357 admittebant
895 2324 936 2357 ad
962 2323 1082 2367 Baptis-

200 2379 294 2404 mum
307 2394 314 2401 .
343 2370 530 2404 Credebant
542 2371 627 2414 ipsos
638 2372 655 2404 a
668 2373 698 2406 se
710 2374 909 2414 transmitti,
924 2373 1000 2407 licet
1015 2385 1081 2408 non

200 2418 350 2462 proxime
363 2421 403 2452 ad
419 2421 593 2464 Regnum,
621 2431 729 2455 tamen
754 2423 793 2457 ad
818 2424 1047 2466 purgationem
1075 2449 1081 2455 .

198 2469 330 2503 Eodem
341 2469 406 2503 fere
418 2471 539 2511 modo,
568 2482 635 2515 quo
649 2473 782 2516 quidam
795 2473 920 2508 Scholae
933 2473 1082 2518 Magistri

199 2518 277 2552 illos
288 2543 299 2559 ‚
324 2521 381 2562 qui
397 2519 503 2553 bacin
519 2521 586 2554 vita
600 2523 720 2556 nolunt
732 2523 964 2558 satisfactiones
976 2535 1082 2568 agere,

200 2568 383 2602 admittunt
394 2569 434 2602 ad
458 2570 754 2606 Reconciliationis
777 2575 936 2618 gratiam,
961 2573 996 2608 &
1020 2586 1081 2609 cre·

200 2618 285 2652 dunt
300 2619 386 2661 ipsos
396 2619 413 2652 ὲ
425 2619 456 2652 se
466 2620 638 2654 transmitti
650 2623 689 2655 ad
701 2622 934 2668 Purgatorium
949 2649 956 2656 .

251 2667 362 2710 Hujus
402 2669 508 2703 Almae
545 2671 758 2707 Lovanienfis
805 2674 922 2708 scholae
957 2674 1082 2708 Dostor

198 2716 401 2763 'theologus
414 2719 557 2761 Ioannes
570 2721 727 2756 Molanus
749 2725 782 2756 in
809 2724 950 2758 secundo
970 2724 1012 2759 de
1032 2725 1080 2757 Sa·

199 2768 261 2802 cris
272 2768 571 2812 Imaginibuslibro
585 2770 651 2805 haec
674 2772 801 2807 scribit:
830 2773 1003 2807 Michaelem
1029 2779 1080 2806 Ar-

199 2817 372 2861 changelum
379 2827 511 2863 pingunt
524 2823 655 2855 nonnulli
665 2833 731 2855 cum
741 2824 819 2856 libra
831 2848 842 2864 ,
862 2827 1081 2866 ponderantem

200 2875 236 2901 in
249 2880 309 2900 una
314 2868 427 2909 statera
440 2876 574 2903 animam
587 2896 597 2911 ,
623 2878 655 2905 in
667 2874 764 2906 altera
778 2876 848 2907 vero
859 2877 925 2915 ejus
938 2881 1077 2909 virtutes.

200 2917 400 2959 Adstateram
412 2944 420 2958 ‚
447 2926 480 2952 in
499 2932 557 2962 qua
577 2921 614 2959 el}
636 2928 758 2964 anima,
785 2931 951 2968 appingunt
972 2927 1078 2960 Diabo-

201 2970 286 3007 lum,
312 2975 363 3010 qui
372 2981 437 3003 eam
447 2981 567 3003 conatur
577 2975 759 3013 deprimere,
787 2976 933 3016 quantum
951 2977 1044 3018 potest
1070 3001 1076 3009 .

201 3023 240 3051 In
249 3019 343 3052 altera
353 3023 422 3052 vero
429 3020 543 3059 statera
554 3022 683 3055 Michael
690 3022 765 3066 ligno
784 3024 837 3066 suo
859 3029 965 3058 Crucis
990 3032 1077 3068 impe·

202 3069 249 3100 dit
260 3079 393 3102 conatum
405 3070 543 3110 Diaboli,
570 3075 603 3106 ὀ·
613 3084 651 3106 ex
662 3079 766 3105 merito
782 3075 922 3114 Passionis
946 3077 980 3109 (ἓν
1003 3079 1077 3109 Cru-

201 3122 242 3148 cis
254 3117 362 3158 christi
372 3121 492 3153 videtur
502 3123 619 3163 aliquid
640 3124 684 3155 illi
701 3123 820 3163 flaterae
840 3123 1042 3167 superaddere
1067 3151 1074 3158 .

203 3168 260 3197 Ex
271 3166 324 3200 hac
345 3179 443 3202 autem
461 3171 580 3212 pir‘lura
594 3173 690 3215 facile³
713 3175 849 3206 nonnulli
870 3176 1038 3219 colligerent
1066 3201 1076 3215 ,

203 3217 318 3257 quodji
330 3219 540 3262 consequantur
554 3229 651 3254 vitam
662 3233 808 3256 aeternam
822 3248 833 3264 ‚
860 3230 891 3257 in
899 3226 1006 3267 quibu:
1032 3225 1076 3258 bo-

203 3275 248 3298 na
256 3274 344 3307 opera
363 3273 595 3312 praeponderant
613 3274 719 3315 mal1'53
745 3275 790 3306 illi
811 3278 883 3307 vero
905 3277 1072 3317 relinquan-

204 3324 256 3349 tur
270 3316 412 3356 Diabolo,
438 3325 468 3352 in
479 3322 585 3362 quibus
598 3325 679 3355 mala
702 3323 786 3358 bonis
803 3327 1041 3366 praeponderant
1068 3351 1074 3358 .

205 3367 304 3408 ,Quale
314 3371 365 3408 qui
377 3366 482 3402 babere
491 3372 611 3405 videtur
628 3375 711 3415 apud
733 3374 921 3417 Augustinum
942 3381 1076 3409 recentio-

205 3421 250 3448 ri!
260 3415 411 3459 cujusdam
422 3416 646 3463 hominissermo
657 3448 668 3464 ‚
693 3429 744 3466 qui
762 3425 799 3464 est
818 3431 937 3466 primus
954 3432 984 3457 in
1003 3432 1074 3470 vigi-

203 3466 249 3501 lia
261 3467 455 3506 Pentecostes.
485 3469 682 3512 Hujusmodi
697 3475 857 3518 imagines
877 3475 1037 3520 improbat
1063 3500 1074 3518 ‚

279 3516 391 3558 christ.
405 3521 484 3561 Lupi
504 3524 604 3562 Opera
621 3525 701 3556 Tom.
725 3525 782 3557 XI.

1135 132 1493 183 Paonnaxn.
1927 149 1987 197 39

1140 222 1311 265 censetque
1330 222 1522 266 periculosas
1544 222 1667 267 populo
1690 246 1701 263 ,
1725 232 1763 256 ae
1780 221 1983 257 scandalosas
2008 247 2017 255 .

1145 272 1190 305 At
1210 272 1287 306 vero
1312 272 1353 306 de
1373 272 1485 315 jisdem
1507 275 1709 317 prosequitur
1736 274 1768 306 in
1783 273 1881 307 tertio
1894 272 1978 307 libro
2007 285 2018 304 .-

1142 322 1476 367 MicbaelArchangeIut
1496 333 1561 355 cum
1582 324 1659 357 libra
1677 329 1836 367 pingitur,
1863 330 1895 355 ut
1908 321 2019 364 fimpll·

1141 384 1206 413 ces,
1233 377 1477 418 inquitJoannes
1499 371 1613 406 Echius
1628 398 1638 412 ‚
1664 375 1833 417 intelligant
1854 384 1920 407 eum
1938 382 2018 414 pote-

1141 423 1244 463 statem
1256 423 1366 457 babere
1387 429 1505 456 animas
1525 421 1675 455 hominum
1686 423 1887 466 suscipiendi,
1912 434 2021 459 eorumq

2034 300 2113 335 Can.
2127 301 2179 347 39*

1143 485 1196 514 que
1206 479 1314 506 merita
1320 475 1510 514 ponderandi
1521 496 1528 504 .
1555 474 1649 515 ,Quod
1665 476 1784 514 quidem
1805 486 1861 507 non
1874 480 1918 506 ita
1936 475 2020 507 intel·

1143 525 1291 566 ligendum
1303 524 1358 562 est,
1384 523 1467 565 quasi
1474 526 1506 564 ji
1525 521 1736 564 consequantur
1749 530 1847 557 vitam
1859 534 2017 564 aeternam,

1144 578 1175 605 in
1186 573 1294 615 quibus
1307 573 1385 606 bona
1396 582 1482 615 opem
1492 574 1724 614 praeponderam
1736 597 1742 603 .
1772 576 1870 616 ,Quale
1883 576 1959 616 quid
1968 574 2020 607 ba·

1145 623 1211 656 bere
1223 624 1346 656 videtur
1354 629 1459 657 incerti
1481 625 1637 663 Scriptoris
1645 621 1742 665 sermo
1751 630 1783 654 in
1803 625 1969 664 Appendice
1979 634 2024 657 to-

1146 677 1186 705 mi
1196 674 1303 706 decimi
1315 673 1477 717 Augustini.
1507 679 1580 708 Haec
1590 679 1668 705 enim
1680 671 1875 715 absurdiffime
1895 675 2022 706 diceren-

1146 732 1216 757 tur:
1243 723 1306 755 cum
1325 724 1402 757 nibil
1419 728 1638 765 coinquinatum
1660 727 1783 755 introire
1803 724 1884 763 poffit
1903 729 1935 754 in
1963 727 2023 756 Re-

1140 784 1233 817 gnum
1246 775 1408 807 Coelorum.
1437 778 1482 807 Et
1493 780 1544 816 qui
1555 772 1707 812 offenderit
1719 778 1751 804 in
1771 784 1848 812 uno,
1868 771 2022 814 faHusfit

1146 830 1275 857 omnium
1286 835 1352 856 reus
1364 849 1371 856 .
1397 823 1642 868 Sedfignificatur
1655 823 1709 856 bac
1716 822 1839 864 piHura
1848 847 1860 863 ‚
1886 825 1966 864 quod
1975 825 2023 855 de-

1147 873 1268 906 beamus
1292 872 1448 917 deposuiffe
1471 886 1552 907 omne
1568 874 1685 915 pondus
1709 875 1742 907 er
1758 872 1947 912 circumstans
1968 883 2024 905 nos

1143 932 1320 964 peccatum,
1346 934 1379 957 ut
1390 924 1520 968 signifer
1538 923 1660 967 sanstus
1685 922 1816 957 Michael
1833 921 2025 965 repraesentet

1147 985 1199 1007 nos
1212 979 1244 1006 in
1265 975 1356 1006 lucem
1373 972 1532 1016 sane‘lam,
1559 986 1626 1016 quae
1650 974 1718 1006 olim
1743 972 1870 1006 Abrabae
1886 973 2024 1015 promissa

1147 1022 1206 1064 est,
1232 1022 1475 1066 &ejus-semini.
1502 1024 1556 1057 Ad
1567 1022 1741 1057 adduc‘ium
1767 1024 1886 1066 praefati
1911 1024 2026 1056 sermo-

1149 1074 1198 1107 nis
1211 1074 1322 1108 locum
1333 1075 1431 1108 etiam
1443 1074 1497 1109 alii
1511 1074 1657 1116 Maiores
1667 1072 1790 1113 nostri,
1815 1072 1893 1106 dum
1906 1073 2028 1107 revide-

1148 1134 1222 1157 runt
1246 1124 1345 1157 saneti
1370 1124 1547 1169 Augustini
1572 1136 1693 1167 opera,
1721 1124 1938 1167 apposuerunt
1958 1122 2034 1157 boc.

1149 1174 1521 1217 marginaleScholion:
1549 1176 1645 1208 Caute
1665 1174 1796 1217 leg'atur.
1825 1171 2026 1216 Respondet>

1150 1224 1307 1266 pisturam
1329 1224 1393 1257 effe
1414 1224 1620 1269 legitimam,
1646 1237 1684 1258 ac
1705 1224 1836 1263 fundari
1875 1225 1908 1257 in
1932 1224 2028 1257 sacris

1150 1272 1300 1306 Litteris.
1331 1274 1466 1307 Etenim
1481 1273 1520 1306 ad
1544 1275 1728 1316 Babylonis
1751 1273 1880 1317 Regem
1900 1273 2031 1306 Baltha-

1150 1322 1294 1355 zarolim
1308 1322 1371 1355 fuit
1394 1323 1516 1356 dietum
1537 1323 1554 1355 ὲ
1579 1324 1731 1358 Domino
1750 1323 1847 1355 Deo:
1877 1322 2031 1365 Appensus

1150 1383 1182 1405 es
1203 1377 1240 1404 in
1249 1371 1364 1411 statera
1376 1395 1386 1410 ,
1414 1373 1449 1405 (θ’
1469 1379 1614 1405 inventus
1637 1383 1669 1404 es
1691 1372 1789 1404 minui
1814 1370 1930 1404 babens
1952 1397 1959 1403 .
1989 1373 2033 1405 Et

1152 1422 1272 1455 sandius
1282 1421 1446 1465 Propheta
1470 1423 1533 1466 Job
1552 1421 1636 1455 dixit
1650 1436 1661 1455 .·
1688 1426 1811 1454 Utinam
1831 1423 2033 1463 appenderen-
2049 1409 2129 1455 Gap·
2143 1411 2176 1445 6·

1152 1482 1201 1505 tur
1208 1481 1331 1514 peccata
1341 1484 1426 1513 mea,
1451 1473 1559 1515 quibus
1579 1478 1657 1506 iram
1679 1479 1794 1512 merui,
1821 1474 1855 1506 (⁰5
1874 1474 2033 1505 calamitas

1151 1534 1242 1564 quam
1262 1527 1383 1563 patior,
1409 1528 1441 1555 in
1471 1523 1586 1562 statera
1601 1547 1611 1563 ,
1636 1522 1719 1565 quast
1734 1534 1823 1555 arena
1842 1530 1934 1556 maris
1970 1522 2034 1557 haec

1145 1577 1271 1615 gravior
1291 1580 1451 1614 appareret
1472 1598 1480 1605 .
1509 1574 1552 1608 Et
1576 1574 1615 1607 ad
1633 1573 1732 1607 istum
1761 1574 1872 1608 locum
1895 1584 2034 1617 magnus

1152 1622 1333 1666 Gregorius
1356 1622 1488 1665 scribit,
1515 1623 1604 1667 quod
1627 1624 1751 1659 Divina
1772 1624 1894 1667 justitia
1920 1636 2035 1658 omnes
2053 1624 2126 1659 Lib.
2150 1637 2180 1671 7.

1152 1674 1254 1706 totius
1265 1672 1538 1718 humanigeneris
1551 1674 1739 1718 iniquitates
1752 1676 1919 1718 posuerint
1939 1676 1974 1708 in
1988 1675 2034 1709 bi·
2050 1679 2162 1708 morai.

1151 1722 1244 1757 lance
1264 1747 1275 1763 ,
1301 1723 1335 1758 ἀ
1351 1725 1443 1767 quod
1465 1722 1534 1758 haec
1564 1725 1741 1768 plurimum
1767 1726 2010 1768 praeponderent
2026 1751 2034 1758 .
2050 1738 2117 1770 cap.
2140 1737 2174 1763 z.

1152 1772 1189 1806 111
1202 1774 1401 1818 Apocalypsi
1420 1775 1498 1810 item
1514 1775 1598 1820 nigri
1612 1776 1686 1819 equi
1700 1775 1831 1809 insessor
1852 1775 1949 1810 haber
1976 1776 2036 1810 sta-

1152 1834 1252 1857 teram
1276 1824 1309 1857 in
1329 1836 1446 1858 manu.
1485 1826 1540 1859 An
1568 1826 1710 1868 Maiores
1730 1825 1831 1858 nostri
1861 1824 1915 1870 per
1936 1826 2037 1860 sancti

1153 1873 1326 1908 Michaelis
1346 1875 1494 1909 stateram
1513 1875 1676 1912 voluerint
1711 1877 1840 1919 populis
1867 1878 2037 1920 praedicare

1152 1924 1251 1958 saneti
1264 1925 1468 1968 Hieronymi
1486 1926 1699 1965 sententiam,
1724 1926 1893 1970 quisdicat
1916 1929 1928 1960 ?
1959 1927 2037 1960 Exi-

1150 1974 1247 2008 stimo
1265 1975 1416 2017 quasdam
1431 1976 1589 2010 Ecclefias
1601 1977 1755 2010 voluisse.
1784 1975 1868 2010 Aliae
1892 1976 2037 2019 praedica-

1152 2035 1184 2055 ru
1193 2034 1226 2056 nt
1240 2025 1459 2058 necessitatem
1475 2026 1575 2067 plenae
1593 2038 1630 2060 ac
1650 2027 1821 2068 adaequatae
1847 2027 2036 2061 satisfactio-

1153 2074 1219 2106 nis.
1248 2074 1381 2107 Etenim
1407 2075 1583 2108 satisfactio
1622 2076 1686 2109 effe
1708 2075 1804 2110 debet
1830 2087 1897 2110 non
1911 2079 1997 2110 rasus
2022 2102 2033 2118 ‚

1152 2134 1217 2155 non
1244 2123 1407 2166 scalptus,
1433 2137 1500 2158 non
1523 2124 1647 2158 adulter
1668 2149 1679 2164 ‚
1716 2137 1753 2159 ac
1791 2126 1921 2168 insuper
1945 2127 2035 2169 pleni

1150 2171 1301 2215 ponderis
1322 2184 1499 2214 nummus,
1525 2185 1593 2216 quo
1615 2175 1633 2207 a
1659 2175 1784 2207 Divina
1806 2174 1927 2216 justitia
1950 2186 2034 2209 ema-

1149 2233 1220 2255 mus
1231 2223 1451 2256 remiffionem
1466 2233 1694 2266 peccatorum·
1724 2225 1766 2257 Et
1780 2223 1834 2258 hic
1856 2227 1939 2259 reeta
1966 2227 2035 2259 sen·

1148 2273 1302 2306 tientium
1316 2272 1532 2307 Ecclesiarum
1544 2275 1661 2316 scopus
1672 2273 1804 2308 abunde
1817 2274 1904 2309 lucet
1924 2288 1964 2309 ex
1978 2276 2035 2310 ad-

1146 2324 1244 2356 dusto
1266 2323 1457 2358 testimonio
1482 2322 1643 2368 Eutychii
1667 2325 1863 2360 Patriarchae
1887 2326 2033 2361 Alexan·

1146 2374 1231 2407 drini
1247 2399 1254 2406 .

1194 2424 1302 2459 saneti
1315 2425 1518 2468 Hieronymi
1530 2426 1692 2461 sententia
1703 2427 1720 2460 ὲ
1735 2425 1845 2461 multis
1857 2428 1957 2470 usque
1968 2425 2033 2461 huc

1148 2484 1214 2508 non
1228 2476 1291 2509 fuit
1305 2477 1478 2519 perspecta.
1507 2477 1601 2510 Hinc
1611 2477 1933 2512 duxielucidandam
1953 2502 1960 2509 .
1989 2479 2033 2511 Et

1145 2525 1404 2570 adjungoipsam
1431 2537 1499 2560 non
1523 2527 1616 2560 fuiffe
1635 2527 1861 2569 probabilem,
1889 2527 2032 2571 ideoque

1145 2575 1211 2617 ejus
1224 2577 1387 2610 sestatores
1401 2588 1467 2609 non
1480 2578 1606 2611 evafiffe
1621 2579 1829 2620 sempiternas
1841 2577 1946 2622 gehen
1955 2590 2009 2612 nas
2022 2602 2030 2610 .

1146 2625 1237 2659 Hinc
1256 2628 1354 2668 ipsam
1378 2626 1494 2659 acriter
1516 2628 1699 2660 invaserunt
1725 2628 1850 2661 sanstus
1866 2628 2030 2673 Augusti-

1147 2686 1229 2716 nus,
1255 2677 1379 2709 santius
1405 2676 1544 2719 Joannes
1567 2675 1824 2719 Chrysostomus
1844 2702 1854 2718 ,
1894 2679 2030 2712 Faustus

1146 2725 1289 2767 Rejenfis
1304 2726 1483 2769 Episcopus
1495 2750 1507 2763 ‚
1533 2727 1631 2768 Jonas
1644 2729 1790 2761 Antistes
1813 2729 2030 2763 Aurelianen-

1145 2776 1201 2815 fis,
1228 2786 1266 2809 ac
1279 2776 1384 2819 plures
1402 2776 1474 2809 alii.
1502 2779 1630 2810 Omnes
1641 2778 1904 2813 demonstrarunt
1919 2780 2025 2821 palam

1143 2824 1299 2859 adversari
1316 2826 1497 2870 Evangelio
1511 2839 1547 2861 ac
1559 2827 1631 2860 aliis
1655 2829 1748 2861 sacris
1773 2828 1908 2862 Litteris
1923 2853 1930 2859 .
1960 2828 2027 2862 Ad-

1143 2873 1362 2919 versusipsam
1386 2877 1510 2910 sanstus
1530 2877 1736 2921 Augustinus
1758 2879 1875 2920 scripsit
1905 2878 2024 2914 librum

1141 2925 1181 2959 de
1200 2925 1282 2959 Fide
1306 2926 1340 2959 ὅ(
1363 2927 1547 2970 Operibus.
1580 2928 1726 2961 Eandem
1750 2929 1876 2962 invadit
1899 2929 1933 2961 in
1959 2929 2026 2963 En-

1140 2974 1322 3017 cheiridio,
1351 2976 1486 3010 inlibris
1497 2976 1537 3010 de
1550 2977 1695 3010 Civitate
1714 2977 1803 3018 Dei,
1830 2990 1868 3012 ac
1892 2979 1964 3012 aliis
1987 2981 2022 3014 in

1140 3024 1239 3059 locis.
1266 3026 1465 3061 Constanter
1484 3027 1622 3060 affirmat
1647 3029 1781 3061 unicum
1804 3030 1904 3062 etiam
1936 3041 2023 3063 rnor-

1140 3077 1202 3109 talc
1223 3087 1393 3119 peccatum
1421 3077 1563 3111 sufficere
1587 3077 1628 3111 ad
1649 3078 1877 3121 sempiternam
1891 3079 2023 3114 damna·

1138 3127 1282 3160 tionem.
1310 3127 1418 3161 Saniti
1446 3128 1649 3170 Hieronymi
1672 3139 1795 3162 nomen
1830 3130 1959 3163 reticuit
1978 3141 2021 3164 ex

1140 3177 1334 3210 reverentia.
1366 3178 1407 3210 Et
1425 3176 1502 3211 hinc
1516 3177 1658 3219 Majores
1672 3180 1771 3212 nostri
1790 3180 1829 3213 ad
1844 3180 2019 3213 addueium

1140 3226 1174 3259 in
1197 3228 1294 3260 saneti
1318 3227 1497 3271 Augustini
1522 3227 1715 3271 Appendice
1738 3231 1914 3263 sermonem
1937 3229 2019 3262 reste

1139 3279 1375 3319 apposuerunt:
1405 3279 1503 3310 Caute*
1515 3278 1641 3321 legatur.
1673 3278 1805 3313 Etenim
1818 3280 1881 3322 jam
1894 3278 2018 3312 dudum

1140 3326 1156 3359 a
1167 3327 1318 3360 Domino
1330 3328 1404 3361 Deo
1417 3327 1461 3361 est
1473 3327 1556 3361 circa
1571 3328 1660 3362 hunc
1671 3329 1842 3363 articulum
1866 3329 2021 3363 instruem-

1143 3377 1281 3411 Ecclesia
1295 3403 1304 3409 .
1331 3378 1437 3411 Novit
1448 3379 1510 3411 effe
1522 3389 1652 3422 gravem
1665 3391 1703 3412 ac
1715 3391 1846 3422 pravum
1859 3388 1997 3412 errorem
2007 3402 2016 3410 .

1141 3427 1262 3460 Divina
1284 3426 1438 3469 sapientia
1461 3437 1589 3462 tantum
1612 3430 1791 3463 Dostorem
1813 3453 1824 3469 ‚
1851 3440 1888 3461 ac
1910 3429 2018 3471 plures

1136 3476 1215 3512 item
1232 3477 1389 3512 Ecclesias
1402 3478 1540 3526 permifit
1553 3479 1598 3513 ita
1611 3479 1783 3522 cespitare.
1811 3477 1903 3525 Qid
1916 3478 2017 3522 igitur

1617 3530 1650 3563 D
1700 3540 1723 3566 2

1926 3538 1985 3560 nos
