2366 3736
624 127 707 179 DE
746 126 1017 179 simonia
1052 124 1579 183 Mounsrtcotzutr,

245 216 350 265 pitulo
363 210 542 259 Gregorius
559 210 683 246 Nonus
700 207 838 243 declarat
860 219 975 243 omnes
990 209 1120 248 Benefi-

242 266 555 310 ciirefignationes,
571 261 729 308 quaelicet
749 257 843 295 nullo
867 261 983 303 pasto,
1009 270 1119 294 tamen

242 317 442 360 praecedente
454 305 638 357 animie'rga
649 309 841 352 temporalia
864 309 979 348 affeetu
1002 310 1118 343 utrim-

240 378 306 410 que
340 367 445 405 fiunt‚
475 365 537 403 effe
558 361 759 395 simoniacas
780 384 787 390 .
815 359 942 393 Eadem
968 360 1012 393 est
1037 362 1121 395 ratio

240 416 434 455 Monasticae
446 410 657 454 Profeffionis
671 434 677 441 .
707 410 751 444 Et
762 409 837 444 sane
853 410 972 452 praefati
987 408 1121 452 Episco-

238 455 296 511 pi,¹
322 465 465 502 Abbate's
483 486 494 504 ,
522 460 665 499 Clerici,
693 470 748 498 aut
771 459 930 497 Monachi
954 469 1022 493 non
1054 460 1120 495 ani-

238 513 532 555 marumsssalutem,
556 511 609 549 sed
621 510 814 553 temporales
838 509 1044 552 possessiones
1068 519 1120 544 ve·

238 576 385 604 uantur,
410 559 568 600 &harum
580 562 672 597 causa
696 559 947 602 circumscriptis
974 560 991 592 a
1013 561 1043 594 se
1064 559 1116 593 ho·

238 614 381 656 minibus
394 613 569 659 imponunt
581 611 784 648 Clericatum
795 620 850 645 aut
861 610 1117 649 Monachatum‚

236 665 378 709 ideoque
399 665 505 706 palam
528 661 651 699 habent
678 662 826 696 animum
853 660 1082 694 simoniacum
1110 683 1117 695 ,

236 714 294 753 Est
313 724 423 748 tamen
436 713 609 750 dumtaxat
620 710 771 745 mentalis
781 709 928 747 Simonia
943 733 953 750 ,
981 709 1119 750 ideoque

235 765 424 809 licetgrave
447 772 615 808 peccatum
639 761 700 801 sit,
722 759 900 798 secundum
925 758 1118 798 hodiernam

235 811 443 858 disciplinam
466 813 573 847 nullas
596 812 733 845 incurrit
767 809 954 845 Canonum·
974 820 1084 854 poenas
1111 834 1118 841 .

234 863 366 902 Diserte
377 864 421 897 ita
436 862 548 899 statuit
562 862 649 899 idem
676 861 874 904 Gregorius,
900 860 982 896 Item
1003 860 1048 893 est
1072 859 1118 892 so·

233 916 298 950 lius
309 912 411 950 dolosi
422 923 519 957 atque
533 910 619 949 avari
627 910 916 953 circumscriptoris
927 909 1079 945 simonia
1105 933 1112 940 ·

234 964 289 999 De
310 963 463 997 Romana
484 961 636 999 Lucretia
657 973 694 995 ac
714 961 782 1006 ejus
819 961 1007 1003 Stupratore
1040 959 1119 992 resie

234 1012 344 1048 scribit
358 1013 482 1049 sanetus
495 1011 718 1056 Augustinus.-
748 1014 812 1048 Duo
815 1009 961 1057 fuerunt,
988 1012 1023 1048 (rt
1043 1020 1117 1044 unus

233 1062 368 1105 commiste
390 1064 571 1100 adulterium
593 1085 602 1097 .
631 1062 759 1098 Eodem
796 1061 898 1095 modo
935 1061 1118 1105 frequenter

231 1116 309 1149 sunt
322 1115 412 1154 duo,
434 1114 561 1147 &unus
572 1111 752 1148 committit
764 1112 966 1150 simoniam.
998 1112 1118 1144 Etiam·

231 1164 341 1208 siquis
352 1162 440 1198 dives
451 1164 546 1206 jadiet
559 1163 630 1197 suas
653 1171 749 1205 opes,
782 1162 814 1195 &
831 1172 872 1194 ex
897 1171 992 1203 prava
1014 1162 1117 1194 inten-

231 1213 326 1251 tione
339 1215 493 1257 spondeat
507 1211 713 1246 Monasterio
725 1236 736 1251 ,
764 1211 828 1245 hoc
839 1212 914 1244 vero
928 1212 1019 1245 illum
1035 1209 1118 1243 caste

198 1298 200 1301 f
232 1265 384 1309 suscipiat
408 1264 454 1301 ob
475 1265 619 1302 rationes
654 1263 753 1307 aliaS,
790 1262 877 1300 solus
904 1261 959 1296 ille
981 1263 1116 1297 incurrit

233 1315 356 1358 lepram
377 1338 385 1347 .

285 1362 433 1398 Secunda
446 1362 579 1407 quaestio
598 1362 643 1396 est
658 1386 669 1402 ,
695 1372 792 1405 quare
805 1360 1032 1395 Cabilonensis
1054 1359 1116 1401 Sy·

233 1414 342 1450 nodus
354 1413 446 1445 aliter
466 1414 506 1446 de
527 1412 844 1453 circumscriptorum
868 1409 1076 1443 Clericorum
1109 1434 1118 1447 ,

232 1463 327 1501 aliter
341 1461 513 1496 sanciatue
528 1460 622 1493 bonis
634 1459 817 1493 istiusmodi
831 1459 1078 1494 Monachorurn
1106 1460 1118 1491 ?

232 1514 288 1550 De
303 1511 353 1545 his
364 1512 474 1545 statuit
488 1524 495 1543 z
522 1514 582 1543 Res
594 1521 660 1552 quae
674 1510 713 1542 ab
727 1516 835 1543 avaris
849 1511 883 1543 (ς’
893 1512 1011 1553 cupidls
1024 1534 1034 1549 ,
1061 1520 1117 1541 non

229 1561 324 1606 solum
360 1570 510 1603 acceptae,
531 1559 588 1603 sed
613 1569 711 1601 raptae
737 1558 889 1602 noscuntur
916 1584 926 1599 ‚
948 1560 1115 1607 bfcredtbus

228 1607 421 1649 reddantur.
450 1611 551 1658 Qod
565 1621 631 1644 non
643 1611 748 1643 edixit
761 1612 800 1643 de
825 1610 1030 1644 Clericorum
1057 1610 1117 1644 bo·-

231 1664 285 1696 uis
297 1687 304 1694 .
333 1663 530 1704 Respondeo
544 1660 704 1697 rationem
717 1660 779 1692 elie
791 1659 923 1694 obviam
936 1685 943 1692 .
975 1660 1117 1693 Clerico·

232 1724 305 1747 rum
319 1713 358 1745 ad
382 1711 557 1744 Ecclesiam
572 1736 583 1752 ,
610 1710 856 1743 Monachorum
881 1709 1047 1744 haereditas
1066 1711 1117 1743 de-

231 1762 377 1797 volvitur
389 1763 428 1797 ad
443 1761 703 1804 Monasterium.
734 1763 781 1793 At
806 1759 880 1793 vero
907 1760 1048 1795 Ecclesia
1071 1760 1115 1793 est

231 1822 336 1847 mater
353 1819 528 1856 pauperum
546 1836 552 1843 .
584 1810 663 1853 Ejus
674 1812 786 1845 omnia
801 1811 887 1844 bona
898 1811 970 1846 sunt
994 1812 1060 1855 pari
1073 1812 1121 1852 jur«

230 1872 267 1897 re
279 1862 431 1896 obstricta
444 1873 510 1896 non
527 1861 602 1894 solis
618 1861 831 1903 Episcopis&
859 1860 958 1894 Clero
970 1885 980 1899 ,
1008 1862 1059 1894 sed
1075 1862 1119 1893 in·

231 1914 327 1955 super
349 1912 488 1953 Viduis,
515 1911 683 1955 Orphanis
707 1936 717 1951 ,
744 1911 869 1945 emistis
893 1911 1086 1954 pauperibus
1113 1934 1120 1941 .

231 1954 434 2000 Monasteria
453 1983 464 2000 ,
502 1962 577 1995 licet
598 1962 688 2003 juxta
710 1963 790 1997 vires
812 1962 1015 2003 singulariter
1038 1960 1118 1995 obli-

231 2019 352 2055 gentur
364 2011 405 2044 ad
427 2011 650 2052 eleemosynas
664 2033 675 2048 ,
702 2021 768 2041 non
785 2009 905 2044 habent
920 2010 1002 2044 istud
1015 2022 1118 2043 onus.

230 2061 361 2103 Excipe
373 2070 482 2094 tamen
496 2059 651 2092 Decimas
665 2081 676 2097 ,
702 2060 735 2092 &
754 2058 817 2091 alia
842 2058 927 2092 bona
940 2084 949 2098 ,
977 2071 1046 2103 qua:
1067 2061 1118 2093 de·

229 2120 392 2145 venerunt
403 2108 442 2142 ad
455 2110 522 2152 ipsa
533 2108 574 2143 ab
587 2108 755 2141 Ecclefiis.
784 2107 856 2143 Hin
887 2108 1116 2153 ·igiturlauda·

230 2170 265 2194 ta
289 2159 442 2200 synodus
463 2157 781 2199 circumscriptorum
885 2197 887 2199 ¹
916 2159 1043 2194 censuit
1055 2159 1114 2192 Ec-

226 2209 332 2243 clesiis
355 2208 465 2252 potius
485 2207 701 2250 permittenda
717 2231 727 2246 ,
755 2201 837 2251 qua'
856 2198 1084 2243 'Monasteriis
1109 2234 1116 2245 2

227 2258 461 2293 Nihilominus
473 2256 604 2291 istarum
621 2256 836 2290 Ecclefiarum
851 2258 1030 2302 Episcopos
1041 2283 1052 2299 ‚
1080 2259 1114 2291 li·

225 2319 279 2343 eet
300 2320 343 2342 ex
366 2309 434 2342 sola
457 2307 658 2352 negligentia
679 2308 1013 2350 circumscriptionem
1045 2321 1112 2342 non

226 2359 492 2402 impedivissent,
517 2357 689 2407 castigavit
702 2368 771 2395 uon
794 2358 904 2392 minus
926 2359 1023 2408 quam
1049 2358 1114 2397 Ab·

227 2409 317 2449 bates
333 2433 341 2442 .

280 2457 430 2506 Qaestio
439 2457 534 2493 tertia
544 2457 590 2493 est
601 2483 610 2499 ‚
633 2469 674 2491 an
688 2459 834 2502 Magnus
846 2459 985 2494 Carolus
998 2485 1007 2499 ,
1033 2459 1111 2494 dum

227 2508 382 2543 homines
395 2508 511 2542 liberos
525 2509 578 2545 seu
593 2507 718 2542 nobiles
730 2510 793 2542 sine
806 2511 859 2543 sua
885 2511 979 2543 venia
1001 2511 1111 2547 tonsu-

227 2559 290 2592 rari
303 2559 427 2596 vetuit,
454 2569 521 2591 non
539 2558 689 2593 inciderit
704 2560 735 2591 in
761 2561 883 2593 crimen
906 2561 1111 2602 Imperatoris

228 2607 405 2648 Mauritii,
429 2607 486 2650 qui
497 2606 632 2646 similem
644 2609 747 2642 emisit
760 2610 864 2654 legem
880 2634 890 2649 ,
918 2611 1063 2652 rejectam
1076 2611 1109 2644 ἀ

227 2658 478 2693 circumductam
499 2657 517 2695 ὲ
543 2657 673 2702 Magno
694 2658 780 2702 Papa
803 2660 967 2704 Gregorio
991 2662 1003 2693 ?
1045 2661 1108 2694 Re·

225 2706 371 2753 spondeo
385 2719 452 2743 non
465 2707 630 2743 incidisse.
659 2708 790 2742 Etenim
808 2709 883 2743 isios
906 2711 978 2743 suos
1004 2710 1107 2744 subdi-

226 2769 280 2793 tos
302 2768 368 2791 non
388 2757 572 2801 simpliciter
590 2758 693 2792 vetuit
713 2761 871 2794 tonsurari
892 2773 899 2796 ς
938 2761 1107 2794 dumtaxat

226 2809 385 2843 discutere
399 2808 503 2840 voluit
517 2832 526 2846 ,
552 2818 592 2840 an
604 2808 644 2841 de
656 2809 719 2844 suis
742 2809 986 2852 possessionibus
1009 2822 1050 2843 ex
1061 2811 1107 2852 ju-

227 2858 318 2893 dicio
330 2859 410 2895 citra
431 2859 766 2901 circumscriptionem
791 2862 978 2895 tonsurandi
1001 2861 1104 2904 dispo·

226 2919 362 2943 nerent.
392 2908 490 2945 Recte
502 2908 710 2951 disponentes
725 2911 861 2951 permisit
882 2911 940 2944 suo
952 2911 1104 2945 arbitrio.

226 2959 377 3001 Antiqua
391 2959 424 2994 &
436 2959 559 2993 famosa
573 2959 717 2996 Romani
731 2959 859 3003 imperii
882 2960 951 2994 Lex
971 2961 1084 2994 habuit
1097 2984 1107 3000 ,

226 3019 262 3043 ut
281 3020 378 3043 nemo
392 3008 534 3042 Curialis
545 3008 633 3042 fieret
645 3009 793 3043 Clericus
804 3022 860 3046 aut
881 3010 1068 3045 Monachus
1096 3036 1106 3051 ‚

227 3059 287 3092 nisi
300 3058 386 3101 prius
397 3059 627 3102 composuisset
647 3070 722 3093 cum
735 3060 833 3093 Curia
846 3086 855 3100 ‚
882 3062 915 3094 ὅ(
928 3072 1028 3094 omne
1039 3061 1105 3103 ejus

229 3107 469 3145 decrementum
480 3109 677 3152 praevenisset
689 3121 726 3144 ac
741 3111 772 3144 su
780 3110 907 3152 ppleffet
920 3135 927 3142 .
956 3111 1083 3145 Multos
1096 3136 1106 3153 ,

231 3158 286 3199 qui
299 3157 365 3192 haec
386 3160 618 3203 neglexerant,
646 3161 704 3192 suo
726 3171 872 3203 tempore
896 3162 988 3196 fuisse
1008 3162 1104 3195 etiam

230 3218 270 3239 ex
285 3205 475 3252 Presbyterii
488 3210 587 3254 gradu
606 3211 751 3244 retractos
773 3211 812 3243 ad
836 3211 969 3244 Curiam
984 3236 994 3250 ,
1021 3213 1103 3256 apud

231 3254 460 3298 Imperatorem
483 3260 757 3297 Valentinianum
777 3260 971 3297 lamentatur
981 3263 1011 3295 S.
1028 3263 1102 3295 Am-

233 3306 376 3345 brofius,
401 3308 567 3354 &flagitat
578 3311 714 3354 corrigi.
745 3311 871 3345 Eodem
883 3324 923 3345 ex
947 3312 1106 3354 principio

232 3356 377 3400 Magnus
389 3355 524 3393 Carolus
536 3361 596 3395 suae
616 3361 739 3394 militiae
760 3372 797 3399 ac
817 3362 946 3396 alterius
968 3362 1107 3397 ministe-

232 3406 271 3439 rii
288 3417 458 3440 numerum
470 3409 576 3443 noluit
591 3412 728 3454 graviter
738 3410 918 3446 decrescere
932 3437 942 3452 ‚
972 3413 1107 3454 ideoque

232 3465 291 3494 nec
314 3456 466 3494 omnium
490 3458 784 3497 Tonsurandorum
807 3461 893 3498 bona
913 3464 1046 3498 devolvi
1068 3462 1108 3498 ad

1177 208 1377 243 Monasteria
1390 233 1399 248 .-
1425 209 1601 244 Praesertim
1619 201 1698 248 dum
1710 207 1791 247 ,istis
1805 210 1907 244 essent
1923 214 2056 248 tonsam·

1177 259 1290 305 guinei
1304 269 1454 303 pauperes
1467 283 1474 291 .
1502 259 1567 293 His
1576 261 1682 294 voluit
1693 261 1881 304 portionem
1894 262 2057 306 relinqui,

1178 306 1272 354 atque
1284 311 1328 349 ita
1349 310 1437 353 ipsos
1446 319 1514 342 non
1526 311 1680 353 compelli
1694 311 1735 345 ad
1758 311 2014 347 mendicandum
2043 336 2057 352 ,

1177 360 1355 398 furandum
1367 385 1377 400 ‚
1405 370 1460 393 aut
1472 359 1737 400 latrocinandum
1751 386 1762 402 ‚
1791 359 1842 395 sed
1855 360 1965 405 potius
1977 363 2059 396 invi-

1181 412 1240 444 tari
1266 411 1306 445 ad
1334 409 1508 454 supplenda
1532 410 1660 452 lmperii
1684 411 1809 446 servitia
1831 436 1840 444 .
1878 411 1992 445 Sanxit
2014 423 2063 457 eie,

1180 460 1389 496 Cabilonensi
1402 459 1539 502 Synodo
1551 484 1558 490 .
1587 459 1722 494 Censuit
1734 460 1798 496 hoc
1815 462 1967 504 praevium
1987 462 2059 496 exa·v

1181 522 1257 544 men
1268 510 1331 544 effe
1344 510 1457 543 mitius
1469 520 1566 552 quam
1581 509 1789 552 postmodum
1811 511 1829 544 ὲ
1852 511 2058 546 Monastetio

1180 560 1363 596 faciendam
1383 559 1547 593 bonorum
1570 559 1824 594 redhibitionem
1846 586 1853 593 .
1885 561 1936 594 Ex
1962 562 2060 595 simili

1178 610 1440 647 consideratione
1475 608 1711 646 Tridentinum
1739 610 1930 647 Concilium
1954 612 2060 647 sanxit

1179 661 1332 695 omnium
1370 659 1570 704 Virginum,
1597 670 1771 702 antequam
1800 661 2012 703 profiteantur
2049 685 2061 703 ,

1181 708 1625 747 vocationem&libertatem
1648 711 1825 743 examinari
1850 722 1905 752 per
1928 711 2064 754 Episco-

1181 771 1257 804 pum
1274 785 1281 792 .
1307 761 1400 807 Qin
1416 770 1524 797 tamen
1540 759 1597 793 ista
1611 758 1723 796 Caroli
1748 760 1816 795 Lex
1831 762 2002 804 impegerit
2024 761 2059 794 in

1183 811 1326 845 Ecciefiae
1338 810 1519 847 libertatem
1532 834 1544 851 ‚
1565 821 1663 844 nemo
1675 809 1770 852 poffit
1784 810 1939 844 inficiari.
1966 810 2061 843 Istius

1180 862 1255 895 mali
1270 861 1426 895 correffio
1438 860 1597 903 spectabat
1608 860 1649 894 ad
1672 860 1854 904 Episcopos
1868 883 1876 892 .
1903 860 2009 895 Unde
2028 860 2061 893 ὅ(

1181 912 1234 946 lex
1246 921 1413 955 nunquam
1428 911 1488 944 fuit
1502 911 1558 944 usu
1572 919 1696 953 recepta
1707 936 1714 942 .

1228 962 1277 996 Ita
1302 962 1462 1000 affirmat,
1491 961 1524 994 ὅ(
1545 962 1709 996 rationem
1730 960 1787 995 dat
1825 960 1860 994 in
1881 960 1995 995 litteris
2018 959 2061 998 ad

1180 1013 1338 1046 Carolum
1360 1011 1525 1050 Calvum,
1553 1013 1755 1047 Francorum
1778 1011 1904 1055 Regem
1919 1035 1929 1052 ‚
1956 1011 2064 1044 Hinc-

1180 1073 1284 1098 marus
1323 1061 1541 1104 Metropolim
1561 1060 1756 1097 Rhemensis
1782 1086 1789 1093 .
1827 1062 1979 1106 Regem,
2003 1060 2062 1106 qui

1179 1112 1372 1157 quibusdam
1393 1111 1459 1145 Avi
1481 1112 1548 1152 sui,
1575 1111 1693 1156 Magni
1707 1113 1914 1154 imperatoris
1937 1111 2065 1152 Caroli,

1179 1163 1405 1200 circumductis
1415 1161 1567 1204 capitulis
1582 1163 1843 1205 circumscriptus
1870 1163 2064 1197 Ecclefiasti-

1178 1224 1251 1247 cam
1264 1212 1446 1246 libertatem
1473 1211 1658 1247 offendebat
1675 1236 1686 1253 ,
1713 1212 1842 1245 instruit
1856 1221 1954 1256 atque
1965 1214 2066 1247 dedu—

1178 1263 1223 1296 cit
1236 1262 1276 1295 ad
1303 1263 1385 1295 resta
1399 1285 1409 1300 ,
1435 1262 1469 1294 ὅ(
1491 1260 1661 1305 adiungit:
1693 1261 1790 1302 Potest
1806 1262 1894 1303 fieri,
1923 1273 1957 1295 ut
1978 1266 2066 1297 alicui

1183 1315 1318 1352 Principi
1329 1313 1402 1344 ante*
1423 1321 1478 1342 vos
1489 1309 1558 1342 binc
1567 1309 1741 1351 subreptum
1752 1313 1797 1342 ad
1805 1313 1952 1343 modicum
1953 1313 2067 1355 fuerit,

1180 1362 1457 1396 &iterumaeterna
1468 1361 1530 1403 lege
1540 1359 1720 1399 comeum,
1741 1359 1813 1400 ficut
1832 1361 2004 1403 Julianus,
2032 1365 2067 1397 (9⁸

1179 1411 1276 1453 postca
1300 1415 1464 1453 Imperator
1488 1413 1651 1444 Mauritius
1674 1412 1890 1451 decreverunt,
1915 1422 1948 1444 ut
1969 1419 1995 1446 ei
2015 1420 2068 1455 qui

1178 1460 1310 1504 semeltn
1322 1471 1441 1495 terrena
1450 1462 1562 1495 militia
1577 1459 1708 1503 fignatus
1727 1460 1846 1502 fucrit,
1873 1462 1931 1502 nist
1945 1473 2000 1496 aut
2021 1476 2070 1496 ex·

1180 1514 1264 1554 plera
1286 1513 1416 1549 militia,
1444 1519 1495 1543 aut
1512 1520 1569 1553 pro
1592 1511 1748 1544 debilitate
1780 1519 1907 1551 corporis
1932 1512 2069 1556 repulsus

1177 1562 1278 1605 fuerit
1292 1567 1323 1593 in
1333 1560 1539 1599 nonasterium
1551 1566 1641 1602 recipi
1653 1586 1661 1599 ,
1689 1562 1723 1594 67
1736 1561 1850 1599 Christo
1860 1574 1926 1594 eum
1937 1566 2070 1597 militare

1186 1624 1242 1644 non
1255 1613 1361 1649 liceat,
1392 1613 1485 1655 ‚Quod
1504 1610 1627 1654 religiofi
1642 1615 1864 1652 Imperatores,
1892 1615 1925 1646 Θ·
1945 1613 2071 1655 [αηὲῑαε

1185 1666 1342 1706 Gregorius
1364 1662 1524 1703 Apostolica
1536 1660 1715 1694 authoritate
1729 1664 1762 1694 ὠ·
1768 1665 1905 1705 generalt'
1915 1667 1944 1695 E
1943 1663 2071 1706 piscopo-

1185 1725 1249 1746 rum
1262 1710 1396 1755 consensu
1411 1736 1420 1751 ,
1447 1710 1639 1752 Ecclefiastt'co
1650 1717 1786 1755 rigorem·
1811 1712 1991 1758 Christiana.-
2005 1719 2071 1747 Rel-

1182 1763 1306 1804 publtcae
1327 1762 1478 1796 cohibente
1500 1763 1637 1805 religione
1659 1762 1866 1802 destruxerunt
1889 1787 1900 1803 ,
1936 1767 2017 1797 velut
2037 1771 2069 1797 m

1184 1815 1249 1853 ejus
1264 1813 1389 1854 epistolis
1401 1813 1446 1845 ad
1455 1815 1629 1844 Mammam
1641 1815 1853 1853 Imperatorem
1866 1838 1875 1853 ‚
1902 1814 1987 1847 &ad
2001 1816 2073 1856 plu-

1184 1870 1275 1897 rimos
1292 1861 1397 1895 Archi-
1414 1860 1575 1904 Epiftopos
1588 1862 1711 1895 direc‘lis
1734 1863 1895 1901 ostenditur
1906 1886 1916 1902 ‚
1944 1867 2026 1906 quod
2037 1867 2071 1899 (τ

1184 1915 1268 1946 dtvae
1287 1918 1437 1946 memoriae
1459 1918 1523 1944 Avo
1546 1912 1639 1951 vestro
1661 1913 1770 1945 carolo
1786 1913 1935 1955 subripuit
1951 1939 1961 1955 ,
1997 1913 2071 1955 ficut

1185 1966 1333 2003 Majorum
1357 1962 1539 2000 traditione,
1565 1965 1598 1995 (τ
1620 1964 1741 2002 verbis,
1765 1965 1799 1997 (θ’
1815 1963 1940 2006 scriptis
1964 1966 2073 2003 didici·

1183 2024 1265 2044 mus.
1297 2017 1382 2044 Etin
1390 2018 1489 2051 primo
1501 2011 1574 2045 libro
1585 2015 1790 2053 Capitulorum
1814 2015 2029 2053 demonstratur
2057 2040 2067 2055 ‚

1183 2062 1330 2097 delibem
1343 2060 1510 2097 hominibus
1522 2063 1569 2096 ad
1571 2060 1733 2102 servitium
1746 2066 1803 2096 Dei
1810 2062 1869 2103 fine
1878 2064 1934 2106 sua
1946 2067 2067 2098 licentia

1182 2123 1239 2144 non
1250 2113 1478 2145 convertendis.
1507 2113 1601 2154 ⁴,Quod
1612 2111 1742 2152 Ecclesia
1765 2115 1798 2149 (9·
1813 2113 1987 2156 Respublica
2010 2128 2067 2148 non

1180 2159 1337 2202 consenfit,
1363 2162 1494 2201 quodque
1519 2161 1619 2201 postea
1641 2163 1768 2194 correxit
1781 2186 1791 2202 ,
1813 2163 1887 2203 ficut
1909 2170 1942 2197 m
1969 2167 2067 2198 eodem

1185 2211 1260 2244 libro
1282 2210 1492 2252 Capitulorum
1517 2210 1714 2249 monstratur.
1745 2212 1894 2247 Adducit
1933 2215 2068 2258 Capitu-

1179 2261 1248 2294 lum
1260 2285 1267 2293 .
1295 2262 1341 2296 At
1353 2261 1458 2303 ipsum
1472 2257 1574 2294 hodie
1586 2271 1651 2295 non
1665 2272 1755 2296 extat
1768 2264 1801 2296 in
1816 2264 1943 2298 Codice
1957 2265 2066 2300 Abba·
2086 2254 2239 2301 C³P³34

1179 2311 1219 2344 tis
1233 2310 1380 2354 Ansegifi
1399 2335 1405 2346 ‚
1436 2311 1478 2343 Et
1491 2311 1649 2353 Capitum
1671 2323 1827 2348 numerus
1839 2327 1906 2348 non
1930 2327 2069 2350 concor-

1177 2361 1232 2395 dat
1245 2385 1252 2392 .
1280 2360 1427 2396 Proinde
1438 2361 1613 2398 Hincmari
1627 2372 1703 2396 aetas
1717 2360 1833 2397 habuit
1854 2365 2005 2400 codicem
2021 2367 2068 2400 di-

1177 2412 1301 2444 versum
1322 2411 1340 2444 a
1366 2410 1475 2444 nostro
1489 2435 1496 2442 .
1523 2412 1658 2446 Interim
1682 2411 1760 2447 hinc
1774 2414 1928 2448 discimus
1940 2417 2029 2458 plura
2056 2443 2065 2450 .

1175 2460 1289 2497 Primo
1302 2485 1313 2501 ,
1340 2460 1429 2504 quod
1445 2461 1528 2495 istud
1550 2462 1665 2496 Caroli
1681 2464 1871 2505 Capitulum
1886 2453 2064 2509 impegerit

1175 2511 1286 2554 injura
1300 2510 1458 2544 Ecclesiae.
1488 2513 1664 2552 Secundo,
1692 2512 1779 2556 quod
1801 2515 1835 2548 ἀ
1867 2515 2065 2559 Episcopi&

1175 2562 1327 2596 Proceres
1348 2562 1463 2596 contra
1487 2560 1590 2603 ipsum
1614 2563 1845 2598 intercesserint
1861 2591 1868 2598 .
1898 2566 2024 2599 Tertio
2051 2591 2063 2607 ‚

1173 2611 1261 2656 quod
1285 2613 1389 2655 ipsum
1412 2611 1551 2646 Carolus
1572 2613 1830 2649 circumduxerit
1849 2641 1855 2648 .
1893 2616 2024 2663 Qartd
2049 2642 2059 2657 ‚

1173 2662 1261 2705 quod
1277 2671 1455 2704 numquam
1468 2662 1565 2695 fuerit
1578 2664 1636 2695 usu
1652 2674 1835 2707 receptum.
1864 2666 1941 2699 istas
1957 2667 2061 2700 Hinc-

1173 2712 1388 2746 marilitteras
1402 2711 1436 2744 in
1450 2710 1592 2746 secundo
1605 2713 1774 2758 Spicilegii
1791 2726 1886 2749 tomo
1909 2717 2059 2760 vulgavit

1171 2762 1317 2798 eruditus
1342 2762 1447 2795 Lucas
1469 2762 1670 2798 Dacherius.
1700 2766 1792 2802 Fecit
1812 2766 1962 2800 Ecclefiae
1987 2777 2057 2801 non

1171 2812 1334 2849 mediocre
1348 2811 1543 2850 beneficium
1555 2837 1563 2845 .

2089 2050 2241 2095 Cap-112.

1369 2911 1644 2950 CAPUT
1752 2915 1827 2949 111.

1219 3017 1392 3056 Exponitur
1420 3018 1510 3048 varia
1532 3022 1624 3057 poena
1651 3016 1817 3056 Monasticae
1842 3018 2002 3052 simoniae.

1244 3115 1341 3150 Rima
1355 3114 1451 3157 hujus
1462 3115 1615 3149 Simonias
1629 3127 1722 3158 poena
1734 3116 1778 3149 est
1791 3117 1922 3151 divina.
1947 3118 2051 3160 Ipsam

1268 3166 1301 3199 in
1330 3165 1555 3199 Occidentalis
1581 3166 1729 3200 Ecclesiae
1755 3166 1889 3202 historia
1915 3169 2052 3207 exponit

1168 3215 1307 3259 Iacobus
1321 3215 1503 3249 Cardinalis
1518 3215 1559 3249 de
1583 3214 1752 3251 Vitriaco:
1783 3220 1828 3250 Ad
1848 3227 1968 3251 tantam
1990 3229 2051 3249 cor·
2064 3215 2144 3261 Cap.
2158 3228 2197 3264 15

1167 3271 1333 3307 ruptionem
1346 3266 1378 3298 (9·
1389 3265 1533 3306 defecVum
1543 3266 1709 3307 claustrales
1720 3271 1857 3302 mulieres
1871 3269 1976 3309 ubique
1979 3267 2050 3308 fere

1167 3317 1350 3349 devenerant
1363 3337 1372 3352 ‚
1399 3318 1480 3356 quod
1488 3323 1620 3352 convert»²
1633 3319 1763 3352 volentes
1775 3327 1870 3350 tutum
1884 3321 1925 3350 ad
1935 3329 1983 3350 eas
2006 3328 2050 3350 re-

1161 3365 1283 3409 fugium
1295 3375 1351 3399 non
1365 3363 1514 3399 habebant
1527 3391 1534 3398 .
1563 3369 1667 3406 Puffim
1680 3369 1714 3402 <5
1720 3368 1838 3409 publtce'
1858 3377 1913 3408 pro
1933 3365 2051 3410 misera·

1170 3416 1224 3449 but
1237 3415 1476 3454 Monasteriorum
1490 3418 1610 3459 ingr-eslii
1621 3424 1777 3459 pecuniam
1800 3417 1958 3459 exigebant
1969 3439 1979 3455 ,
2006 3418 2051 3450 al·

1169 3466 1305 3512 legantes
1313 3463 1401 3508 suam
1406 3474 1616 3510 paupertatem
1629 3493 1639 3510 ,
1667 3470 1701 3505 (τ
1720 3470 1756 3501 de
1776 3469 1902 3501 simonia
1928 3472 2050 3502 crimine

1884 3517 1995 3559 peffimo
