2366 3736
691 110 780 154 Dc
817 100 1132 152 Opr'ioNE
1171 101 1479 150 Pisonmu
1507 122 1544 153 1.

241 198 432 243 monstrarer,
456 207 528 241 ,quae
538 194 601 237 fine
630 195 788 236 testimonio
811 201 891 228 vocis
903 220 912 235 ‚
939 194 1027 235 causis
1053 192 1118 234 ipsis

241 250 372 289 &rebus
384 247 570 284 evidentibus
579 247 754 289 prabaretur
767 269 777 285 ‚
800 244 857 287 sed
880 255 912 278 ut
934 247 1004 277 vere*
1026 250 1118 276 mani-

232 300 366 342 fist-e'que
381 300 480 336 Filius
494 295 710 340 Detsecundt‘cm
722 306 838 334 carnem
846 293 879 338 se
890 295 1050 338 ostenderet
1063 305 1108 325 mo

237 359 384 385 murum.
413 354 457 383 Et
470 350 552 383 velut
562 352 660 380 carnis
677 345 765 388 ipsius
789 358 858 379 voce
876 356 963 379 utens
976 369 986 384 ,
1003 353 1118 385 ponens

233 408 424 446 praeteritum
433 401 592 443 profuturo
606 422 615 435 ,
641 403 714 439 quia
725 405 781 438 per
794 403 916 428 mortem
939 398 1046 427 Crucis
1070 406 1117 426 ne-

234 452 351 495 cessario
363 462 509 486 terrenum
522 456 624 489 carpus
634 457 699 481 erat
710 450 728 479 ἃ
741 450 801 480 Deo
811 455 867 488 pro
883 454 1009 486 tempore
1032 445 1117 477 relin-

233 504 385 544 ,quendum
396 527 406 543 ‚
433 498 589 542 nonsolicm
603 500 623 530 ἃ
636 501 697 531 Deo
714 523 723 538 ‚
749 498 853 537 veram
864 501 954 528 etiam
965 494 1002 526 ab
1014 494 1118 526 anima'

231 554 288 598 sua
298 578 308 594 ,
331 564 400 594 ¹quae
411 560 477 583 erat
489 555 576 583 unita
599 560 664 581 cum
687 553 748 581 Deo
762 571 773 586 ,
800 547 852 579 boc
876 544 973 587 ipsum
986 569 996 584 ,
1020 542 1115 587 prius-

234 604 415 654 qzqamfieret
425 629 434 643 ,
450 603 530 636 nobis
543 606 670 633 morlens
684 599 835 638 testaretur
847 621 854 628 .
885 597 924 629 Et
939 594 1034 628 infra:
1048 599 1115 626 Cor-

227 668 288 702 pus
301 662 332 688 in
343 663 437 687 morte
454 657 614 686 Divinitas
626 661 690 683 cum
701 655 789 681 unita
793 646 849 688 fibi
860 651 963 678 anima
977 646 1095 687 reliquit
1112 669 1118 675 .

231 708 315 742 Haec
350 705 487 748 epistola
513 703 557 736 est
598 702 730 734 summae
755 696 958 730 auctoritatis
980 718 987 726 .
1011 694 1115 736 Ipsam

230 755 352 800 quippe
391 746 526 788 laudant
565 752 703 794 Joannes
733 747 891 781 secundus
919 745 1076 779 Pontifex
1106 768 1116 783 ,

233 809 376 852 joannes
389 805 556 840 Caffianus
570 826 580 842 ,
607 795 1031 834 Facundus‘Hermianensis
1042 794 1113 837 Epi·

230 855 347 901 scopus
364 881 375 897 ,
400 866 437 889 ac
459 852 654 888 Gennadius
677 846 884 881 Massiliensis
906 870 913 877 .
943 845 1113 879 Caffianus

228 920 302 941 eam
326 906 466 951 appellat
495 901 711 937 Catholicorum
731 902 859 931 omnium
877 895 989 938 fidem.
1018 894 1112 936 Licet

230 955 498 1001 Leporiinomen
512 951 672 997 praeferat‚
699 947 891 990 quibusdam
911 944 1113 980 videturesse

228 1007 409 1050 ,composita
420 1007 437 1038 ὲ
451 1005 560 1040 sansto
574 999 782 1045 Augustino.
807 997 850 1031 Et
863 995 1030 1029 adducunt
1043 1006 1111 1028 non

227 1057 360 1091 infirma
372 1056 494 1090 indicia
506 1079 513 1087 .
541 1049 716 1098 Qiidquid
730 1049 786 1089 fit,
814 1046 985 1091 epistolam
1000 1044 1112 1088 proba-

227 1108 277 1146 vit
303 1102 572 1150 Cartbaginenfis'
591 1100 762 1144 Synodus‚
791 1099 823 1131 &
848 1097 902 1140 ipsi
925 1095 1112 1137 subscripse-

227 1165 305 1193 runt
316 1157 465 1190 laudatus
480 1153 685 1198 Augustinus
698 1174 708 1189 ,
736 1146 888 1181 Aurelius
902 1146 1025 1180 Primas
1038 1145 1111 1178 Car-

227 1198 428 1253 thaginensis
442 1231 451 1247 ‚
488 1203 674 1239 Florentius
696 1197 919 1242 Hipponensis
941 1196 1110 1238 Dian-yto-

227 1270 300 1293 rum
326 1281 336 1297 ,
372 1269 409 1291 ac
432 1253 598 1291 Secundus
622 1250 799 1294 Episcopus
836 1247 1021 1290 Aquenfis,
1061 1247 1111 1278 seu

226 1309 503 1353 Mogarmitanae.
535 1304 575 1336 Et
589 1304 721 1345 vulgata
733 1301 796 1333 fuit
821 1308 874 1340 per
896 1307 1011 1329 omnes
1036 1295 1110 1327 Gal-

223 1359 286 1392 iias
298 1383 309 1398 ,
337 1369 374 1391 ac
386 1348 518 1400 probata
532 1353 655 1387 cunetis
670 1348 853 1393 Episcopis.
881 1347 1014 1378 Horum
1041 1345 1105 1387 qui-

223 1410 328 1450 spiam
340 1406 385 1439 ob
397 1408 512 1438 restam
526 1403 593 1443 ejus
606 1399 789 1432 doctrinam
810 1394 983 1439 postmodo
1007 1394 1106 1437 Lepo

223 1458 307 1494 sium
322 1453 485 1499 promovit
497 1453 528 1484 in
544 1449 767 1490 Presbyterum
782 1471 789 1478 .

276 1507 357 1540 Non
369 1506 445 1538 dico
458 1501 546 1535 hunc
568 1498 710 1542 epistolae
723 1496 898 1530 articulum
921 1495 1012 1528 fuisse
1035 1506 1106 1537 pro·

225 1552 573 1592 batumabomnibus,
603 1559 656 1581 aur
679 1557 794 1580 omnes
817 1548 861 1580 ita
873 1546 1009 1578 senfiffe.
1039 1544 1105 1578 Ab·

223 1609 279 1641 sit.
308 1599 684 1639 Dumtaxatdicoistum
709 1598 901 1635 articulum,
931 1595 1007 1628 licet
1037 1606 1105 1628 om·

226 1654 308 1698 nin&
319 1656 505 1689 deviantem
520 1676 530 1691 ‚
558 1650 599 1685 ab
614 1650 753 1692 ipsorum
770 1647 861 1679 nullo
874 1645 964 1682 fuisse
974 1643 1103 1677 damna-

223 1717 320 1746 tum,
347 1705 542 1749 projectum,
573 1709 740 1733 notatum.
765 1696 868 1744 Qod
880 1705 996 1738 nempe
1015 1695 1104 1734 esset,

222 1757 370 1802 quamvis
390 1765 457 1788 non
472 1753 542 1787 vere
554 1749 750 1793 probabilis,
777 1748 885 1781 tamen
907 1756 1102 1789 magnorum

220 1805 428 1842 Doctorum.
458 1804 500 1837 Et
522 1802 603 1846 quin
621 1812 661 1833 ex
687 1800 829 1841 ipsorum
854 1796 982 1839 populis
1007 1794 1102 1828 multi

221 1857 287 1891 fint
311 1856 411 1890 secuti
435 1854 527 1886 istam
551 1849 763 1893 opinionem,
792 1859 859 1880 non
881 1846 926 1879 est
951 1844 1103 1879 dubitan-

220 1906 319 1941 dum.
349 1906 391 1938 Et
407 1914 515 1937 tamen
533 1911 702 1944 nunquam
715 1898 883 1935 credidero
897 1896 947 1930 vel
970 1895 1030 1929 hos
1053 1895 1101 1928 vel

218 1943 299 1990 “istos'
310 1966 365 1998 per
375 1953 464 1988 hunc
476 1962 612 1987 errorem
625 1949 793 1992 deliquisse
805 1946 985 1982 mortaliter
998 1971 1005 1978 .
1016 1945 1102 1993 Qis

219 2003 404 2041 enimistud
417 2002 524 2036 credat
534 2001 574 2034 de
594 2001 704 2033 san-sto
722 1998 855 2030 Hilario
878 2021 888 2036 ,
914 2006 968 2029 aut
991 1996 1101 2028 sancto

221 2053 399 2097 Ambrosio
413 2053 429 2085 ἒ
457 2052 543 2110 Qis
555 2049 643 2092 dicat
653 2047 726 2099 ipsis
737 2046 923 2082 credentem
936 2043 1099 2095 populum

1966 126 2028 172 41

1180 190 1331 229 cecidisse
1344 191 1376 225 in
1387 192 1510 230 crimen
1523 193 1539 224 ἓ
1566 193 1645 234 Haec
1657 191 1957 237 quidemrmaterih
1987 196 2064 231 licet

1182 242 1381 288 speculativa
1394 266 1404 282 ,
1430 242 1473 274 est
1487 253 1596 277 tamen
1609 235 1818 289 dogmaticas,
1846 243 1983 286 ideoque
1994 259 2062 284 om-

1183 293 1233 325 nis
1247 294 1334 325 circa
1347 292 1446 336 ipsam
1460 292 1562 336 lapsus
1576 294 1620 326 est
1633 295 1741 340 gravis
1753 306 1789 328 ac
1798 296 2026 343 gromenposus
2052 317 2062 330 ·

1186 344 1224 375 Et
1250 354 1288 376 ex
1311 342 1360 376 his
1378 340 1652 376 concludotria.
1710 344 1929 388 samm-quod
1963 347 2063 380 etiam

1183 393 1293 436 magni
1307 393 1414 426 Patres
1425 393 1483 425 flnt
1496 394 1694 436 quandoque
1709 394 1784 436 lapsi
1799 397 1831 428 in
1845 394 1928 428 male
1950 396 2065 430 funda·

1183 454 1230 475 tas
1270 444 1462 477 sententias.
1489 442 1663 482 Secundo,
1691 446 1780 486 quod
1814 446 1913 478 etiam
1947 445 2026 478 tales
2052 469 2064 485 ,

1182 491 1477 527 dummoddlibere
1497 492 1667 526 ambulent
1690 505 1742 535 per
1764 495 1957 535 Ecclesiam,
1995 495 2065 538 opi-

1183 544 1296 576 niones
1312 554 1412 577 nemo
1431 542 1585 575 damnare
1596 542 1689 584 poffit
1700 568 1711 582 ,
1732 554 1788 575 nec
1801 545 1986 588 quempiam
1997 545 2065 587 ejus

1182 595 1348 637 sequacem
1370 594 1387 626 a
1426 592 1640 626 Sacramentis
1677 592 1847 626 excludere
1870 618 1876 624 .
1903 595 2024 629 Tertid
2047 621 2060 636 ,

1181 643 1268 687 quod
1281 645 1387 680 curisti
1403 642 1623 686 probabilium
1640 666 1651 681 ,
1678 642 1753 675 licet
1765 643 1870 676 solum
1885 644 2064 685 probabili-

1180 695 1255 728 tatis
1266 695 1377 731 fucum
1393 692 1533 728 habeant
1545 717 1555 732 ,
1582 691 1780 735 opinionum
1792 694 1936 726 auctores
1949 706 2003 728 aut
2013 707 2063 740 pa-

1179 746 1266 778 troni
1281 755 1347 778 non
1363 744 1423 777 sint
1435 742 1655 776 universaliter
1667 742 1824 786 arguendi
1836 743 1877 775 de
1886 745 1976 786 gravi
1991 756 2062 787 pee-

1181 806 1256 827 cato
1269 818 1276 825 .
1305 796 1432 829 Locum
1444 793 1587 829 omnino
1599 792 1653 825 hic
1666 791 1763 830 habet
1785 792 1919 835 antiqua
1939 796 2060 837 regulat

1180 845 1277 878 Far‘la
1302 846 1410 877 vident
1437 843 1568 876 homines
1589 867 1599 882 ,
1627 848 1754 877 intentio
1783 843 1901 882 judicat
1922 855 2021 876 omnes
2053 869 2060 876 .

1177 895 1308 929 Sincera
1336 893 1457 931 mentis
1483 894 1672 940 simplicitas
1703 894 1836 930 excusat
1860 893 1963 927 multa
1989 905 2061 938 pec-

1177 957 1268 980 cara.

1226 996 1410 1029 Graffantes
1433 992 1533 1029 hodie
1557 994 1726 1029 libertinas
1751 994 1924 1028 sententias
1945 994 2022 1029 absit
2040 995 2060 1028 a.

1176 1057 1226 1080 me
1247 1057 1283 1080 ut
1315 1045 1504 1081 defendam.
1533 1045 1699 1079 Memoria
1720 1055 1816 1079 teneo
1837 1044 1932 1078 verba
1952 1070 1962 1085 ,
1990 1057 2059 1088 quae

1178 1096 1458 1131 Eminentiffimus
1479 1107 1516 1129 ac
1537 1095 1776 1135 Eruditiffimus
1800 1095 1945 1128 Ecclefiae
1967 1094 2060 1129 Prin-

1174 1157 1248 1190 ceps
1259 1146 1446 1183 Franciscus
1458 1145 1644 1183 Cardinalis
1661 1145 1852 1184 Barberinus
1864 1143 2059 1189 quibusdam

1176 1208 1230 1240 per
1250 1197 1501 1231 illustrissimum
1526 1197 1653 1234 Lucam
1675 1196 1889 1229 Holstenium
1911 1196 2059 1230 comestis

1176 1246 1315 1288 antiquae
1325 1245 1503 1288 disciplina-2
1516 1245 1663 1280 Decretis
1671 1246 1808 1288 praefixit
1821 1246 1854 1278 in
1870 1246 2059 1287 Inscriptio-

1176 1307 1216 1328 ne
1227 1296 1266 1328 ad
1276 1295 1408 1337 optimae
1419 1296 1582 1327 memoriae
1607 1294 1805 1328 Pontificem
1827 1294 2057 1332 Alexandrum

1174 1345 1364 1387 septimum:
1393 1344 1588 1379 Erudttorum
1606 1368 1615 1383 ,
1643 1342 1770 1385 quibaec
1784 1345 1949 1384 viderunt,
1980 1346 2060 1378 Bea-

1171 1397 1272 1434 tiffime
1287 1397 1397 1434 Patet,
1424 1404 1537 1426 concors
1548 1398 1644 1434 opinio
1660 1392 1719 1433 est,
1745 1393 1886 1426 multam
1898 1392 1953 1426 hac
1977 1395 2058 1429 colle-

1172 1446 1416 1488 monumenti,
1442 1454 1510 1486 quae
1524 1443 1718 1477 orthodoxum
1743 1446 1859 1486 Dogma
1878 1441 2019 1486 sanciant
2044 1468 2055 1483 ,

1170 1498 1320 1537 quaejura
1332 1503 1436 1528 vetera
1447 1494 1531 1531 sedis
1548 1493 1713 1535 Apostolrcae
1735 1493 1877 1535 illustrent
1889 1518 1900 1532 ,
1927 1506 1994 1536 quae
2014 1496 2058 1528 la-

1169 1553 1296 1577 xitatem
1315 1545 1501 1586 obrepentem
1525 1543 1677 1576 hodiernis
1705 1543 1833 1576 moribus
1856 1543 1950 1577 cinc‘lu
1974 1543 2059 1586 quasi

1163 1594 1322 1638 severium
1336 1593 1501 1637 disciplmae
1513 1599 1626 1627 veteris
1638 1593 1825 1637 adstringant
1840 1618 1849 1632 ‚
1875 1606 1943 1636 quae
1973 1596 2056 1628 dem·-

1168 1657 1222 1687 que
1231 1643 1378 1687 plerisque
1392 1651 1516 1686 inquieti
1535 1643 1626 1685 hujus
1639 1642 1903 1686 &fac‘liofisaeculi
1925 1646 2013 1677 malis
2040 1670 2054 1686 ,

1168 1698 1299 1729 maxime*
1311 1705 1411 1728 autem
1419 1699 1568 1738 prurigini
1579 1701 1749 1739 navitarum
1760 1719 1770 1734 ,
1797 1706 1864 1736 quae
1872 1703 2051 1728 caeterarum

1160 1744 1230 1786 fer?
1247 1745 1368 1787 pestium
1382 1745 1454 1787 fons
1464 1744 1502 1784 est
1515 1770 1526 1785 ,
1553 1745 1728 1787 aptiffimum
1749 1745 1910 1777 remedium
1920 1745 1970 1787 effe
1988 1744 2055 1789 pos-

1161 1795 1237 1835 sim.
1267 1796 1383 1838 impeti
1397 1795 1492 1829 debet
1515 1797 1547 1829 &
1569 1795 1631 1828 alia
1655 1796 1774 1838 species
1788 1820 1798 1835 ,
1825 1806 1896 1838 quae
1915 1805 2052 1835 omnem

1167 1856 1282 1879 contra
1293 1846 1456 1883 naturales
1470 1847 1737 1890 praesertimleges
1759 1844 1961 1887 probabilem
1984 1847 2053 1879 sen·

1167 1896 1302 1930 tentiam
1328 1921 1339 1937 ‚
1367 1907 1405 1930 ac
1425 1896 1541 1929 omnia
1562 1896 1602 1929 ab
1625 1896 1695 1939 ipso
1720 1895 1929 1937 procedentia
1950 1906 2050 1938 opera

1165 1947 1272 1980 censet
1285 1947 1347 1980 esse
1360 1957 1491 1989 peccata
1505 1945 1655 1980 mortalia
1671 1971 1676 1978 .
1707 1945 1854 1979 Confido
1872 1945 1934 1978 effe
1947 1945 2048 1979 abun·

1165 1995 1205 2029 de
1225 1997 1394 2029 revictam.
1426 1996 1469 2029 Et
1486 1996 1635 2032 adversus
1658 1996 1760 2040 ipsam
1784 1995 1903 2035 adduci
1928 1996 2048 2040 possint

1164 2044 1272 2086 adhuc
1295 2046 1399 2085 multa
1421 2045 1500 2085 alia.

318 3502 424 3544 Christ.
437 3504 516 3547 Lupi
527 3507 627 3546 opera
638 3506 717 3536 Tom.
741 3505 774 3535 X
776 3504 801 3536 1.

1889 3496 2025 3531 DIS·
