2366 3736
650 121 713 156 IN
750 107 1154 162 PELAGMNAM
1190 102 1507 152 HAERnsrm.

1878 121 1974 171 179

191 193 259 232 bita
291 195 386 238 nostra
398 220 410 238 ,
431 203 467 231 ut
492 207 552 242 pro
569 197 641 233 aliis
663 195 771 242 potins
788 217 800 234 .
829 192 925 243 quam
949 202 1008 236 pro
1029 193 1062 227 se
1125 200 1158 227 in
1179 193 1282 227 verbis
1299 190 1387 235 fiais,
1405 193 1503 236 eisque
1525 193 1706 240 Baptismus
1727 205 1760 229 re
1782 195 1817 231 &³
1836 197 1953 239 verbis,
1964 195 2000 228 id

191 248 294 296 justus
312 257 419 292 petere
439 248 666 294 intelligatur,
686 242 859 282 anathema
878 243 936 277 sit.

1113 243 1182 285 ⁸est,
1204 253 1312 286 opere,
1330 242 1508 284 confefflme,
1529 257 1563 279 ae
1582 248 1736 287 remtffione
1760 257 1835 279 vera
1863 255 1994 289 peccato·

244 299 376 334 Sanssus
395 298 486 333 enim
507 300 540 334 dc
561 299 663 342 justus
682 303 749 331 erat
771 293 951 338 Apostolus
973 293 1061 336 Jaco-
1111 293 1211 336 frum,
1233 301 1265 326 in
1285 299 1364 325 omne
1379 291 1474 336 sexu,
1497 305 1607 335 aetate,
1629 299 1663 330 (9⁹
1691 298 1856 331 conditione
1872 303 1995 341 generis·

191 351 267 390 bus,
286 348 362 383 cum
383 348 521 385 dicebat:
543 354 581 383 In
603 347 704 382 multis
715 351 794 380 enim
815 344 991 386 offendimus
1003 355 1061 375 om-

1126 345 1252 377 bumam'
1263 346 1388 377 eandem
1397 345 1614 385 plenitudinem
1625 356 1711 380 tenet.
1724 347 1838 380 Nullus
1850 346 1999 389 entm,ntfi

194 412 255 435 nes.
277 396 367 432 Nam
378 411 476 444 quare
498 400 557 440 est,
567 396 761 437 omnes,nis1
776 405 813 431 ut
835 394 892 429 ista
905 394 1063 428 sententia
1111 389 1178 437 *qut
1200 402 1314 437 peccati
1330 393 1438 437 servus
1459 394 1497 437 est
1508 419 1518 434 ,
1540 396 1613 428 liber
1636 398 1755 437 efficitur·
1773 421 1784 436 ‚
1818 408 1869 431 nec
1885 399 2000 431 redem-

191 450 429 488 conveniret&
441 449 584 488 Psalmo,
604 446 660 487 ubi
680 447 811 491 legitur:
836 450 1010 479 Nonmtres
1031 449 1064 477 in
1122 454 1192 487 ptus
1208 446 1266 477 dict·
1275 445 1378 490 potest,
1391 442 1502 486 m‘fiqut·
1522 447 1594 480 vere
1612 454 1666 487 per
1674 455 1826 487 peccatum
1845 456 1915 480 ante
1929 447 2002 490 fue-

189 502 341 543 Judicium
365 511 430 535 cum
446 498 609 543 servarim,
633 503 705 542 quia
725 507 782 531 non
798 495 1008 540 justificabunt·
1032 500 1065 528 in
1124 503 1168 529 rit
1189 502 1354 536 captivus,
1371 497 1427 528 (τε.
1457 493 1587 528 Eisdem
1609 497 1811 530 sacramenti
1832 498 1935 532 verbis
1964 499 2000 539 ὃς

187 544 344 593 ⁴conspec'i'u
353 560 404 584 tuo
422 554 516 583 omnis
529 554 651 582 vivens.
680 549 724 582 Et
735 549 770 581 in
781 547 932 582 oratione
944 547 1065 588 [apien-
1109 523 1272 589 lparvulos
1283 545 1317 578 ὃ(
1333 544 1469 586 majores
1482 543 1692 587 baptizandos
1713 546 1864 590 Pelagius
1891 548 1926 581 in
1941 549 2004 584 suo

192 600 305 637 tiffimi
323 599 529 634 Salomonis:
553 602 627 633 Non
647 599 684 639 est
706 598 790 632 bomo
809 603 861 640 qut
881 607 938 629 non
956 605 1063 638 peccet.
1125 595 1237 630 libello
1250 619 1260 635 ,
1288 606 1343 638 per
1354 595 1518 637 Baptisma
1532 595 1600 635 fieri
1614 597 1711 630 etiam
1724 597 1934 640 parvulorum
1958 610 2005 633 re·

191 649 238 684 Et
250 650 282 683 in
297 647 383 684 libro
394 648 480 694 Jobg
504 654 541 682 In
551 661 643 684 manu
653 655 750 684 omnis
761 647 887 681 bominis
894 645 992 692 signat
1006 671 1017 687 ‚
1031 657 1064 680 ut
1124 645 1350 689 demptionem
1374 645 1501 679 dixerat
1521 644 1635 679 dolose
1657 646 1741 688 apud
1766 647 2004 690 Carthaginem

189 698 373 746 sclatomnis
385 699 686 742 homoinfirmttatem
707 699 812 744 fuam.
840 695 947 732 Unde
962 698 1063 731 etiam
1126 695 1304 734 Celestius.
1333 695 1404 728 Has
1425 695 1551 729 fraudes
1572 696 1706 729 damnat
1729 695 1907 736 Pontifex,
1936 697 2006 740 saru-

190 749 314 788 Daniel
326 749 450 784 santstus
460 749 494 784 ὅ(
503 750 613 793 justus,
635 749 709 785 cum
723 751 756 784 in
769 747 920 786 oratione
932 746 1063 790 plurali-

190 808 240 836 ter
250 798 383 840 diceret‚
395 803 604 842 Peccavimus,
614 804 801 843 iniquitatem
803 798 948 840 fecimus,
963 798 997 831 δε
1009 810 1063 831 cae-

190 856 271 890 tera,
281 860 349 893 quae
358 849 405 884 ibi
419 852 574 887 veraciter
584 853 619 885 ἀ
631 850 799 884 humiliter
811 849 989 882 confitetur
1001 872 1013 888 ,
1024 853 1074 881 ne'

190 907 358 948 putaretur
368 925 378 941 ,
390 900 668 944 ,quemadmodum
681 900 815 944 quidam
830 898 988 938 sentiunt,
998 897 1066 935 haec

190 959 260 983 non
273 951 314 984 de
326 951 389 984 suis
401 975 411 990 ‚
428 951 480 984 sed
494 952 535 984 de
550 950 663 994 populi
677 952 724 985 sui
736 950 846 994 potius
858 949 973 983 dixisse
995 961 1065 992 pec-

191 1000 274 1033 catis
292 1024 304 1040 ‚
336 999 447 1042 postea
470 999 572 1036 dicit.-
602 1001 680 1033 Ciam
708 1002 890 1039 oraremss&
916 999 1065 1041 confiterer

185 1057 312 1099 peccata
318 1060 396 1089 mea,
407 1051 441 1084 θ
447 1058 570 1092 peccata
576 1052 680 1092 populi
691 1057 748 1086 mei
760 1055 885 1084 Domino
898 1054 957 1085 Deo
966 1050 1066 1091 nostro:

189 1099 302 1136 noluit
311 1098 419 1134 dicere
431 1124 443 1141 ,
467 1104 596 1134 Peccata
607 1101 703 1142 nostra
716 1126 727 1142 ‚
751 1101 805 1135 sed
818 1103 852 1136 ὃς
875 1101 989 1144 populi
1019 1101 1067 1134 sui

188 1147 289 1189 dixit,
311 1149 346 1184 ὅ(
364 1151 431 1192 sua,
451 1151 528 1197 quia
549 1153 679 1186 futuros
699 1151 792 1193 istos,
813 1152 871 1196 qui
893 1162 962 1186 tam
983 1150 1070 1187 male

189 1198 434 1247 intelligerent,
460 1212 629 1245 tamquam
650 1201 816 1248 Propheta
843 1202 1009 1247 praevidit.

288 1299 791 1342 CAPITULUM
852 1302 972 1340 V111.

238 1397 323 1434 Item
336 1400 458 1444 placuit
470 1426 482 1442 ,
494 1411 529 1436 ut
540 1403 740 1446 quicumque
751 1402 847 1436 verba
864 1403 928 1447 ipsa
953 1401 1072 1435 Domi·

188 1448 272 1485 nica:
282 1450 468 1492 Orationis,
491 1451 547 1489 ubi
560 1451 714 1491 dicimus,
735 1456 864 1485 Dimitte
876 1451 958 1484 nobis
971 1453 1074 1484 debita

189 1499 297 1540 nostra,
310 1501 356 1534 ita
369 1502 487 1535 volunt
499 1501 517 1534 a
528 1500 651 1536 Sanctis
663 1500 745 1542 dici,
755 1512 793 1535 ut
809 1501 991 1543 humiliter,
1005 1511 1073 1536 non

189 1550 347 1583 veraciter
357 1549 422 1585 hoc
434 1551 750 1592 dicatur,anathema
761 1553 808 1586 fit.
821 1553 908 1599 Qis
919 1553 1009 1586 enim
1025 1553 1075 1585 fe-

189 1609 239 1632 rat
253 1608 416 1640 orantem,
427 1602 462 1637 δε
476 1611 542 1635 non
556 1600 760 1642 hominibus,
773 1602 828 1636 sed
841 1602 897 1645 ipsi
921 1602 1076 1636 Domino

188 1649 406 1684 mentientem
417 1675 428 1691 ,
440 1652 497 1694 qui
512 1652 606 1686 labiis
617 1652 673 1686 fibi
684 1652 765 1685 dicit
778 1650 904 1685 dimitti
917 1652 1019 1693 velle,
1042 1652 1075 1693 ἀ

187 1699 288 1789 {orde
298 1699 464 1746 dicit‚quae
475 1701 798 1743 fibidimittantur,se
810 1702 921 1737 debita
935 1713 1005 1737 non
1022 1700 1077 1738 ha-

212 1749 275 1783 ere?

287 1798 631 1837 RELATlo
681 1800 976 1837 SYNODI

336 1848 416 1885 ET
441 1850 923 1889 CONFIRMATIO.

294 1950 330 1986 N
352 1949 387 1984 &
407 1951 466 1995 qui
492 1963 625 1986 morum
646 1951 804 1985 Canones
825 1952 890 1985 fint
912 1951 999 1985 editi
1033 1951 1075 1987 ab

200 2036 204 2039 ,
309 1999 538 2043 hacSynodo,
558 2000 603 2034 est
623 2000 686 2034 alia
710 1999 865 2041 quaestio.
894 2001 1001 2035 Lucet
1028 2001 1073 2034 in·

190 2051 285 2085 terim
304 2050 380 2083 fidei
403 2050 559 2094 Capitula
581 2051 644 2084 esse
656 2060 803 2084 truncata
816 2074 824 2082 .
854 2048 970 2084 Photii
982 2052 1072 2085 enim

189 2099 297 2133 codex
319 2099 435 2135 habuit
455 2111 579 2135 novem
593 2123 604 2140 ,
627 2100 731 2133 nobis
751 2101 825 2133 sunt
841 2101 948 2138 solum
975 2102 1072 2135 οᾶο.

190 2148 321 2193 Nempe
342 2151 475 2185 tertium
483 2151 524 2185 de
541 2150 759 2185 parvulorum
782 2149 870 2187 inter
882 2149 1071 2184 Paradisum

189 2199 223 2238 dt
243 2199 371 2236 Inferos
392 2200 592 2238 mediolaco
612 2199 657 2232 est
680 2198 851 2233 sublatum.
877 2199 989 2233 Etiam
1014 2199 1071 2242 Sy-

189 2248 317 2283 nodulis
338 2250 380 2284 ad
401 2248 598 2286 Pontificem
620 2247 754 2282 Relatio
768 2259 830 2283 nos
852 2247 951 2283 latet.
991 2248 1073 2292 Ejus

190 2299 411 2342 fragmentum
432 2299 537 2334 exstat
560 2298 645 2341 apud
657 2298 801 2331 faustum
823 2297 1018 2342 Prosperum
1036 2300 1070 2333 in

189 2348 292 2382 Libro
312 2360 427 2384 contra
450 2348 677 2383 Collatorem:
714 2347 927 2389 constituimus
954 2354 988 2381 in
1015 2351 1070 2382 Pe-

189 2399 299 2442 lagium
324 2410 414 2441 atque
436 2398 594 2439 celestium
616 2406 672 2440 per
705 2397 907 2432 venerabilem
945 2397 1070 2442 Episco-

186 2456 260 2490 pum
285 2451 485 2483 Innocentium
511 2450 548 2483 de
573 2448 724 2488 beatissimi
752 2447 878 2490 Apostoll
905 2451 994 2481 Petri
1021 2452 1068 2482 se·

1126 748 1215 780 ciens
1226 746 1391 789 Baptisma
1404 746 1438 781 ὅε
1451 747 1484 779 in
1498 746 1639 788 parvulis
1650 747 1731 779 &in
1745 745 1922 788 majoribus
1934 746 2005 781 fieri

1128 808 1195 831 non
1211 796 1315 833 solum
1326 796 1445 830 eisdem
1462 794 1590 836 verbis,
1613 797 1666 830 sed
1688 796 1720 830 &
1742 797 1857 829 eodem
1878 795 2005 832 effectu.-

1128 846 1269 881 Nullum
1292 847 1369 880 item
1381 846 1595 891 possetedirni
1609 871 1620 887 ‚
1642 846 1702 880 nifi
1726 846 1783 884 sub
1796 856 1932 889 peccato
1955 857 2008 880 ca·

1129 908 1270 942 ptivum.

1177 946 1387 987 Articulum,
1407 957 1477 992 quo
1499 947 1566 982 sine
1586 947 1772 981 animarum
1791 944 1927 981 traduce
1939 957 2010 990 pee-

1128 998 1192 1032 cati
1204 998 1369 1035 traducem
1380 996 1462 1032 stare
1474 1008 1541 1032 non
1553 998 1640 1041 posse
1653 996 1832 1032 blaterabat
1844 997 2010 1041 Pelagius,

1128 1048 1221 1083 fuisse
1233 1047 1288 1082 hic
1308 1049 1408 1082 etiam
1420 1048 1615 1082 damnatum
1627 1073 1638 1089 ‚
1662 1047 1784 1081 ibidem
1802 1047 2010 1092 Augustinus

1130 1098 1296 1133 adfirmat.
1326 1098 1404 1133 Alia
1415 1098 1482 1142 ejus
1492 1099 1676 1145 fragmenta
1689 1098 1788 1133 habes
1811 1098 1845 1130 in
1871 1097 2010 1132 Celesti·

1132 1151 1165 1182 ni
1186 1149 1227 1185 ad
1249 1148 1367 1183 Galliae
1388 1148 1563 1184 Antistites
1588 1148 1756 1192 Epistola,
1782 1149 1815 1182 ὅ(
1842 1147 1878 1182 in
1901 1147 2011 1183 Sansti

1133 1200 1279 1242 Prosperi
1301 1199 1386 1232 libro
1404 1198 1553 1236 adversus
1572 1200 1787 1235 Collatorem.

1147 1262 1150 1265 ’
1184 1250 1266 1283 Haec
1277 1248 1323 1283 est
1337 1249 1483 1292 Epistola
1495 1274 1506 1290 ‚
1531 1250 1680 1284 adverstis
1692 1260 1790 1293 quam
1816 1248 2014 1293 Pelagiano-

1134 1311 1203 1334 rum
1217 1297 1355 1337 Goliath
1369 1300 1515 1342 Julianus
1527 1300 1644 1343 scripsit
1667 1300 1709 1334 ad
1734 1299 1860 1333 Rufum
1874 1298 2013 1340 Episco-

1136 1361 1214 1394 pum
1236 1347 1586 1384 Thessalonicensem:
1618 1353 1746 1385 Romam
1765 1349 1861 1380 clerici
1877 1347 2014 1386 Juffionts

1134 1408 1241 1433 terrore
1266 1396 1393 1441 perculsi
1412 1424 1422 1440 ,
1455 1410 1513 1432 non
1538 1400 1717 1432 erubuerunt
1749 1400 2015 1439 praevaricatlonis

1135 1456 1247 1483 crimen
1257 1451 1463 1490 admittere,ut
1471 1458 1576 1484 contra
1583 1456 1715 1492 priorem
1721 1446 1904 1491 sententiam
1911 1444 1937 1489 s
1931 1457 2015 1486 uam,

1137 1511 1196 1542 qua
1208 1499 1301 1539 Gestis
1315 1499 1466 1534 Catholico
1477 1501 1609 1544 dogmati
1630 1498 1795 1541 adfuerant
1806 1522 1817 1538 ‚
1832 1497 1929 1539 posted
1947 1504 2016 1538 pro-

1139 1562 1198 1583 nun
1204 1557 1316 1583 tiarent
1328 1551 1441 1584 malam
1453 1549 1602 1585 hommum
1614 1550 1665 1592 esse
1676 1558 1823 1582 naturam.
1836 1548 2017 1582 Terrorem

1140 1600 1232 1636 illurn
1253 1601 1395 1634 evenisse
1419 1600 1487 1634 vult
1508 1600 1525 1633 ὲ
1550 1600 1688 1642 justione
1710 1597 1847 1641 papali,
1869 1598 1923 1631 cui
1946 1607 2019 1630 non

1140 1650 1374 1685 tantummodo
1405 1650 1438 1683 in
1460 1651 1553 1684 suum
1576 1649 1732 1691 Clerum,
1753 1648 1854 1682 sed&
1873 1648 1907 1684 in
1929 1647 2021 1683 suam

1139 1701 1238 1735 etiam
1256 1699 1509 1735 patriarchalem
1530 1702 1703 1743 Synodum
1727 1700 1789 1733 fuit
1809 1699 1931 1741 semper
1952 1698 2021 1740 ple-

1142 1763 1183 1785 na
1205 1762 1302 1796 atque
1317 1750 1548 1795 irrefragabilis
1559 1749 1710 1793 potestas,
1731 1747 1911 1782 admodum
1922 1747 2022 1781 exosa.

1140 1801 1341 1846 Pelagianis.
1370 1799 1522 1843 Epistolae
1542 1800 1655 1834 clerus
1670 1797 1904 1844 subscripseras:
1917 1795 2023 1844 Qec!

1139 1851 1229 1886 enim
1250 1851 1316 1885 fine
1336 1849 1494 1884 Dominis
1513 1848 1742 1884 Cardinalibus
1762 1846 1921 1882 Pontifex
1934 1844 2027 1881 nihil

1139 1901 1274 1941 sanciat,
1294 1901 1338 1935 est
1359 1900 1579 1944 antiquissima
1591 1899 1752 1935 Romanae
1774 1898 1921 1934 Ecclefiae
1943 1909 2022 1933 con·

1140 1951 1277 1986 suetudo
1290 1975 1298 1983 .
2023 1974 2027 1978 .

1189 2001 1272 2034 Acta
1283 2000 1349 2034 haee
1371 2000 1446 2038 sunt
1458 1999 1593 2034 modico
1613 2010 1691 2035 ante
1715 2000 1858 2047 Zozymi
1878 2007 2020 2035 mortem

1138 2061 1291 2094 tempore.
1314 2049 1453 2085 Hinein
1477 2051 1567 2085 istius
1594 2051 1865 2094 praevaricationis
1889 2061 2022 2094 poenam

1138 2101 1282 2145 Julianus
1294 2099 1463 2134 blateravit
1477 2100 1643 2135 Bonifacii
1657 2100 1839 2135 successoris
1864 2099 2018 2135 electioni

1135 2149 1302 2184 obvenisse
1325 2149 1463 2184 schisma
1483 2149 1695 2184 Eulalianum
1709 2175 1716 2182 .
1744 2150 1950 2194 Augustinus
1963 2160 2021 2183 ve·-=

1136 2200 1173 2232 ro
1192 2196 1376 2242 respondit:
1405 2201 1559 2241 ,Quaenam
1571 2201 1699 2240 tandem
1711 2199 1845 2242 Epistola
1866 2209 2019 2232 veneran-

1136 2250 1186 2282 dae
1205 2252 1349 2282 memoriae
1368 2250 1464 2289 Papae
1487 2248 1610 2288 Zozymi
1625 2273 1635 2288 ,
1655 2259 1721 2291 quae
1746 2250 1929 2283 interlocutio
1942 2258 2021 2291 repe·

1136 2304 1234 2339 risur,
1262 2298 1315 2331 ubi
1331 2302 1508 2340 praeciperet
1530 2300 1611 2332 credi
1631 2307 1762 2341 oportere
1774 2298 1836 2340 sine
1862 2299 1920 2332 ullo
1941 2299 2021 2333 vitio

1131 2354 1249 2391 peccati
1255 2349 1408 2391 originalis
1422 2347 1553 2381 homtnes
1565 2347 1822 2393 nasci?Nusquam
1833 2347 1955 2391 prorsus
1967 2349 2020 2383 boe

1134 2397 1400 2441 d1x1t‚nusqudm
1408 2401 1526 2432 omnin&
1539 2397 1702 2441 conscripsit
1715 2424 1722 2431 .
1748 2400 1848 2432 Locis
1870 2398 1902 2430 in
1921 2399 2019 2433 variis

1135 2447 1218 2482 istud
1236 2448 1340 2491 ipsum
1365 2447 1517 2482 inculcat.
1548 2449 1776 2483 Adseverati&
1790 2448 1823 2480 in
1843 2447 1926 2482 libro
1938 2459 2018 2482 con-

191 2499 229 2531 de
246 2501 396 2538 prolatam
423 2510 543 2532 manere
561 2496 756 2540 sententiam,
784 2500 874 2532 donec
893 2500 1070 2540 apertiffima
1133 2508 1180 2532 tra
1194 2498 1402 2532 Collatorem
1421 2499 1551 2532 sanstus
1576 2498 1732 2539 Prosper.
1764 2498 1817 2531 De
1831 2498 1899 2531 sola
1913 2497 2018 2533 dolosi

190 2546 355 2588 confeffione
374 2547 518 2589 fateatur
542 2550 654 2580 Gratia
683 2551 737 2580 Det
761 2556 818 2588 per
838 2551 871 2596 J
873 2545 954 2590 esum
979 2549 1069 2582 Chri-

186 2597 265 2638 stum
292 2602 451 2632 Dominum
477 2596 623 2637 nostrum,
651 2607 708 2629 non
725 2595 819 2639 solfvn
841 2598 885 2630 ad
903 2596 1068 2641 cognoscen-

1134 2548 1266 2583 Celestii
1287 2549 1433 2590 persona;
1454 2558 1521 2579 non
1533 2547 1575 2580 de
1598 2547 1746 2581 Ecclesiae
1757 2546 1915 2591 dogmate
1931 2548 2018 2582 Pon·

1133 2599 1254 2632 tificem
1265 2597 1356 2633 fu³ffe
1368 2597 1812 2638 circumscriptum,facunde
1826 2597 1859 2631 in
1876 2599 2017 2641 septimo

191 2648 264 2684 dam
276 2672 287 2689 ,
313 2649 421 2682 verum
438 2651 530 2680 etiam
550 2648 595 2679 ad
605 2645 782 2688 faciendam
794 2646 942 2687 ‚iustitiam
969 2672 982 2689 ,
1016 2660 1067 2682 nos
1132 2649 1190 2683 suo
1210 2648 1295 2683 libro
1316 2646 1514 2682 demonstrat
1541 2646 1716 2683 Facundus
1729 2647 1908 2693 Episcopus
1931 2649 2019 2683 Her·

187 2706 243 2740 per
268 2699 353 2731 aeus
373 2697 501 2742 singulos
525 2698 697 2737 aaljuvart,
717 2702 763 2729 tta
784 2704 817 2730 ut
830 2695 892 2738 fine
914 2698 971 2731 illa
990 2698 1071 2731 nibil
1133 2698 1325 2733 mianensis.

189 2759 272 2786 verae
290 2747 463 2792 sandaeque
483 2753 610 2789 pletatts
636 2746 765 2787 babere,
791 2753 937 2791 cogitare,
958 2748 1065 2787 dcere,

190 2810 274 2849 agere
300 2799 477 2837 valeamus,
505 2797 548 2832 Et
571 2796 639 2831 haec
660 2797 694 2830 in
719 2795 894 2842 Pelagium
917 2798 952 2831 dc
975 2797 1067 2833 Cele-

190 2848 286 2883 stium
311 2849 424 2883 iterata
449 2847 609 2882 sententia
631 2846 728 2880 nobis
752 2847 854 2881 etiam
881 2847 968 2882 deest
983 2873 990 2880 .

241 2898 284 2933 Et
306 2899 392 2933 hanc
410 2897 613 2942 Synoduma
625 2897 766 2936 Zozimo
789 2896 882 2932 fuisi'e
892 2899 1067 2933 confirma-

189 2956 256 2983 tam
271 2973 282 2989 ,
303 2949 412 2993 jam&
430 2951 449 2983 a
470 2949 598 2983 Photio
619 2948 806 2982 audivimus
826 2948 859 2982 δι
879 2948 897 2982 a
918 2949 949 2982 S.
976 2948 1068 2983 Pros-

191 3009 285 3041 pero.
309 3000 532 3051 Qodipsum
545 2999 581 3032 in
602 2997 703 3032 literis
723 2997 763 3031 ad
776 2997 967 3032 Gallicanos
981 2999 1070 3042 Epis-

190 3058 291 3090 copos
298 3052 430 3084 testatur
440 3048 557 3084 diserte
569 3049 600 3082 S.
611 3048 799 3083 Celestinus
819 3048 845 3081 P
855 3049 986 3083 ontifex
998 3073 1008 3088 ‚
1035 3050 1069 3083 ἀ

189 3098 372 3141 frequentet
389 3100 420 3134 S.
434 3099 642 3145 Augustinus
653 3123 661 3130 .
690 3098 732 3133 Et
744 3098 878 3140 quidem
898 3100 1071 3134 confirma·

190 3149 240 3182 tio
263 3149 325 3183 suit
345 3150 511 3196 insigniter
532 3148 725 3194 fingularis:
748 3147 882 3191 Utpote
907 3150 991 3183 fasta
1016 3160 1088 3194 per,

191 3198 406 3241 Encyclicam
433 3200 475 3235 ad
493 3200 659 3235 universos
692 3197 751 3233 sub
781 3199 867 3233 coelo
889 3197 1087 3244 Episcoposi

190 3247 377 3292 Epistolam
395 3273 407 3290 ,
433 3261 496 3294 qua
521 3251 667 3295 singulos
690 3253 808 3284 erroris
834 3249 991 3284 articulos
1015 3260 1071 3283 ex·

1133 2801 1237 2832 Prima
1262 2799 1382 2831 Honoris
1403 2807 1439 2831 ac
1458 2795 1604 2837 Theodofit
1633 2796 1822 2841 Augustorum
1853 2797 2020 2832 adversam

1430 2847 1611 2891 Pelagianos
1640 2851 1716 2882 Lex.

1213 2947 1380 2992 Elagianae
1395 2947 1535 2991 perfidia:
1567 2948 1739 2982 sestatores
1770 2946 1855 2982 adeo
1882 2949 2016 2983 fuerunt

1222 2997 1435 3042 multiplicati
1459 3009 1514 3041 per
1535 2997 1714 3031 Ecclesiam
1741 3023 1752 3039 ,
1784 3009 1820 3032 ut
1851 2999 1891 3032 ad
1919 3000 2017 3033 lnnoe

1130 3050 1275 3084 centium
1298 3048 1503 3082 Pontificem
1529 3047 1687 3091 scripserit
1707 3049 1834 3082 sanstus
1863 3049 2020 3094 Augusti-

1132 3111 1205 3134 nus.-
1219 3101 1284 3135 ulis
1295 3099 1489 3141 undequaque
1496 3098 1590 3139 plena
1600 3096 1671 3140 sunt
1682 3105 1799 3131 omnia.
1824 3098 1933 3133 Etiam
1947 3099 2018 3133 Ro-

1131 3150 1293 3185 maefuiffe
1312 3149 1418 3193 plures
1430 3148 1543 3181 docuit
1566 3159 1721 3183 eventus.
1749 3149 1906 3184 Laudatis
1929 3151 2020 3183 enim

1130 3201 1271 3243 Zozymi
1284 3199 1385 3233 literis
1398 3197 1431 3231 hi
1444 3198 1555 3231 offensi
1573 3209 1788 3242 provocarunt
1801 3200 1841 3233 ad
1869 3199 2020 3232 Honori-

1131 3260 1188 3285 um
1208 3249 1415 3295 Augustum,
1440 3248 1639 3282 Ravennam
1665 3247 1771 3283 abiere
1805 3251 1846 3283 ad
1874 3249 2021 3282 Comita-

191 3298 316 3342 preffim
343 3298 531 3335 damnavit.
556 3301 685 3336 Grandi
710 3300 856 3334 Ecclesiae
880 3300 1070 3335 damnoilla
1129 3299 1428 3341 tum,Romanam
1442 3298 1538 3332 fidem
1549 3299 1727 3333 effelaesarn
1742 3300 1813 3333 sunt
1840 3300 1961 3343 questi,
1986 3298 2021 3331 ἀ

192 3349 270 3383 latet
285 3373 297 3389 ,
322 3360 395 3384 eam
416 3359 527 3383 tamen
547 3352 734 3396 frequenter
760 3351 874 3384 laudat
898 3350 930 3384 S.
956 3356 1071 3396 Augu·

1131 3350 1273 3396 Augusti
1295 3348 1419 3384 brachii
1444 3348 1647 3390 postularunt
1673 3349 1888 3384 medicinam:
1918 3348 2025 3387 zozy-

193 3398 318 3438 stinus‚
342 3399 512 3443 &insigne
522 3399 588 3442 ejus
606 3403 827 3445 fragmentum
839 3401 903 3435 suis
918 3400 958 3435 ad
970 3402 1071 3445 opta·
1130 3411 1223 3435 mum
1244 3398 1435 3435 austeritate
1458 3399 1608 3444 Augusta
1643 3401 1683 3434 ad
1719 3401 1955 3434 retraffimsum
1989 3399 2023 3432 &

194 3459 264 3486 mm
287 3450 485 3496 Episcopum
495 3449 594 3486 literis
606 3451 760 3487 inseruit:
786 3452 904 3486 Fidelis
927 3455 1071 3487 Dominus
1132 3450 1371 3490 tecantandum
1392 3447 1496 3485 hocce
1519 3448 1679 3495 judicium
1709 3451 1785 3494 cogi
1813 3447 2024 3494 flagitatum.

1913 3498 1978 3532 Lu·
