2366 3736
675 39 1080 84 Stati

216 128 251 160 Θ
263 138 320 161 non
332 127 471 172 negligat.
485 128 530 159 Et
542 125 681 170 injungat
690 124 821 169 intereffe
833 121 898 168 Mis
893 134 938 155 sae
953 122 1097 164 Sacrificio

224 178 327 210 diebus
335 176 513 221 fh'lemnibus
529 179 562 210 &
573 172 892 219 Dominicis.Agnol‘cat
902 173 967 212 ejus
972 172 1098 214 faciem.

223 227 307 268 Etsi
314 228 360 260 bis
373 224 445 267 absit
454 232 485 259 in
497 238 584 267 anno,
594 225 792 269 prohibeatur
802 225 897 259 eidem
910 221 1041 262 Ecclefiae
1053 228 1099 255 in-

215 275 340 320 gressus
353 300 363 315 ,
389 277 423 309 (¹5
433 286 534 310 careat
546 276 695 316 Pastorali
701 272 854 316 sepultura
866 297 875 311 ‚
891 272 924 305 (ι’
932 269 1098 313 consolatio-

221 337 270 358 ne·
299 326 342 360 Et
355 327 546 361 Franciscus
558 324 740 360 Cardinalis
751 324 790 357 de
804 322 942 360 Pisanis,
957 332 995 354 ac
1018 320 1098 355 Nat-

184 396 186 398 >
221 374 374 410 bonensis
400 374 675 417 Archiepiscopus
697 398 707 414 ,
736 374 776 407 ad
795 371 1099 415 quinquagesimum

222 424 361 467 primum
385 426 479 469 elapsi
495 424 597 459 saeculi
610 435 731 457 annum
746 422 850 456 sanxit
873 421 905 454 in
931 420 990 452 suae
1015 420 1098 454 Pro-

222 474 337 508 vinciae
350 473 487 518 Synodo
501 487 511 506 .·
526 476 722 515 Praect‘pimus
738 471 879 506 parochis
891 469 1022 503 omnibus
1035 493 1046 509 ,
1057 481 1097 504 eo·

221 536 345 566 rumque
357 531 452 558 vicem
458 524 631 566 gerentibus
644 547 655 563 ,
668 525 683 556 e
694 522 830 569 Suggeliu
839 519 890 564 seu
902 522 1017 555 Pronao
1034 522 1098 552 Pa·

219 575 376 609 rocbtanos
389 584 512 613 monere,
526 577 847 609 Excommunicationis
856 568 1036 612 sententiam
1047 576 1099 601 mi-

221 631 355 657 nitantes
368 648 378 663 ,
390 632 423 657 ut
435 621 628 665 unusquisque
641 624 684 655 ad
693 620 822 667 Missam
835 619 1037 653 Parocbialem
1050 630 1098 653 ve-

218 680 288 707 nias
300 698 310 712 ‚
323 673 425 706 diebus
434 672 605 715 praesertim
621 676 782 704 Dominicis
797 672 847 711 ,(9
861 669 1028 706 domesticos
1042 680 1097 700 om-

218 735 275 756 ores
285 721 379 764 secum
390 725 496 760 ducat.
514 728 619 765 Neque
632 731 743 759 exeant
755 723 766 763 (
777 730 809 752 ut
818 718 877 763 fit)
891 728 944 754 aut
959 723 1100 753 concione

217 772 329 804 habita
339 798 348 812 ,
361 783 417 812 ¹aut
427 774 542 806 elevato
562 777 692 812 Corpore
715 770 824 810 Christi
842 793 852 809 ‚
870 768 929 811 sed
950 766 1098 810 exspelia-

219 823 296 855 bunt
307 821 453 867 quousque
466 825 608 855 Sacerdos
623 821 809 854 Auditoribus
822 818 973 853 benedixit
988 831 998 850 :
1008 821 1059 856 Ne
1069 822 1099 848 in

222 865 528 907 excommunicationis
544 871 726 915 sententiam
749 869 884 901 incidant
902 892 909 899 .
948 867 1100 912 Synodus

221 923 489 955 excommunicat
503 934 571 956 non
591 921 696 955 solum
719 917 921 951 parochialis
944 916 1099 950 Sacrificii

226 983 264 1004 ac
278 972 367 1007 verbi
383 972 600 1016 negleflores‚
630 969 683 1002 sed
696 968 795 1005 etiam
809 967 952 1011 ipsorum
962 967 1099 1002 necdum

220 1022 458 1064 completorum
486 1021 671 1057 Desertores
685 1043 692 1050 .

271 1071 353 1105 Haec
364 1070 475 1108 omnia
489 1070 675 1104 sanciuntur
689 1078 745 1111 pro
756 1065 923 1102 Parochiis
933 1067 1100 1105 adversum

221 1120 400 1155 Parochias
414 1132 450 1154 ac
463 1119 616 1156 Oratoria
634 1143 640 1150 .
652 1119 694 1153 Et
706 1119 780 1152 sunt
792 1119 930 1161 plurima
942 1116 1100 1150 istiusmo-

221 1169 256 1204 di
269 1170 416 1212 exempla
429 1180 525 1212 atque
538 1171 677 1206 Decreta
689 1193 696 1199 .
724 1168 767 1202 Et
780 1167 853 1202 sane
863 1166 1030 1201 Parochiae
1044 1168 1102 1201 fre-

221 1220 415 1262 quentandae
427 1220 479 1253 lex
503 1218 547 1254 est
571 1219 726 1262 antiquus
747 1219 781 1257 ἀ
803 1228 942 1264 magnus
956 1216 1100 1251 Ecclefiae

224 1270 345 1303 Canon
359 1291 369 1307 ‚
383 1269 520 1311 ideoque
537 1269 603 1311 ejus
623 1268 840 1311 praevaricatio
862 1267 907 1300 est
928 1277 1023 1311 grave
1044 1266 1101 1299 cri-

79 1326 110 1357 τῐι
224 1329 301 1352 men
316 1342 326 1358 ,
345 1317 485 1363 dignum
506 1319 668 1362 compesci
690 1318 723 1355 &
745 1317 857 1361 puniri
880 1328 934 1359 pei·
956 1315 1101 1352 Ecclefiae

224 1369 399 1403 Censuras.
430 1370 477 1402 At
490 1369 566 1403 vero
582 1368 793 1404 Ecclefiarum
804 1366 1017 1411 Regulariurn
1029 1367 1101 1399 Fre-

224 1428 432 1461 quentatores
444 1418 623 1462 Episcopus
636 1428 701 1451 non
716 1417 818 1460 potest
832 1417 1019 1456 censurare,
1042 1427 1100 1447 nec

225 1479 280 1512 per
294 1469 392 1502 ullam
407 1479 536 1510 poenam
549 1478 668 1512 cogere
691 1466 732 1503 ad
751 1465 1022 1508 frequentandum
1044 1463 1100 1497 Pa·

225 1517 385 1552 rochiam.
396 1518 468 1551 Nec
480 1517 546 1550 ulla
558 1516 660 1559 potest
674 1516 706 1550 id
721 1516 876 1560 Synodtis
890 1514 1098 1559 Episcopalis.

227 1567 398 1603 Dominus
407 1566 546 1603 Carolus
560 1561 773 1600 Cardinalis‘a
783 1563 1003 1609 Lotharingia
1016 1589 1027 1605 ,
1039 1564 1101 1598 Re-

225 1617 341 1650 mensis
355 1615 633 1661 Archiepiscopus
644 1641 655 1657 ,
681 1616 779 1651 etiam
790 1615 863 1649 illos
873 1638 884 1653 ‚
898 1615 954 1659 qui
965 1622 1039 1648 toto
1050 1625 1102 1648 an·

225 1678 272 1701 no
286 1665 479 1701 parochiam
494 1678 553 1700 nec
577 1665 674 1701 semel
696 1664 914 1705 accedebant,
938 1675 1006 1696 non
1030 1674 1100 1706 prae.

224 1717 357 1761 sumpsit
371 1727 425 1759 per
436 1717 596 1750 Censuras
610 1714 765 1750 invadere
776 1739 783 1745 .
813 1713 925 1760 Qare
937 1714 1102 1747 certum&

222 1765 432 1800 manifestum
456 1766 500 1799 est
526 1789 537 1806 ,
563 1764 652 1807 quod
676 1762 853 1808 Regulares
874 1763 1021 1796 Ecclesiae
1041 1763 1102 1794 sint

224 1815 363 1859 aquales
386 1813 652 1851 parochialibus,
678 1813 711 1850 ὃς
735 1812 826 1855 quod
842 1810 1030 1847 nullatenus
1049 1811 1101 1845 ad-

225 1865 353 1899 versum
366 1864 449 1908 ipsas
461 1863 603 1897 sanxerit
613 1861 815 1894 Tridentina
829 1859 983 1903 synodus
994 1885 1002 1892 .

277 1913 376 1947 Hanc
387 1924 490 1948 meam
503 1912 707 1946 assertionem
720 1912 845 1944 firmavi
858 1911 956 1944 etiam
969 1922 1010 1944 ex
1029 1920 1104 1954 qua-

223 1962 399 2007 dragefima
414 1963 516 2007 prima
530 1962 783 1995 Constitutione
796 1961 889 1997 Beati
901 1959 952 1993 Pii
964 1961 1004 1994 V.
1017 1960 1104 1994 Pon·

224 2013 325 2046 risit-is
342 2037 349 2043 .
378 2013 490 2055 Scripsi
512 2012 749 2046 Sanstiffimum
771 2010 970 2044 Pontificem
990 2010 1009 2043 ὲ
1029 2009 1102 2043 Tri-

224 2063 371 2096 dentinis
389 2062 472 2096 circa
497 2061 675 2107 Regulares
698 2061 847 2097 Decretis
858 2060 1102 2103 fuissequaedam

223 2112 467 2156 interpretatum
479 2112 531 2145 seu
543 2108 873 2153 declaraffe‚quaedam
886 2111 980 2148 fuiffe
990 2109 1101 2146 mode-

223 2173 351 2196 ratum.
379 2162 491 2207 Scoipfi
504 2162 617 2196 exalia
631 2161 699 2204 ejus
721 2160 987 2200 Constitutione,
1013 2160 1102 2203 cujus

224 2210 294 2247 haec
317 2213 390 2246 sunt
417 2212 535 2245 verba:
562 2216 673 2253 Nuper
697 2208 842 2253 quasdam
879 2212 1102 2243 Declarationes

222 2264 256 2296 (θ’
282 2263 497 2296 Moderationes
524 2267 599 2294 circa
626 2261 771 2293 nonnulla
783 2262 907 2292 Concilii
928 2261 1101 2292 Tridentini

223 2313 372 2352 Decreta,
399 2313 562 2355 Regulam
585 2309 728 2353 personas
756 2313 903 2342 Ordinum
930 2312 1099 2344 Mendican-

222 2367 298 2395 rium
312 2385 323 2401 ,
347 2372 499 2404 eorumque
524 2360 662 2402 Instituta
685 2365 890 2394 concernentia
913 2383 923 2398 ,
950 2361 1099 2393 edidimus

224 2414 259 2446 Θ
282 2412 569 2457 promulgavimus.
598 2408 803 2443 Tridentino
831 2411 869 2443 de
896 2410 1099 2453 frequentan-

222 2461 273 2495 dis
295 2460 463 2494 Parochiis
485 2462 627 2495 Decreto
649 2459 719 2494 dixi
747 2461 810 2493 effe
834 2459 1016 2494 adhibitam
1030 2471 1096 2494 non

223 2509 482 2545 moderationem
500 2533 511 2549 ,
537 2508 589 2543 sed
601 2509 868 2545 Declarationem
885 2534 892 2541 .
922 2511 964 2542 Et
976 2508 1096 2544 adduxi

221 2559 333 2594 lucida
347 2559 518 2592 pontificis
535 2560 638 2593 verba.
662 2559 808 2601 Adjunxi
819 2558 934 2590 similes
948 2559 1097 2592 Declara-

223 2612 333 2644 tiones
343 2611 405 2643 esse
421 2609 522 2656 Atius
536 2608 734 2652 Apostolicae
750 2606 918 2642 Cathedrae
929 2633 938 2647 ,
950 2607 1097 2653 adeoque

226 2659 414 2695 infallibilaes
428 2685 438 2700 ,
461 2659 517 2701 qui
533 2670 587 2702 per
600 2658 816 2692 Succefforem
832 2669 898 2690 non
911 2658 1028 2700 possint
1039 2659 1095 2692 cir-

222 2710 375 2743 cumduci
390 2732 397 2739 .
428 2710 469 2742 Et
482 2708 571 2751 quod
586 2718 656 2741 vera
669 2719 706 2741 ac
718 2709 797 2740 recia
817 2707 958 2741 dixerim
970 2732 980 2748 ,
1007 2707 1094 2742 evin-

222 2769 302 2793 cunt
311 2760 451 2807 antiquae
463 2770 499 2791 ac
511 2759 640 2792 famosae
647 2757 838 2800 quaestiones
850 2759 934 2792 circa
947 2759 1010 2792 tria
1033 2758 1095 2795 Ca-

222 2809 326 2853 pitula
353 2808 498 2843 Concilii
527 2807 820 2842 Chalcedonensis.

45 2212 192 2248 Constit-

48 2274 129 2312 133¹.

273 2859 406 2893 Interim
421 2857 638 2897 Demos-strator
649 2855 713 2890 haec
724 2859 821 2890 etiam
838 2856 936 2899 rodit;
958 2858 1093 2891 affirmat
1124 2847 1128 2856 ι

222 2910 368 2953 proprias
390 2909 571 2941 istiusmodi
594 2907 838 2941 Declarationes
858 2907 948 2941 fuisse
968 2907 1008 2942 ab
1025 2907 1094 2950 ipso

222 2958 286 2992 Pio
307 2958 537 2993 circumductas
557 2983 568 2999 ‚
598 2958 738 2999 ideoque
761 2958 791 2990 &
815 2957 1014 2992 circumduci
1040 2969 1093 3000 po·

220 3008 317 3042 tuisse
338 3019 393 3051 per
413 3009 610 3052 Gregorium
623 3006 714 3040 xffl.
740 3007 784 3040 Et
805 3006 920 3049 probat
933 3019 973 3041 ex
987 3008 1092 3051 vigesi-

191 3094 199 3102 ,
222 3069 281 3090 mae
298 3058 395 3092 tertiae
419 3057 570 3092 Sessionis
591 3057 734 3090 Decreto
756 3068 762 3087 :
801 3060 940 3090 Decernit
963 3060 990 3090 5.
1011 3060 1092 3095 syno-

221 3108 279 3141 dus
296 3132 306 3148 ,
334 3109 445 3140 nullum
460 3132 469 3147 ‚
495 3114 586 3140 etiam
608 3107 785 3151 Regularem
798 3130 809 3147 ,
835 3106 947 3150 utique
961 3106 1092 3150 Presby-

221 3168 349 3196 terum,
374 3157 449 3200 poffe
469 3158 655 3201 Confefflones
679 3157 867 3190 saecularium
890 3181 901 3196 ,
926 3163 1016 3190 etiam
1038 3160 1087 3190 Sa-

219 3208 369 3241 cerdotum
382 3208 525 3246 ,audite‚
548 3218 599 3240 nec
609 3208 694 3239 adid
704 3208 840 3238 idoneum
862 3213 996 3248 reputari
1011 3229 1022 3246 ,
1041 3206 1094 3248 nist

219 3257 259 3290 ab
276 3254 430 3298 Episcopis
438 3264 492 3297 per
516 3268 642 3290 examen
656 3281 667 3297 ,
696 3255 781 3297 tipfis
803 3255 1026 3299 videbituresse
1046 3268 1091 3290 ne-

219 3305 378 3349 cessarium
393 3329 403 3344 ,
428 3317 480 3338 aut
491 3308 568 3339 alins
583 3308 701 3339 idoneus
704 3308 856 3347 judicetur
869 3331 880 3346 ‚
903 3307 1091 3350 &approba-

218 3359 327 3391 tionem
350 3355 495 3388 obtineat.
524 3357 698 3390 Decretum
712 3354 775 3389 hoc
789 3355 905 3393 Beatus
928 3357 1007 3392 Pius
1028 3357 1088 3391 suit

318 3405 425 3446 christ.
440 3408 519 3448 Lupi
529 3409 625 3446 Opera
638 3408 773 3439 romxi.

1145 2241 1150 2387 ι
1157 2270 1302 2303 perpetua
1323 2286 1330 2293 .

1149 50 1173 82 1.
1244 50 1279 93 1v
1331 53 1357 84 'r
1425 36 1483 87 A:
1919 56 2013 99 329

1159 123 1224 158 hoc
1236 124 1338 158 modo
1351 126 1598 168 interpretatus:
1625 123 1817 158 Declaramus
1830 147 1841 165 ,
1862 129 2032 168 quodcirca

1159 174 1363 218 Confessiones
1374 178 1394 207 ἃ
1406 175 1602 221 Regularibus
1614 175 1783 207 audiendas
1793 174 1932 216 statuitur
1944 203 1954 217 ‚
1978 178 2030 214 boc

1159 230 1248 257 etiam
1262 227 1492 258 Mendicantium
1501 226 1648 257 Ordinum
1665 228 1795 258 Fratres
1809 248 1819 263 ‚
1833 225 1853 256 ὰ
1861 224 1925 266 suis
1935 230 2031 261 Gene-

1159 273 1273 306 ralibus
1295 275 1347 306 vel
1362 275 1507 314 Ministris
1537 274 1777 307 provincialibus
1801 274 1843 305 ad
1862 276 2028 310 audiendas

1158 321 1361 366 Confessiones
1373 323 1522 367 utriusque
1527 323 1619 367 sexus
1632 324 1742 365 Christi
1756 322 1906 358 Fidelium
1927 331 2031 366 appro-

1158 373 1242 405 batos
1255 396 1265 415 ‚
1286 376 1408 407 minime
1419 373 1662 415 comprehendat.
1691 373 1882 407 Declaravit
1894 373 1952 413 sub
1975 385 2030 408 vo-

1159 422 1249 456 cibus
1261 447 1271 461 ,
1299 426 1404 455 Etiam
1415 425 1588 465 Regularem
1600 447 1610 463 ,
1621 435 1687 456 non
1700 423 1934 466 comprehendi
1956 424 2032 458 Fra·

1161 483 1221 506 tres
1243 472 1409 507 Ordinum
1429 472 1692 507 Mendicantium
1716 498 1722 505 .
1754 474 1797 506 Et
1819 473 1910 507 istam
1935 473 2029 511 fuisse

1160 532 1301 555 mentem
1313 523 1499 556 sacrosanffi
1510 522 1656 556 Concilii
1665 547 1673 554 .
1701 522 1832 560 Etbene
1843 521 2030 562 declaravit.

1162 572 1210 604 Ex
1224 582 1289 615 quo
1302 571 1409 612 lucet,
1436 572 1570 612 quodin
1581 572 1697 605 odiosa
1720 573 1852 606 materia
1876 584 1937 606 nos
1960 585 2030 608 non

1159 621 1474 664 comprehendamur
1484 621 1541 654 sub
1553 621 1696 664 generali
1717 623 1851 655 nomine
1875 625 2030 666 Regulari-

1159 683 1226 703 um.
1255 671 1297 705 Et
1319 670 1397 706 hinc
1417 671 1609 714 Apostolica
1631 671 1846 713 Diplornata,
1868 670 1946 705 dum
1968 684 2028 707 nos

1159 719 1409 764 comprehensos
1421 722 1536 755 volunt
1548 745 1558 760 ‚
1583 719 1691 764 passim
1704 719 1906 765 adjungunt:
1924 724 2029 756 Etiam

1160 773 1377 804 Mendicantes.
1407 770 1511 817 Qod
1523 771 1567 803 est
1582 771 1665 803 bene
1677 770 1858 804 notandum
1868 794 1875 801 .

1213 821 1253 854 Et
1267 821 1403 854 Beatum
1418 821 1513 854 Pium
1528 820 1596 853 isiic
1606 830 1674 853 non
1686 818 1780 853 fuisse
1803 820 2005 855 moderatum
2016 846 2029 864 ,

1162 870 1213 905 sed
1235 869 1407 904 declarasse
1436 870 1689 904 Demonstrator
1719 871 1864 903 fatetur:
1902 870 2029 907 Verum

1160 919 1307 964 adjungit
1321 921 1413 954 islam
1427 919 1690 954 Declarationem
1712 919 1804 953 fuifle
1815 919 1856 953 ab
1878 920 1947 961 ipso
1967 920 2030 955 Pio

1160 970 1410 1009 circumductam
1423 994 1433 1010 ,
1445 969 1770 1013 ideoqueistiusmodi
1785 970 2031 1011 Declarationes

1163 1031 1228 1053 non
1240 1021 1305 1055 esse
1317 1018 1506 1060 infallibiles
1517 1030 1612 1062 atque
1624 1019 1828 1053 immobiles.
1859 1020 1900 1053 Et
1915 1020 2030 1063 probat

1161 1081 1202 1103 ex
1216 1069 1344 1103 laudata
1357 1070 1425 1113 ejus
1448 1069 1615 1112 posteriori
1637 1069 1885 1103 Constitutione
1906 1083 1917 1106 ,τ
1946 1072 2030 1113 ,Quia

1161 1121 1279 1152 illarum
1289 1145 1300 1162 ‚
1313 1120 1582 1154 Declarationum
1595 1119 1626 1159 <Sc
1639 1119 1907 1158 Moderationum
1924 1148 1933 1159 ,
1947 1126 2029 1164 vigo-

1163 1181 1194 1202 re
1212 1171 1379 1203 sacerdotes
1408 1170 1567 1213 Regulares
1596 1170 1867 1203 Mendicantium,
1885 1172 2032 1202 Ordinum

1161 1220 1338 1262 quandoque
1365 1219 1460 1252 minus
1489 1220 1585 1251 idonei
1613 1221 1646 1253 (9
1673 1218 1816 1256 inhabiles
1832 1218 2031 1260 Confessioni-
2059 1223 2062 1226 ”

1161 1268 1214 1301 bus
1242 1271 1429 1304 Saecularium
1455 1270 1612 1303 audiendis
1640 1269 1677 1302 ab
1713 1280 1806 1302 eorum
1831 1269 2034 1311 Superioribus

1157 1317 1305 1361 praepofiti
1331 1317 1437 1361 absque
1474 1320 1576 1361 aliqua
1612 1317 1823 1361 Episcoporum
1843 1341 1854 1355 ,
1884 1317 1941 1360 sed
1967 1318 2033 1361 sola

1162 1367 1295 1411 Magistri
1321 1370 1445 1401 ordinis
1458 1369 1691 1402 Prouincialium
1718 1368 1914 1407 Ministrorum
1925 1376 2055 1409 appron

1161 1418 1279 1451 batione
1305 1420 1510 1457 admittuntur
1531 1430 1542 1465 ᾗ
1577 1429 1629 1450 nos
1662 1416 1750 1460 super
1775 1416 1824 1452 bis
1847 1425 1904 1458 pro
1936 1417 2035 1451 debito

1159 1467 1315 1509 pastoralis
1343 1469 1436 1510 Officii
1459 1467 1620 1511 salubriter
1644 1469 1804 1509 providere
1830 1468 1962 1500 volentes
1975 1477 2035 1506 ,te-

1161 1528 1237 1560 nore
1249 1516 1443 1560 praesentium
1470 1517 1524 1550 bac
1548 1516 1642 1557 nostra
1655 1517 1865 1557 Constitutione
1888 1525 2034 1558 perpetua

1155 1561 1328 1609 sancimus,
1356 1567 1391 1599 <a
1415 1567 1602 1603 declaramus
1629 1569 1785 1599 Decretum
1812 1568 1934 1599 concilii
1971 1570 2038 1602 Tr!-

1162 1618 1280 1652 de'ntini
1305 1616 1342 1648 de
1369 1615 1583 1658 Approbatione
1619 1616 1809 1659 Regularium
1827 1638 1838 1654 ,
1875 1617 2039 1648 audiendis

1162 1663 1405 1708 confessionibus
1427 1663 1617 1707 saecularium
1634 1664 1873 1705 praepofitorum,
1898 1665 1937 1696 ab
1949 1664 2040 1708 Epis-

1146 1711 1239 1779 'copis
1249 1714 1398 1755 facienda
1411 1714 1467 1757 obs
1461 1718 1565 1751 etvari
1573 1712 1675 1745 debere
1685 1718 1776 1745 etiam
1788 1719 1821 1744 in
1832 1713 1966 1746 omnibus
1978 1717 2039 1747 Re-

1157 1763 1313 1807 gularibus
1325 1770 1494 1807 quorumvis
1510 1764 1671 1801 Ordinum,
1681 1768 1775 1799 etiam
1787 1764 2034 1797 Mendicantium.

1167 1807 1173 1812 ⁴
1215 1811 1410 1854 Respondeo
1425 1812 1570 1846 notanda
1591 1812 1653 1846 effe
1679 1812 1797 1846 verba:
1824 1814 1976 1846 sancimus
2003 1817 2038 1849 (π

1161 1864 1346 1895 declaramus
1371 1861 1521 1905 observari
1548 1861 1669 1895 debere.
1697 1863 1811 1897 Sensus
1833 1863 1899 1896 est:
1927 1865 2039 1897 Sanci-

1147 1914 1233 1945 ⁴mus
1255 1935 1265 1950 ‚
1302 1913 1332 1950 ὃς
1360 1912 1559 1947 declaramus
1586 1910 1680 1954 hujus
1718 1913 1892 1947 sanctionis
1919 1913 2039 1952 virtute

1146 1936 1278 2239 ,debere
1289 1961 1472 2001 observari.
1501 1961 1644 1995 Proinde
1657 1962 1863 2001 sanctissimus
1878 1962 2038 2000 Pontifex

1164 2014 1251 2045 suam
1279 2011 1414 2055 priorem
1429 2011 1694 2046 Declarationem
1721 2023 1788 2046 non
1816 2013 2039 2048 circumduxit

1162 2060 1214 2095 sed
1231 2061 1384 2097 stabilivit
1399 2086 1406 2093 .
1435 2063 1593 2097 Attamen
1606 2062 1843 2098 Tridentinum
1856 2062 2039 2101 Decretum

1162 2112 1202 2146 ad
1230 2113 1396 2155 personas,
1421 2123 1500 2156 quas
1530 2123 1596 2145 non
1627 2111 1923 2155 comprehendebat
1943 2137 1954 2153 ,
1990 2112 2037 2147 ob

1162 2163 1302 2197 rationes
1328 2161 1492 2197 extendit.
1520 2161 1593 2195 Nec
1620 2162 1806 2205 simpliciter
1833 2163 1940 2202 dixit,
1963 2165 2038 2199 San·-

1161 2216 1249 2245 cimus
1269 2236 1280 2252 ‚
1316 2210 1368 2245 sed
1395 2211 1543 2256 adjungit
1568 2235 1579 2250 ,
1616 2214 1676 2244 Hac
1704 2210 2035 2251 nostra‘constitutione

1369 2261 1449 2296 Alta
1487 2273 1567 2296 voce
1606 2262 1755 2305 praedicat
1792 2261 2038 2297 Tridentinum

1163 2312 1340 2344 Decretum
1373 2312 1391 2347 a
1431 2313 1461 2349 se
1502 2323 1571 2344 non
1598 2311 1754 2350 declarari
1783 2312 1912 2345 noviter
1935 2336 1945 2351 ,
1981 2312 2035 2346 sed

1160 2361 1313 2396 extendi.
1342 2362 1466 2398 Eadem
1494 2361 1534 2394 de
1560 2361 1653 2395 causa
1681 2361 1797 2397 addit:
1824 2366 1925 2395 Etiam
1952 2363 2036 2394 Men-

1160 2412 1335 2446 dicantium.
1363 2411 1495 2454 Utique
1522 2409 1679 2452 synodali
1709 2410 1852 2443 Decreto
1865 2422 1931 2444 non
1942 2421 2034 2447 com-

1160 2460 1393 2503 prehensorum
1420 2485 1426 2491 .
1465 2461 1577 2506 Qare
1606 2459 1811 2502 Apostolicas
1835 2483 1845 2498 ‚
1875 2471 1954 2502 quas
1990 2473 2033 2495 ex

1159 2509 1321 2546 Cathedra
1348 2511 1424 2544 facit
1452 2509 1608 2545 Pontifex
1632 2533 1642 2548 ‚
1670 2508 1886 2550 Synodalium
1913 2510 2035 2545 Decre-

1143 2571 1265 2594 ·torum
1295 2560 1540 2595 Declarationes
1565 2559 1625 2594 effe
1652 2558 1840 2596 infallibiles
1868 2560 2034 2606 atqueim·

1159 2610 1316 2651 mobiles,
1346 2610 1381 2643 sit
1409 2610 1509 2642 fixum
1539 2620 1637 2655 atque
1664 2609 1910 2642 inconcussum.

1207 2659 1253 2695 At
1282 2660 1362 2693 vero
1391 2659 1480 2700 quod
1504 2659 1622 2695 Beatus
1643 2657 1731 2700 Papa
1757 2658 1836 2695 Pius
1862 2659 2031 2694 Tridenti-

1159 2720 1236 2743 num
1262 2708 1303 2744 de
1325 2708 1568 2753 frequentandis
1587 2707 1756 2742 Parochiis
1782 2709 1958 2744 Decretum
1986 2710 2027 2745 sit

1158 2753 1224 2792 non
1237 2759 1420 2793 moderatus
1433 2782 1444 2800 ,
1471 2759 1523 2793 sed
1536 2758 1703 2794 declarans
1729 2758 1953 2798 interpretatus
1966 2769 2027 2794 nec

1156 2808 1404 2846 Demonstrator
1430 2820 1548 2854 negat.
1575 2808 1684 2853 Qare
1711 2808 1877 2841 Successor
1900 2808 2027 2853 Grego-

1157 2860 1218 2891 rius
1240 2858 1331 2893 istam
1360 2858 1626 2893 Declarationem
1655 2869 1721 2889 non
1749 2855 1878 2900 tetigit,
1906 2858 1958 2891 sed
1981 2869 2024 2893 re.

1156 2909 1253 2952 liquit
1269 2911 1418 2943 intactam
1431 2933 1438 2940 .
1467 2908 1508 2941 Et
1520 2908 1606 2951 quod
1618 2907 1673 2940 alii
1688 2906 1813 2948 insuper
1826 2906 2025 2945 Successores

1156 2959 1241 2992 idem
1269 2959 1451 2993 censuerint
1475 2983 1485 2999 ‚
1511 2955 1731 2991 demonstravi
1771 2955 1915 2997 pluribus
1942 2957 2021 2991 testi.

1155 3008 1275 3044 moniis
1285 3021 1322 3043 ac
1332 3007 1506 3053 exemplis.
1521 3008 1564 3040 Et
1578 3006 1644 3039 haec
1657 3006 1871 3043 Demonstrator
1885 3018 1950 3040 non
1965 3008 2025 3041 scit

1155 3057 1287 3099 rodere,
1315 3059 1372 3092 nisi
1393 3055 1537 3091 dicendo
1560 3057 1626 3089 esse
1648 3054 1797 3088 historias
1810 3054 2026 3094 Mexicanas.

1157 3109 1201 3141 At
1221 3120 1261 3140 an
1285 3110 1362 3152 quia
1389 3106 1591 3146 Mexicanae,
1620 3105 1695 3139 ideo
1716 3116 1786 3139 non
1808 3104 2023 3143 Christianae?

1153 3157 1288 3192 Interim
1309 3157 1430 3191 adduxi
1453 3157 1485 3189 &
1515 3156 1618 3189 alias.
1656 3154 1758 3188 Porro*
1786 3154 1863 3188 Pius
1889 3157 2022 3198 quintus

1154 3206 1257 3241 lucide
1269 3206 1442 3242 declaravit
1454 3204 1690 3239 Tridentinum
1700 3200 1874 3239 Decretum
1888 3207 1952 3238 esse
1965 3215 2023 3248 pro

1153 3256 1320 3291 Parochiis
1330 3267 1445 3292 contra
1461 3255 1655 3296 parochias,
1685 3265 1753 3287 non
1777 3265 1888 3287 contra
1914 3254 2023 3288 Eccle.

1154 3307 1210 3340 sias
1223 3307 1419 3351 Regulares.
1450 3305 1493 3339 Et
1503 3317 1545 3339 ex
1556 3305 1650 3339 dietis
1662 3304 1760 3345 vides,
1771 3302 1857 3346 quod
1871 3303 2024 3340 Romana

1152 3356 1314 3400 Ecclesia,
1342 3356 1420 3391 dum
1444 3356 1488 3389 ita
1512 3355 1687 3398 placuerit,
1708 3353 1851 3398 ejusdem
1885 3353 2025 3390 Pontifi-

1468 3404 1496 3438 Ε
1509 3416 1526 3439 e
1553 3415 1573 3453 3
1879 3402 1926 3436 cis
1935 3402 1978 3437 de
