2366 3736
699 136 719 166 s
781 134 815 165 ιτ
855 125 911 163 τΛ

192 200 278 249 tres,
289 205 444 242 &Latini
458 208 491 241 δε
506 205 608 241 Graeei
624 230 631 238 .
656 206 766 240 Etiam
777 203 1065 249 Theophylactus‚

186 260 287 301 'que'm
305 258 391 291 certe
402 257 650 300 (dolensscribo
664 258 676 298 )
705 257 925 295 Demonstrator
939 255 1065 288 videtur

187 308 431 349 neeinspexisse
446 332 453 339 .
479 309 589 341 Etiam
606 306 672 340 haec
687 306 759 339 sunt
772 305 838 347 ejus
852 304 946 339 verba
964 317 971 336 τ
992 308 1066 346 Epi·

982 135 1092 164 131

182 356 283 400 scopos
293 356 364 396 bic,
392 357 438 391 ait
454 357 634 400 Apostolus
647 379 657 395 ,
682 357 924 397 quemadmodum
945 361 977 387 in
991 358 1065 395 Epi·
1082 354 1084 359 “

182 407 255 448 fiola
277 408 321 439 ad
332 407 517 440 Timotheum
530 430 536 437 .
549 407 655 438 Noluit
665 412 743 438 enim
756 403 926 448 universam
938 403 1067 446 insulam

186 462 239 489 uni
262 457 312 499 effi·
331 457 525 500 commissam,
548 454 603 496 sed
622 457 785 497 quamlibet
805 456 910 488 Urbem
917 460 1067 496 proprium

187 506 294 539 habere
321 508 487 547 Pastorem.
514 507 560 537 sic
585 505 1006 552 enim&labor⁴lev10reffet,
1033 506 1066 541 <9¹

186 553 256 589 clara
268 556 398 590 exallior
411 581 418 588 .
447 556 488 589 Et
500 556 572 596 quis
583 556 627 589 est
639 554 913 598 Theophylastus
925 579 935 594 ,
962 565 996 588 ut
1017 555 1065 587 in-

188 607 356 640 ter-testes
371 629 380 643 ‚
407 606 463 648 qui
489 616 546 638 nos
568 605 817 649 deApostolico
842 604 994 638 instituto
1012 602 1067 637 do-

187 665 306 693 ceant,
333 653 449 688 habeat
474 654 628 688 ducatum
643 680 653 695 ,
679 656 713 689 dc
736 665 851 699 agmen
866 654 985 689 ducat?
1012 653 1068 686 Est

188 706 240 738 vir
276 704 437 737 undecimi
472 706 581 738 saeculi
607 730 617 745 ,
655 706 686 739 δε
714 703 888 739 Michaelis
911 703 1069 739 Cerularii

189 754 419 789 Schismaticus
436 754 575 788 sectator
586 779 596 794 ,
622 755 768 797 adeoque
780 754 820 788 ab
831 754 1024 797 Apostolico
1037 754 1069 786 ὅ(

190 808 336 845 tempore
352 806 383 838 &
399 804 508 846 spiritu
519 804 695 848 plurimum
708 815 849 838 remotus
864 828 871 835 .

236 855 404 889 Secundus
427 855 670 894 Demonstratoris
694 855 782 888 testis
806 854 851 886 est
874 853 905 886 S.
917 853 1070 887 Clemens

192 904 355 938 Pontifex
378 906 410 937 in
429 905 572 947 Epistola
596 906 687 938 tertia
705 905 744 937 ad
757 903 914 945 Iacobum
928 904 1070 936 Fratrem

191 954 356 993 Domini,
385 955 628 996 Hierosolymae
643 950 840 996 Episcopum
853 977 860 984 .
883 951 1026 986 Adducit
1039 954 1071 985 il-

191 1004 224 1038 le
247 1004 342 1046 hujus
362 1003 477 1043 verba,
504 1014 600 1046 atque
625 1004 827 1046 prosequitur
849 1015 857 1034 ε
887 1003 984 1035 Verba
1000 1001 1078 1045 sunt

194 1054 398 1103 obligationem
419 1055 609 1086 denotantia.
640 1055 702 1086 Sed
721 1052 831 1085 Autbor
852 1052 926 1085 mibi
947 1062 1072 1086 occurret

191 1102 389 1146 quodsuprci,
419 1114 470 1136 eas
482 1103 695 1142 constitutiones
708 1115 763 1135 non
774 1104 827 1145 effe
839 1110 982 1136 veraciter
996 1108 1068 1145 Apo-

186 1154 328 1195 stolicas,
355 1164 405 1185 nec
424 1164 523 1186 earum
545 1153 731 1187 Colleliorem
750 1154 801 1195 effe
824 1154 1004 1186 Clementem
1018 1157 1073 1186 Ρα

188 1212 283 1248 pam.
311 1206 416 1234 Gratis
429 1211 547 1235 tamen.
577 1207 642 1236 Nec
651 1210 728 1235 enim
735 1203 863 1245 probat.
878 1203 1073 1245 Respondeo

192 1253 366 1286 distinela
356 1263 374 1284 a
388 1252 621 1292 Demonstratore
633 1254 813 1287 confundi.
840 1253 971 1286 Etenim
984 1253 1073 1286 aliud

194 1305 268 1337 sunt
295 1302 493 1345 Apostolieae
517 1303 803 1341 Constitutiones,
830 1301 920 1336 aliud
941 1302 986 1336 est
1018 1303 1074 1335 isla

194 1352 345 1395 epistola.
377 1353 418 1385 Et
442 1352 508 1386 haec
531 1354 595 1387 effe
609 1378 620 1394 ,
646 1353 708 1387 illae
719 1353 835 1396 poffint
847 1364 915 1385 non
927 1353 989 1385 effe
1003 1353 1075 1386 Cle-

196 1402 335 1436 mentis.
359 1402 493 1435 Interim
505 1403 604 1436 etiam
616 1403 743 1436 affirmo
755 1401 840 1436 hanc
852 1402 1023 1444 epistolam
1035 1403 1073 1435 es·

197 1453 228 1486 se
248 1452 403 1494 spuriam.
434 1452 482 1485 lta
508 1453 684 1486 asseverant
696 1463 810 1485 ornnes
824 1451 924 1485 hodie
935 1453 1052 1485 eruditi
1068 1476 1073 1482 .

197 1502 254 1535 Est
265 1514 313 1535 res
324 1502 408 1535 clara
423 1526 430 1534 .
462 1502 593 1535 Etenim
619 1503 658 1535 de
673 1503 706 1535 S.
717 1501 840 1545 Jacobo
854 1501 962 1535 scribit
977 1503 1008 1534 in
1023 1502 1075 1534 Vi>

197 1563 306 1586 rorum
323 1550 501 1585 illustrium
514 1553 680 1596 Catalogo
693 1553 720 1585 S.
734 1552 1077 1596 Hieronymuszjaco·

199 1602 252 1634 bus
267 1608 394 1645 triginta
405 1613 499 1634 annos
512 1600 704 1643 Hierosolymis
712 1608 793 1635 rexit
807 1601 974 1642 Ecclefiam‚
987 1601 1081 1640 idest,

197 1651 288 1693 usque
310 1654 353 1683 ad
370 1649 528 1693 septimum
551 1656 682 1684 Neronis
707 1663 843 1690 annum,
869 1653 1002 1689 &juxta
1012 1659 1078 1682 tem-

194 1697 281 1745 plum
294 1725 304 1740 ‚
330 1701 768 1742 ubterpraecipitatusfuerat,
791 1699 927 1743 sepultus
938 1700 993 1740 eli.
1027 1700 1079 1732 Est

199 1751 322 1784 Christi
339 1752 597 1784 Dominiannus
610 1752 821 1795 sexagessmus
845 1750 971 1783 tertius.
1003 1749 1081 1782 Per·

199 1802 250 1845 git
263 1800 489 1841 Hieronymus
500 1801 541 1842 de
552 1801 581 1832 S.
594 1801 781 1833 Clemente:
813 1802 948 1832 Clemens
961 1802 1010 1830 IV.
1025 1798 1082 1840 post

144 1887 151 1892 ἱ
201 1855 326 1886 Petrum
339 1853 441 1882 Romae
456 1848 640 1891 Episcopus.
667 1851 686 1882 5
690 1850 816 1890 iquidem
826 1846 972 1890 secundus
987 1851 1081 1881 Linus

108 2960 114 2968 ·
155 2961 162 2968 ·
209 2946 468 2990 Apologeticum
493 2946 641 2988 Septimii
662 2946 882 2979 Tertulliani.
911 2947 1014 2979 Hunc
1031 2945 1069 2978 ad

199 1901 264 1943 fuit
279 1923 289 1938 ,
313 1906 417 1932 tertius
431 1899 554 1932 Clesus.
582 1900 665 1932 Obiit
675 1904 760 1932 tertio
769 1900 897 1938 Traiani
909 1909 1004 1931 anno.
1027 1899 1080 1932 Est

203 1949 327 1984 Christi
351 1948 492 1982 Domini
522 1950 714 1983 centesimus
735 1949 911 1983 secundus.
942 1947 1085 1981 Proinde

205 2011 245 2033 ut
254 1999 407 2032 Clemens
418 1999 512 2041 poffit
521 2000 559 2031 ad
575 2000 605 2032 S.
625 1998 780 2042 Jacobum
793 1998 1081 2042 scripfiffe,debuis·

202 2051 251 2083 set.
264 2049 298 2082 in
317 2048 349 2081 S.
369 2047 457 2082 Petri
473 2047 636 2082 Cathedra
659 2049 769 2082 sedifle
788 2060 841 2090 per
868 2049 1082 2092 quadraginta

202 2109 308 2133 annos
327 2122 337 2137 ,
363 2100 514 2140 atqueita
528 2099 611 2132 Petri
624 2109 752 2140 ternpus
766 2098 1080 2142 insigniterexceffis·

199 2151 236 2189 se
252 2174 259 2182 .
290 2148 331 2181 Et
343 2148 383 2181 ad
393 2148 626 2182 duodecimum
640 2148 826 2182 Domitiani
839 2158 961 2182 annum
975 2146 1083 2182 scribit

205 2199 239 2232 in
255 2197 427 2231 Chronico
442 2198 597 2232 Eusebius
610 2198 842 2236 Caesaraeenfis;
853 2201 966 2232 Tertius
977 2201 1084 2231 Roma-

204 2260 253 2281 nae
266 2247 398 2289 Ecclefiae
419 2246 580 2290 Episcopus
599 2248 725 2290 praefuit
733 2249 869 2281 Clemens
890 2253 981 2281 annIs
1002 2246 1061 2280 oc‘lo
1074 2273 1081 2282 .

206 2298 261 2331 Est
275 2295 396 2331 Christi
411 2297 550 2331 Domini
576 2309 679 2332 annus
697 2298 923 2341 nonagesimus
948 2299 1061 2331 tertius
1073 2322 1081 2330 .

204 2346 347 2381 Proinde
372 2345 507 2392 triginta
521 2349 613 2382 annis
628 2349 766 2390 Jacobus
775 2348 858 2381 obiit
870 2358 946 2381 ante
957 2348 1083 2390 Episco-

205 2409 316 2441 patum
339 2397 367 2430 S.
384 2398 583 2431 Clementis.
615 2398 708 2431 Hinc
729 2398 811 2432 reste*
832 2397 1006 2431 dixiistam
1019 2399 1083 2440 epi-

206 2447 322 2481 stolam
344 2446 406 2480 esse
428 2448 564 2489 spuriam
579 2472 586 2480 .
614 2447 717 2495 Qod
739 2448 841 2491 ipsum
865 2447 1083 2481 demonstrare

206 2497 321 2541 poffim
342 2507 381 2529 ex
396 2496 506 2530 multis
516 2498 604 2531 aliis.

256 2545 470 2585 Demonstrator
481 2546 548 2591 agit
560 2546 817 2591 Chronologum
833 2571 843 2585 ,
865 2549 898 2581 &
910 2545 1081 2581 Parochia·

208 2597 288 2630 lium
313 2595 525 2629 Ecclefiarum
548 2596 615 2638 jura
638 2597 739 2629 studet
749 2597 875 2630 firmare
888 2607 941 2639 per
953 2608 1081 2639 paterna

207 2646 360 2680 omnium
382 2647 566 2680 saeculorum
593 2646 804 2679 testimonia-1
824 2647 986 2680 Etlaudo
1004 2647 1082 2679 dili

208 2706 340 2741 gentem
363 2706 472 2730 curam
495 2696 720 2740 antiquitatis.
750 2699 796 2730 At
807 2697 927 2737 doleo,
954 2696 1043 2740 quod
1064 2695 1082 2729 ὲ

208 2747 315 2790 ptimo
346 2746 460 2779 saeculo
492 2745 617 2778 nullum
640 2746 824 2787 produxerit
847 2746 958 2780 testem
986 2770 996 2786 ,
1023 2746 1079 2779 nisi

207 2797 301 2832 istam
316 2796 462 2838 >spuriam
472 2796 661 2838 epistolam.
692 2796 760 2830 Cur
773 2807 838 2829 non
853 2796 989 2839 protulit
1001 2796 1080 2830 litte-

207 2855 257 2880 ras
269 2847 298 2880 S.
312 2845 456 2889 Ignatii?
484 2844 548 2880 Pro
561 2846 702 2879 secundo
715 2846 827 2880 saeculo
836 2846 967 2880 adducit
986 2847 1016 2879 S.
1031 2846 1082 2889 Ju-

208 2896 283 2930 ssini
298 2896 455 2937 Martyris
469 2896 637 2929 secundam
660 2896 882 2940 Apologiam,
910 2897 942 2929 ὅ(
961 2896 1080 2930 librum

207 2996 300 3029 ducit
326 2995 517 3030 infeliciter.
547 2996 679 3029 Etenim
693 2994 922 3028 Tertullianus
942 2997 1079 3038 primum

208 3046 248 3078 ad
271 3044 435 3078 Nationes
453 3044 569 3078 librum
594 3046 729 3078 affirmat
749 3046 974 3088 ast-scriptum
999 3048 1080 3079 circa

210 3093 349 3129 Domini
368 3105 490 3129 annum
502 3096 751 3129 ducentesimum
765 3096 1082 3138 quinquagesimum:

210 3144 258 3178 At
277 3143 353 3191 vero
374 3144 616 3188 Apologeticus-
629 3144 767 3178 liberes}
780 3144 912 3178 istorum
928 3146 1081 3179 librorum

210 3192 442 3235 compendium
456 3219 466 3234 ‚
492 3195 638 3238 adeoque
649 3196 682 3228 &
695 3194 851 3237 posterior
862 3218 869 3225 .
884 3194 1028 3229 Proinde
1038 3194 1082 3229 est

209 3244 298 3278 tertii
325 3243 455 3282 saeculi,
478 3255 545 3277 non
558 3244 717 3279 secundi.
740 3246 795 3277 An
817 3244 875 3278 ista
897 3246 1082 3279 testimonia

212 3292 377 3327 Parochiis
391 3294 518 3328 faveant
530 3318 541 3332 ,
565 3305 628 3338 ego
641 3295 745 3328 nolim
758 3294 933 3330 decertare.
950 3294 1081 3331 Etenim

210 3355 290 3387 opto
313 3353 347 3377 ut
371 3343 499 3376 faveant
515 3367 522 3375 .
549 3343 705 3378 Attamen
719 3344 807 3388 quod
819 3347 875 3379 suo
887 3345 993 3379 adhuc
1004 3355 1084 3379 tem-

212 3405 288 3437 pore
298 3392 392 3426 multi
409 3388 463 3435 pe'r
475 3393 618 3427 Africam
631 3395 704 3437 pagi
723 3394 845 3429 nullam
859 3395 1014 3429 haberent
1028 3395 1083 3428 Ec-

207 3444 333 3478 clesiam
347 3466 358 3482 ,
387 3441 517 3477 testatur
539 3442 573 3476 in·
598 3442 711 3477 litteris
723 3444 762 3476 ad
775 3446 933 3488 quosdam
945 3439 1086 3482 Donati-

304 3495 330 3526 C
332 3491 410 3534 brist.
425 3495 504 3536 Lupi
514 3497 610 3535 Opera
623 3495 701 3526 Tom.
713 3495 744 3527 X
748 3499 772 3528 1.

1162 132 1188 163 L
1259 134 1283 165 1
1350 134 1375 164 τ
1446 136 1502 165 aa
1545 126 1549 157 ἱ
1867 133 1997 180 325-

1126 205 1245 239 starum
1271 204 1450 248 Episcopos
1471 207 1501 239 S.
1520 204 1746 250 Augustinus.
1773 204 1876 253 Qod
1905 209 2012 250 ipsum

1127 255 1167 289 de
1189 255 1253 288 suis
1278 256 1368 300 pagis
1382 256 1517 289 affirmat
1530 256 1672 298 Joannes
1686 254 1962 299 Chrysostomus.

1178 305 1396 345 Demonstrator
1417 317 1459 340 ex
1480 306 1628 339 Gratiani
1651 307 1797 341 Decreto
1824 306 2013 342 adducit..&

1129 356 1159 389 S.
1173 355 1397 399 Augustinum
1412 367 1418 386 :
1447 359 1493 387 Et
1502 355 1553 388 boc
1565 358 1782 389 attendendum
1791 356 1828 395 est
1840 379 1850 394 ,
1873 365 1907 389 ut
1921 356 2013 398 MisJae

1125 406 1295 448 peculiares,
1307 417 1373 447 quae
1380 415 1433 446 per
1446 408 1509 438 dies
1517 404 1659 447 solemnes
1670 407 1689 437 ἃ
1709 406 1910 440 sacerdotibus
1923 406 2013 448 fiunt,

1131 462 1241 488 nonita
1253 456 1285 486 in
1294 456 1414 496 publico
1420 455 1499 495 fiant
1514 480 1523 492 ,
1550 461 1581 487 ut
1588 464 1708 496 propter
1720 469 1771 488 eas
1781 460 1906 497 populus
1915 459 1940 493 d
1959 467 2016 498 pu-

1131 505 1214 538 blicis
1228 505 1382 546 Missurum
1389 504 1564 546 solemnibus
1582 529 1592 543 ,
1603 517 1667 546 quae
1679 505 1750 538 bora
1765 515 1851 538 tertia
1864 499 2015 542 canonice

1129 555 1225 598 fiunt,
1247 553 1448 594 abstrabatur.
1480 553 1551 586 Effe
1573 556 1755 597 genuinum
1769 555 1947 600 Augustini
1969 557 2018 590 lo-

1134 616 1208 638 cum
1219 604 1325 638 firmat
1339 603 1703 639 authoritatetGmtiani
1718 629 1728 644 ,
1748 604 1932 642 Carninalis
1946 605 2020 640 An-

1135 655 1224 688 selmi
1236 678 1247 693 ,
1272 652 1467 693 Burchardi,
1495 664 1532 686 ac
1545 654 1575 687 S.
1590 653 1700 687 lvonis
1715 655 1944 693 Carnutenfis.
1971 655 2030 690 Et*

1137 705 1286 749 adjungit
1300 717 1307 736 :
1338 707 1435 748 ‚Quem
1448 705 1652 745 tamenvaliqui
1668 702 1800 743 referunt
1823 706 1868 737 ad
1876 706 2021 743 synodum
2039 741 2042 745 ¹

1137 753 1330 798 Agatbensem
1342 780 1350 787 .
1378 754 1419 787 Et
1433 754 1590 798 gloriatur
1602 754 1632 786 se
1646 753 1711 787 haec
1722 753 1868 795 scripliffe
1883 755 1914 787 in
1936 754 2020 789 festo
2048 768 2050 771 ·

1138 806 1167 838 S.
1182 804 1377 848 Augustini.
1405 804 1602 846 Respondeo
1623 805 1740 840 locutu
1754 815 1814 838 nec
1838 803 2021 847 Augustini

1137 854 1198 887 effe
1209 879 1219 895 ‚
1249 866 1307 887 nec
1321 853 1513 898 Agathenfis
1528 852 1689 889 Concilii.
1700 854 1827 901 Qoin
1843 851 1926 887 libro
1937 865 2024 897 ‚qua

1140 905 1172 937 in
1185 903 1319 946 epistola
1331 928 1341 943 ‚
1368 904 1479 945 quoin
1497 904 1642 943 sermone
1657 903 1716 936 issa
1734 902 1939 948 Augustinus
1950 903 2025 936 scri-

1138 954 1195 996 psit
1209 954 1225 985 ?
1252 954 1380 988 Vocem
1391 969 1406 993 ,>
1415 955 1499 996 Miffa
1505 955 1686 995 peculiaris,
1701 964 1766 987 nec·
1782 954 1816 988 in
1832 951 2024 996 Augustino
2056 984 2059 987 .

1139 1007 1273 1046 reperies
1290 1028 1300 1043 ,
1313 1016 1372 1037 nec
1385 1006 1417 1036 in
1433 1004 1577 1046 Synodis
1587 1003 1753 1037 Africanis
1767 1027 1774 1038 .
1787 1002 1956 1037 Adduttus
1976 1002 2026 1036 lo-

1138 1065 1194 1087 cus
1214 1055 1261 1087 est
1282 1054 1312 1088 S.
1331 1052 1549 1096 Theodulphi
1573 1053 1812 1092 Aurelianensis
1833 1052 1986 1097 Episcopi
2010 1075 2026 1093 ι

1138 1103 1229 1145 cujus
1251 1105 1378 1148 integer
1396 1113 1571 1137 contextus
1590 1103 1635 1137 est
1650 1103 1740 1147 supra
1751 1103 1922 1138 addustus.

1297 1176 1667 1221 CAPUT
1744 1177 1866 1215 XIII

1141 1256 1312 1288 Tridentini
1334 1257 1452 1287 Dec-reti
1474 1255 1550 1286 data
1556 1263 1616 1296 per
1627 1254 1880 1290 Exhibitionem
1890 1256 2029 1298 expofitia

1386 1303 1538 1343 stabilitur
1564 1315 1598 1337 ac
1619 1306 1801 1337 elucidatur.

1214 1353 1340 1386 Amoso
1351 1354 1539 1387 sacrosan-sti
1553 1354 1698 1388 Concilii
1708 1354 1804 1387 Trid.
1816 1339 1959 1389 Decreto
1972 1355 2030 1389 de-

1236 1404 1270 1436 di
1288 1402 1375 1436 hunc
1399 1403 1713 1437 Commentariurn:
1741 1406 1869 1443 synodus
1891 1404 2028 1445 Ecclefiae

1145 1454 1354 1486 Parochialis
1335 1465 1391 1494 Jus
1404 1465 1461 1486 non
1479 1451 1587 1495 firmat
1606 1464 1708 1487 contra
1720 1455 1927 1488 Mendicantes
1940 1456 2031 1487 Ordi-
2061 1459 2064 1484 ἶ

1146 1515 1197 1536 nes
1210 1529 1220 1543 ‚
1242 1501 1300 1544 sed
1308 1513 1409 1535 contra
1419 1504 1498 1535 alias
1514 1503 1699 1535 Parochialer
1713 1504 1857 1546 Ecclefias
1871 1529 1881 1543 ,
1905 1514 2028 1546 acprae-
2053 1536 2056 1539 ,

1145 1555 1250 1595 sertim
1259 1561 1361 1585 contra
1371 1555 1510 1584 Orator-ia
1522 1577 1531 1591 ,
1540 1552 1593 1592 seu
1602 1555 1745 1592 Capella:
1758 1560 1765 1585 '.
1780 1554 2031 1588 Demonstrator

1147 1603 1228 1637 dicit
1248 1603 1310 1635 esse
1318 1603 1591 1642 interpretationem
1602 1600 1742 1643 infidsam
1756 1626 1763 1633 .
1785 1602 1826 1635 Et
1837 1604 2054 1645 adaequatio-J

1153 1663 1227 1685 nem
1239 1675 1248 1691 ‚
1277 1661 1375 1694 quam
1386 1650 1595 1684 parochiales
1618 1652 1702 1684 inter
1722 1664 1759 1688 ac
1773 1652 1950 1695 Regulares
1970 1653 2035 1686 de*
2051 1659 2055 1662 ’

1151 1702 1325 1733 monstravi
1340 1701 1517 1739 Ecclefias,
1544 1701 1634 1733 addit
1646 1702 1708 1733 elie
1730 1707 1956 1743 imaginariam.
1987 1702 2033 1736 Et:

1150 1751 1370 1793 prosequitur:
1397 1752 1513 1790 septem
1525 1748 1802 1792 integris-capitibus
1817 1749 2032 1793 chronologum

1151 1809 1249 1842 egerat
1263 1798 1375 1831 Author
1390 1799 1479 1837 noster
1495 1823 1504 1838 ,
1526 1797 1582 1841 sed
1593 1798 1750 1841 istiusmodi
1763 1825 1773 1840 ,
1785 1810 1818 1833 ut
1831 1812 1910 1833 vano
1919 1801 2031 1834 deiec‘iit

1147 1861 1185 1882 ex
1208 1855 1369 1892 omnigenis
1383 1848 1565 1888 historiarum
1577 1849 1763 1891 fragmentis
1784 1852 1906 1883 larvam
1918 1856 2036 1883 concin-

1149 1906 1230 1931 naris
1244 1924 1253 1939 ‚
1281 1910 1340 1940 qua
1354 1897 1492 1932 obvelare
1501 1907 1588 1941 queat
1601 1899 1676 1931 hanc
1687 1899 1798 1943 utique
1819 1901 2033 1941 frequentan-

1149 1948 1194 1982 dae
1208 1948 1392 1987 parochiae,
1401 1949 1616 1992 obligationem,
1629 1961 1667 1982 ne
1678 1952 1698 1982 ᾶ
1712 1951 1814 1983 Fidet'i
1820 1952 1928 1992 populo
1938 1962 2033 1994 agno-

1144 1997 1261 2041 statur.
1290 1999 1408 2032 Scribit
1418 1999 1479 2032 alia
1493 2000 1522 2031 id
1537 2010 1641 2043 genus
1653 2000 1764 2041 plura,
1797 2012 1867 2044 quae
1879 2002 1961 2034 irato
1974 2000 2033 2034 bo-

1150 2050 1181 2082 ni
1211 2048 1271 2082 viri
1292 2048 1420 2082 calamo
1444 2048 1549 2082 libens
1570 2050 1725 2093 ignosco.

1200 2099 1367 2132 Letstorem
1379 2100 1511 2133 remitto
1523 2100 1562 2132 ad
1574 2101 1693 2142 septem
1706 2098 1761 2133 ista
1774 2110 1892 2143 capita
1905 2081 2034 2136 Videat:

1153 2149 1185 2182 &
1198 2148 1339 2190 judicet,
1352 2160 1391 2181 an
1407 2149 1536 2188 insulsa,
1547 2149 1752 2193 imaginaria,
1763 2151 1796 2183 &
1810 2151 1960 2186 larvarica
1973 2151 2034 2184 do-

1148 2200 1268 2231 cuerim
1279 2222 1287 2230 .
1314 2198 1443 2232 lnterim
1456 2199 1519 2232 sine
1532 2200 1748 2233 fundamento
1760 2201 1892 2234 accusor
1905 2200 2033 2244 obliga·

1150 2248 1274 2282 tionem
1287 2273 1298 2291 ‚
1325 2259 1387 2291 qua
1397 2249 1502 2282 fidelis
1516 2250 1654 2292 populus
1667 2249 1879 2292 adstringitur
1899 2251 1960 2283 suae
1971 2250 2032 2284 Pa-

1149 2297 1263 2332 rochiae
1274 2322 1285 2338 ,
1310 2298 1461 2332 obvelare
1474 2322 1481 2330 .
1505 2299 1559 2332 Est
1573 2310 1638 2332 non
1656 2297 1722 2331 leve
1734 2298 1856 2332 crimen
1867 2323 1875 2330 .
1895 2299 2028 2333 Etenim

1148 2349 1270 2382 cunstis
1282 2346 1520 2391 Regularibus,
1549 2360 1591 2381 ne
1612 2359 1723 2382 contra
1747 2347 1954 2385 parochiales
1967 2348 2029 2382 Ec-

1147 2399 1256 2431 clefias
1268 2398 1453 2441 praedicent,
1464 2398 1661 2430 interdicunt
1673 2399 1725 2432 SS.
1738 2398 1900 2431 canones.
1912 2397 2028 2432 Proin-

1147 2447 1265 2491 deego-
1276 2447 1362 2480 aliud
1379 2459 1444 2479 non
1457 2446 1577 2486 docui,
1591 2458 1686 2490 quam
1702 2448 1879 2491 Regulares
1890 2447 2027 2493 Mendi-

1146 2500 1293 2530 cantium
1314 2497 1478 2531 Ordinum
1494 2496 1648 2530 Eccleflas
1668 2498 1734 2530 esse
1757 2497 1915 2533 Romanae
1934 2497 2028 2535 Sedis

1148 2547 1355 2591 Appendices
1374 2556 1470 2590 atque
1499 2545 1666 2586 Vicarias,
1693 2547 1726 2581 ἀ·
1742 2548 1849 2588 quoad
1866 2549 2026 2590 quasdam

1148 2598 1249 2632 sacras
1261 2596 1459 2630 functiones
1458 2597 1572 2638 aequari
1587 2593 1851 2632 parochialibus.
2004 2610 2007 2612 ’

1200 2647 1243 2679 Et
1266 2647 1354 2690 quod
1368 2646 1398 2678 S.
1411 2645 1612 2679 Tridentina
1625 2645 1776 2687 Synodus
1790 2658 1845 2690 pro
1856 2635 2026 2681 parochiis

1147 2707 1213 2730 non
1225 2707 1338 2730 contra
1356 2696 1533 2739 Regulares
1554 2696 1626 2731 istas
1643 2697 1816 2736 Ecclesias,
1846 2698 1896 2730 sed
1909 2708 2024 2731 contra

1146 2747 1222 2780 alias
1244 2743 1449 2779 parochiales
1460 2769 1470 2785 ,
1498 2747 1666 2788 praesertim
1678 2758 1790 2779 contra
1802 2747 1953 2784 Oratoria
1967 2748 2024 2782 seu

1147 2796 1297 2838 Capellas
1320 2795 1514 2836 decreverit,
1526 2814 1529 2819 ,
1542 2798 1620 2829 volo
1637 2797 1749 2828 iterum
1764 2797 1870 2837 paucis
1881 2796 2024 2830 demon·-

1146 2845 1256 2879 strare.
1288 2845 1383 2879 Istam
1397 2845 1694 2888 interpretationem
1708 2856 1774 2878 non
1796 2847 1876 2879 finxi
1889 2858 1929 2880 ex
1946 2858 2023 2881 meo

1146 2895 1276 2929 arbitrio
1289 2921 1298 2934 ,
1308 2896 1359 2928 sed
1371 2894 1471 2929 didici
1481 2897 1500 2930 ὲ,
1515 2896 1686 2928 Gallicana
1699 2894 1836 2928 Ecclesia
1847 2919 1856 2928 .
1887 2896 2021 2931 Etenim
2044 2931 2047 2936 ,

1147 2947 1230 2979 inter
1252 2946 1400 2988 primates
1426 2945 1614 2979 Tridentini
1648 2944 1791 2977 Concilii
1815 2945 1923 2980 Patres
1957 2946 2023 2983 fuit
2043 2979 2046 2982 ,

1146 2994 1311 3029 Dominus
1321 2995 1459 3030 Carolus
1471 2993 1652 3029 Cardinalis
1663 2995 1680 3029 a
1703 2994 1934 3040 Lotharingia‚
1959 2996 2023 3030 Ar-

1147 3044 1371 3088 chiepiscopus
1403 3045 1587 3079 Remensis.
1617 3044 1797 3086 ASynodo
1820 3046 1918 3079 redux
1940 3058 2022 3081 mox

1146 3095 1185 3128 ad
1206 3095 1274 3137 ejus
1294 3095 1518 3129 executionem
1554 3093 1728 3129 celebravit
1756 3096 1814 3129 suae
1837 3095 2021 3130 Provinciae

1149 3144 1358 3185 Concilium,
1386 3146 1462 3178 &in
1477 3145 1571 3187 ipsius
1584 3143 1778 3178 duodecima
1790 3146 1921 3179 sessione
1936 3156 2019 3180 retu·
2038 3138 2045 3143 ⁴

1147 3195 1184 3227 lit
1197 3194 1279 3230 hanc
1293 3195 1520 3238 quaestionem:
1549 3196 1583 3227 Se
1600 3193 1722 3226 libenter
1743 3197 1915 3228 auditurum
1932 3197 2018 3227 aDo-

1146 3244 1269 3277 &oribus
1280 3269 1290 3284 ,
1318 3245 1395 3286 quid
1399 3243 1436 3284 fit
1437 3243 1616 3284 faciendum
1634 3246 1672 3276 de
1685 3255 1715 3277 eo
1728 3268 1737 3283 ,
1766 3250 1817 3286 qui
1826 3247 1869 3276 ad
1888 3256 1950 3277 rem
1962 3248 2018 3276 Di-

1147 3302 1252 3329 vinam
1277 3296 1310 3327 (Ὗ
1326 3298 1418 3326 Deum
1441 3293 1590 3326 colendum
1615 3306 1776 3336 numquam
1789 3299 1876 3331 venit
1887 3294 2017 3336 insuam

1148 3343 1302 3385 Ecclefiam
1319 3342 1515 3383 parochialem
1538 3354 1565 3376 .;.
1583 3341 1676 3377 Nota
1706 3343 1786 3377 bene*
1808 3356 1815 3375 ε
1844 3346 1908 3386 ,Qui
1932 3354 2018 3376 num-

1147 3403 1234 3436 quam
1255 3402 1354 3428 vemt.
1383 3393 1547 3426 Dominus
1568 3393 1752 3427 Cardinalis
1774 3394 1914 3436 quaefivit
1935 3418 1945 3435 ‚
1972 3404 2017 3430 ara

1147 3444 1274 3480 deberet
1286 3453 1340 3480 aut
1354 3444 1455 3487 posset
1468 3442 1768 3480 excommunicari?

1667 3492 1697 3527 E
1721 3502 1740 3526 e
1924 3479 1982 3527 “Et

2032 280 2182 329 Ep.136:
