2366 3736
364 134 400 167 '2
413 129 470 166 152

330 206 599 241 commutabilem
614 229 624 246 ‚
650 215 688 239 ac
712 212 822 238 mente
845 205 1063 251 nostralonge
1075 206 1214 250 superio·

331 268 399 290 rem
422 259 572 291 omnium
588 256 746 298 justorum
770 256 937 299 regulam,
964 258 1005 290 de
1027 268 1091 299 qua
1114 267 1211 290 nemo

330 306 424 350 poffit
438 332 448 347 ,
475 309 507 340 δε
520 306 695 339 secundum
705 316 801 348 quam
814 318 928 340 omnes
939 308 1080 341 debeant
1089 306 1210 349 judica-

330 368 382 390 re.
410 357 578 397 Estplam2,
605 356 734 399 inquit,
760 357 809 388 ille
824 355 956 398 summus
970 360 1208 401 DeusveraJu—

322 407 407 445 stitia
418 431 426 445 ‚
442 405 494 437 vel
501 406 549 437 ille
563 416 650 437 verus
662 409 741 438 Deus
749 404 867 448 summa
874 409 902 448 J
906 409 1003 442 uliitia
1014 431 1023 446 ,
1047 417 1135 448 quam
1142 416 1208 447 pro-

319 456 402 497 fec'lo
421 453 527 496 esurire
550 456 583 487 1&
597 454 700 496 sittre,
725 466 759 488 ea
777 457 813 495 est
826 458 919 495 nostra
932 463 963 490 in
974 457 1030 489 hac
1039 463 1207 500 peregrina·

325 512 401 537 tione
404 508 437 548 J
440 504 537 542 ustitia
547 528 557 543 ‚
584 507 617 538 ζ’]
630 518 689 546 qua
698 506 796 548 postea
803 506 937 548 saturari
949 533 958 547 ,
983 520 1017 540 ea
1026 507 1119 547 nostra
1130 507 1206 547 estin

150 560 242 594 Deus
260 560 305 593 est
323 561 491 586 aeternitate
502 556 726 599 plenaJustieta
737 581 744 588 .
774 557 847 590 Effe.
858 559 938 591 dicit
952 559 983 591 ἃ
999 560 1096 592 vitam
1107 568 1205 600 quan-

148 611 292 652 sflpsema
323 604 397 637 dam
411 628 421 644 ‚
448 615 518 646 quae
527 607 736 640 essentialiter
746 607 856 648 vivat,
882 609 970 640 &sui
986 608 1203 650 participatio·

147 659 212 692 vira
235 683 245 698 ‚
271 660 302 692 ὅ(
323 665 363 686 ne
385 657 490 688 vivere
503 651 600 690 'faciat
621 656 692 691 viva
713 658 848 696 omnia,
875 669 943 699 quae
955 657 1109 691 fitomnis
1133 659 1203 691 vitae

143 711 253 743 omnis
320 705 396 738 fons
419 706 451 739 δι.
472 706 537 738 vita
549 707 706 741 vitarum.
738 706 903 740 Dariitem
917 709 1082 752 quandam
1095 708 1201 750 supre-

143 758 260 794 vinus,
318 766 406 788 mam
436 780 446 795 ,
473 755 710 791 substantialem
731 780 742 796 ,
779 767 876 799 atque
897 754 1200 792 incommutabilem

318 805 497 839 bonitatem
513 832 522 847 ,
548 809 700 849 pietatem
713 830 723 846 ‚
737 806 904 839 veritatem
916 831 926 847 ,
938 808 1201 850 temperantiam,

314 855 493 889 castitatem
508 881 517 896 ,
544 858 743 891 sanititatem
755 878 766 894 ‚
794 856 1071 899 pulchritudinem
1084 882 1095 898 ‚
1111 858 1201 900 cujus

313 906 563 949 participatione
587 908 619 942 &
642 907 732 939 dono
753 905 815 939 fint
834 906 920 940 bona
946 933 956 948 ‚
983 909 1034 951 pia
1053 933 1063 949 ‚
1092 919 1164 941 vera
1189 934 1199 949 ,

312 959 523 999 temperantia
535 979 544 996 ,
571 956 654 989 casta
665 981 675 996 ,
703 957 807 990 sancta
823 981 832 997 ,
859 957 990 999 pulchra
1003 982 1013 998 ‚
1040 968 1196 1000 quaecum-

311 1016 374 1048 que
392 1007 574 1045 suntrana,
602 1007 635 1039 &
660 1005 700 1039 de
723 1005 840 1049 quibus
863 1008 1117 1051 nemojudicet,
1146 1009 1195 1042 sed

310 1057 488 1090 secundum
512 1067 590 1099 quas
612 1057 747 1099 judicari
765 1067 914 1099 oporteat
941 1059 981 1091 de
1004 1058 1073 1091 istis
1091 1060 1194 1092 omni·

310 1105 369 1139 bus
390 1131 400 1146 ,
426 1107 471 1139 est
490 1106 636 1139 sublimis
664 1107 698 1140 ὅ(
719 1107 873 1140 constans
896 1109 993 1142 saneti
1015 1107 1195 1152 Augustini

133 1161 176 1195 Et
187 1163 291 1207 [ψη.
308 1155 500 1200 Theologia
516 1182 523 1188 .
552 1157 633 1189 Eam
650 1168 716 1190 non
731 1156 958 1191 intellexerunt
971 1158 1070 1191 etiam
1082 1157 1194 1201 Sophi-

130 1224 182 1245 τῃ,
211 1214 290 1245 vesj-
307 1205 360 1238 stae
383 1207 455 1246 illi,
482 1206 537 1246 qui
550 1205 634 1248 apud
647 1205 841 1240 Matthaeum
856 1207 1064 1241 Parifiensem
1078 1208 1194 1242 docue-

134 1273 204 1297 ως,
220 1262 286 1295 An.
307 1266 381 1289 runt
403 1257 516 1288 multas
539 1256 578 1288 ab
602 1265 714 1289 aeterno
728 1256 820 1299 fuisse
843 1263 1015 1298 veritates,
1042 1270 1110 1300 quae
1136 1270 1193 1291 non

128 1305 373 1361 „01243‚sunt
396 1310 475 1339 Deus
491 1331 498 1337 .
526 1306 810 1349 propositionum,
839 1318 919 1350 quas
942 1308 1114 1342 Dialectici
1140 1320 1190 1343 vo-

304 1366 380 1390 cant
396 1367 519 1389 aeternae
531 1357 695 1394 veritatis,
722 1356 900 1390 multitudo
922 1356 1013 1391 dedit
1024 1360 1133 1392 ansam
1146 1369 1189 1392 er-

303 1406 386 1439 rori.
416 1406 516 1439 Recte
538 1407 612 1439 vero
625 1408 832 1448 reposuerunt
844 1407 1043 1450 synodaliter
1054 1408 1187 1442 adunati

301 1456 457 1500 Episcopi
473 1469 480 1488 z
510 1465 596 1492 Hunc
613 1467 740 1489 errorem
757 1457 947 1498 probibemus
958 1483 968 1496 ,
997 1458 1187 1500 &assertores

301 1509 365 1547 ejus
388 1518 422 1539 ac
434 1506 599 1548 defensaret
613 1513 896 1540 excommunicamus
911 1532 918 1539 .
947 1511 1093 1540 Firmiter
1108 1514 1187 1541 enim

299 1558 449 1590 credlmus
461 1559 495 1590 (5·
508 1556 674 1598 adserimus
687 1580 696 1595 ,
720 1559 799 1599 quod
806 1556 937 1599 unasola
947 1564 1064 1591 vemas
1069 1557 1135 1599 fult
1149 1558 1187 1590 ab

300 1616 429 1646 aeterno,
454 1619 520 1649 quae
544 1610 622 1639 Deus
644 1607 680 1646 est
691 1630 701 1647 ,
730 1610 764 1641 (w
785 1608 868 1640 nulla
888 1619 955 1650 quae
969 1607 1070 1648 nonsit
1082 1610 1166 1641 Deus
1178 1634 1185 1643 .

299 1657 348 1691 Ea
370 1658 415 1691 est
429 1657 711 1691 incommutabilis
723 1670 760 1692 ac
771 1658 918 1700 suprema
938 1657 1052 1691 veritas
1078 1682 1088 1698 ,
1115 1669 1186 1702 quae

297 1718 413 1741 omnes
434 1708 579 1741 laudatas
607 1709 841 1751 propositiones
864 1708 910 1742 sui
933 1707 1187 1754 participatione

297 1759 377 1792 facit
399 1757 440 1791 ab
452 1768 571 1796 aeterno
584 1768 689 1791 veras.

349 1809 511 1842 Omittere
535 1809 637 1842 nolim
651 1808 794 1851 quaedam
808 1809 907 1844 sanffl
921 1807 1102 1855 Augustini
1117 1820 1185 1845 ver·

298 1859 338 1893 ba
364 1860 397 1892 in
416 1859 497 1891 libro
511 1859 551 1891 de
564 1870 632 1892 vera
648 1859 844 1903 Religione:
871 1862 1080 1903 ,Qua-rendum
1089 1860 1127 1901 est
1136 1871 1186 1894 cur

298 1921 350 1942 nos
371 1909 500 1949 offendat
513 1933 521 1947 ,
543 1908 574 1948 fi
588 1909 705 1941 duabus
721 1910 866 1951 fenestris
879 1922 938 1943 non
945 1909 1037 1953 super
1046 1916 1186 1950 invicem,

293 1958 353 2003 sed
369 1962 466 2001 juxta
486 1965 610 1991 invicem
625 1960 727 1992 locatis
742 1984 752 1999 ,
774 1972 834 1993 una
856 1972 958 1994 earum
972 1962 1068 2001 major
1079 1966 1185 1994 minor-

297 2021 336 2043 ve
340 2009 380 2051 fit
390 2034 401 2050 ‚
428 2010 491 2042 cicm
503 2011 629 2050 aquales
643 2010 694 2052 effe
702 2016 855 2051 potuerint
868 2035 878 2050 ,
887 2010 918 2052 fi
925 2013 997 2044 vero
1003 2009 1094 2053 super
1105 2016 1173 2044 invi

297 2072 358 2094 cem
374 2059 496 2102 fuerint
506 2083 516 2098 ‚
544 2059 698 2101 ambaeque
719 2062 756 2094 de
774 2062 869 2094 medio
881 2065 1025 2104 quamvis
1037 2067 1164 2102 impares
1178 2084 1187 2099 ‚

299 2121 356 2143 non
377 2116 422 2142 tta
434 2109 567 2150 offendat
579 2109 632 2149 ista
640 2111 833 2152 inaequalitas
846 2135 856 2150 ‚
883 2112 917 2145 (9
929 2122 979 2143 cur
992 2120 1050 2143 non
1064 2112 1187 2143 multam

298 2171 432 2193 curemus
443 2185 452 2199 ,
461 2163 573 2201 quanto
580 2159 618 2200 fit
630 2171 690 2192 una
703 2172 807 2193 earum
821 2171 876 2192 aut
893 2162 988 2200 major
1001 2169 1052 2192 aut
1069 2166 1165 2192 minor
1177 2184 1187 2199 ,

299 2213 375 2251 qia—'a
396 2211 463 2241 duae
471 2207 554 2250 sunt.
584 2213 619 2241 In
631 2209 727 2242 tribus
739 2219 841 2243 autem
848 2206 954 2252 sensas
970 2211 1089 2242 videtur
1101 2218 1185 2250 expe-

299 2268 362 2292 tere
375 2283 385 2298 ‚
409 2266 439 2290 ut
453 2267 506 2290 aut
517 2263 645 2299 impares
656 2271 713 2291 non
719 2258 798 2299 fine,
824 2268 877 2292 aut
889 2264 966 2292 inter
979 2265 1143 2291 maximam
1156 2261 1189 2292 cb*

300 2314 454 2342 minlmam
465 2314 510 2340 ita
515 2307 552 2349 fit
567 2310 662 2340 media
674 2331 683 2347 ‚
708 2319 742 2340 ut
767 2312 854 2341 tanto
861 2311 1013 2351 praecedat
1026 2315 1165 2342 minorem
1181 2333 1189 2346 ,

300 2361 413 2401 quanto
424 2359 444 2389 ἃ
458 2361 568 2398 majore
573 2360 761 2399 praeceditur.
773 2358 884 2392 Plures
895 2359 1028 2393 adducit
1039 2358 1190 2392 aedificio·

300 2420 373 2442 rum
398 2419 433 2441 ac
454 2408 644 2441 fabricarum
666 2409 826 2453 figuras&
840 2409 1089 2452 proportiones,
1115 2418 1187 2451 qua-

302 2470 371 2492 rum
383 2457 590 2501 congruitate
603 2468 657 2491 aut
672 2458 912 2502 incongruitate
925 2459 989 2501 ipse
1001 2458 1109 2491 statim
1122 2459 1187 2492 sen—

118 1817 201 1861 Cap.
221 1826 278 1864 50.

302 2510 353 2542 sus
373 2508 545 2542 delectatur
566 2517 621 2540 aut
642 2508 820 2542 offenditur
838 2532 850 2547 ‚
885 2507 1071 2551 judicatque
1093 2510 1189 2542 rectas

302 2560 365 2592 effe
389 2569 444 2592 aut
469 2558 619 2591 vitiosas.
644 2557 785 2599 Judicari
798 2557 831 2591 id
844 2557 925 2592 dicit
935 2569 977 2592 ex
989 2558 1128 2601 quadam
1142 2561 1188 2592 su-

303 2619 412 2650 prema
437 2609 525 2649 supra
543 2619 678 2641 omnem
692 2607 942 2641 intellectualem
953 2619 1130 2642 creaturam
1144 2608 1186 2642 lu-

302 2669 398 2692 cente
409 2658 516 2703 regula
531 2659 563 2692 &
576 2668 660 2696 arte,
686 2657 728 2691 de
739 2669 803 2701 qua
815 2657 1003 2691 concludit:
1033 2659 1185 2702 Ambigen-

302 2710 372 2741 dum
394 2719 451 2741 non
471 2708 508 2748 est
533 2708 800 2740 incommutabilem
822 2717 986 2748 naturam,
1012 2720 1080 2750 quae
1098 2707 1191 2750 supra

301 2761 480 2792 rationalem
502 2764 636 2791 animam
652 2757 713 2799 fit,
742 2761 836 2790 Deum
856 2759 930 2800 effe,
957 2761 991 2792 (θ’
1013 2759 1117 2801 ibiesse
1126 2765 1190 2800 prl-

301 2821 382 2841 mam
395 2815 492 2842 vitam
508 2832 517 2848 ,
542 2810 576 2842 (9·
585 2814 716 2850 primam
727 2808 874 2851 efflantium
884 2831 893 2847 ,
920 2808 969 2840 ubi
983 2808 1020 2847 cst
1028 2813 1132 2849 prIma
1139 2807 1190 2851 sa-

298 2860 435 2901 pientia.
464 2864 551 2892 Nam
574 2858 636 2891 baec
656 2857 693 2897 est
706 2859 760 2890 ma
775 2857 1023 2890 incommutabilis
1035 2862 1150 2891 ver‘tas
1178 2883 1188 2899 ‚

304 2919 369 2950 quae
383 2910 569 2941 lex-omnium
580 2914 691 2941 artium
703 2907 780 2941 rec‘li
793 2910 902 2940 dicitur
915 2932 925 2947 ‚
952 2909 986 2940 (9¹
1001 2920 1051 2940 ars
1063 2915 1191 2950 omnipo-

303 2963 395 2990 tentis
421 2959 544 2999 artificis
561 2983 568 2990 .
601 2959 700 2991 Hanc
722 2969 845 2997 artem,
873 2956 959 2991 hanc
986 2958 1152 2991 veritatem
1181 2983 1191 2997 ‚

304 3006 389 3039 hanc
400 3007 554 3049 justitiam
567 3033 576 3048 ,
606 3008 690 3042 banc
704 3009 884 3043 castitatem
898 3032 908 3046 ,
937 3006 1022 3040 hanc
1042 3008 1189 3050 quamvis

304 3057 448 3101 regulam
471 3056 552 3090 adeo
578 3058 666 3091 nulla
681 3058 824 3092 humana
837 3058 994 3101 iniquitas
1004 3066 1060 3090 aut
1072 3056 1190 3091 machi-

304 3118 346 3141 na
371 3107 462 3149 poffit
484 3117 641 3147 evertere,
672 3118 707 3140 ut
728 3110 827 3142 etiam
853 3107 990 3153 grandes
1009 3107 1041 3140 in
1056 3109 1191 3150 propriis

304 3157 413 3191 oculis
436 3155 607 3200 Theologi
633 3181 643 3196 ,
670 3158 747 3190 dum
768 3158 947 3201 quidquam
964 3155 1131 3191 adversum
1154 3158 1189 3191 il-

129 3216 218 3265 Qffl
249 3219 287 3253 fit
306 3208 351 3241 las
369 3215 532 3240 conantur
554 3207 655 3239 facere
668 3207 856 3249 probabile,
883 3207 1191 3242 revincanturafim-

131 3270 267 3313 diligere
307 3257 446 3305 plicibus
465 3255 590 3288 rusticis
609 3256 641 3288 &
662 3255 816 3297 imperitis
838 3256 1052 3297 cerdonibus,
1079 3259 1190 3300 utique

128 3322 239 3355 Deum
254 3329 288 3352 ut
307 3319 360 3351 per
385 3308 494 3340 lumen
509 3305 591 3338 istud
606 3329 616 3343 ,
641 3305 680 3337 de
693 3318 759 3349 quo
774 3309 926 3350 scriptum
938 3308 1002 3341 est:
1032 3310 1189 3350 Signatum

126 3369 289 3412 omnisju.
306 3358 344 3399 est
361 3356 452 3402 super
479 3368 531 3389 nos
549 3356 658 3401 ‘lumen
669 3357 770 3388 vultus
783 3364 827 3389 tui
840 3382 850 3397 ‚
877 3360 1001 3391 Domine
1017 3382 1023 3389 .
1050 3358 1189 3404 Qiocir-

130 3419 225 3455 ffigjae
305 3419 344 3442 ca
369 3409 478 3442 Deum
505 3406 669 3448 optimum
691 3407 872 3440 maximum
894 3418 1060 3451 tamquam
1081 3408 1190 3441 omnis

128 3472 257 3506 fontem
279 3494 287 3502 ,
305 3458 435 3503 justitia
455 3458 582 3491 fontem
603 3446 740 3499 dingere
761 3456 807 3491 est
831 3457 956 3493 lumine
975 3458 1040 3494 isto
1051 3457 1163 3493 adflari
1181 3483 1191 3502 ‚

127 2669 208 2710 Cap.
230 2676 282 2713 31.

893 111 1311 167 DtssrRTAno
1361 116 1737 176 Doemxrica

1275 205 1415 248 suprema
1436 206 1565 250 justitiae
1586 206 1620 240 δε
1629 205 1792 240 bonorum
1803 216 1938 253 operum
1952 205 2061 256 regula
2074 208 2160 247 dele·

1274 256 1348 290 stari
1359 281 1370 297 ,
1397 257 1557 300 amplesti,
1569 257 1601 291 ὅ(
1613 256 1807 300 sequendam
1818 259 1986 295 decernere
1999 286 2010 303 ,
2033 261 2159 296 omnia-

1272 317 1334 348 que
1355 307 1504 342 adversus
1526 307 1616 341 illam
1639 307 1720 340 faeta
1743 307 1762 341 a
1773 306 1867 341 nobis
1878 309 2001 355 flagitia
2014 313 2067 346 seu
2081 310 2157 346 faci-

1273 368 1350 390 nora
1360 357 1476 395 odisse,
1487 356 1521 390 ὅ(
1534 355 1685 391 detestari
1702 382 1709 389 .
1721 358 1813 397 Hoc,
1823 357 1955 401 inquam
1964 383 1975 400 ,
1985 361 2030 395 est
2043 362 2154 396 Deum

1273 403 1402 441 Patrem
1414 407 1552 450 diligete
1563 429 1574 446 ,
1600 406 1730 452 eiusque
1741 419 1816 441 cum
1828 409 1950 451 Spiritu
1964 410 2081 447 Sancto
2093 413 2154 446 Di-

1271 457 1382 490 vinum
1412 456 1557 490 Verbum
1578 480 1588 496 ‚
1616 457 1657 490 de
1679 468 1745 500 quo
1766 457 1806 491 ad
1827 457 2021 494 Corinthios
2043 462 2153 496 scribit

1271 506 1465 549 Apostolus:
1493 505 1666 549 ,osismus
1678 507 1715 545 est
1727 507 1967 551 nobissaptentta
1977 510 1996 541 ἃ
2010 513 2070 544 Deo
2082 536 2093 552 ,
2117 514 2151 546 ὑ
2167 522 2267 566 Epist,
2293 493 2325 564 ¹⁵·-

1264 556 1383 597 justitia
1397 581 1407 596 ‚
1438 555 1656 600 sancslificatio,
1682 558 1902 600 &redemptim
2163 583 2231 615 cap·
2259 584 2289 608 1·
2308 583 2313 591 .

1318 606 1417 641 Hanc
1438 607 1500 640 esse
1525 618 1629 639 veram
1653 607 1687 640 <Sc
1707 618 1894 651 germanam
1922 609 1988 643 Dei
2010 608 2150 644 dileetio-
2214 621 2261 655 Ε2
2275 624 2322 659 est

1269 667 1344 690 nem
1366 655 1463 690 tradit
1483 656 1737 698 frequentiffime
1761 657 1908 693 laudatus
1925 660 2147 705 Augustinus.
2165 681 2236 704 vera
2256 673 2323 708 Dei

1266 705 1302 739 In
1332 705 1422 740 libris
1452 707 1492 741 ad
1514 708 1657 740 sansturn
1684 707 1882 743 Pontificem
1904 710 2115 746 Bonifacium
2138 724 2145 743 :
2163 719 2296 758 dileetio
2312 746 2322 757 ⁴

1265 757 1353 800 ,Quid
1362 757 1398 797 est
1417 756 1483 789 boni
1496 758 1669 798 cupiditas,
1695 756 1752 798 nisi
1760 757 1912 796 charitas!
1940 759 1983 793 Et
1997 761 2031 794 in
2057 761 2147 795 libris
2162 771 2202 805 L,
2217 784 2246 809 2·
2259 784 2311 821 09

1264 808 1305 840 de
1328 808 1516 843 saneuffima
1526 807 1695 841 Trinium
1716 820 1724 839 :
1747 809 1881 851 ,Quidest
1894 810 2147 844 asteazovezcha-
2162 820 2202 854 L.
2219 819 2250 858 g,
2271 800 2321 858 „j

1264 862 1361 898 ritas,
1390 870 1480 900 quam
1503 859 1655 899 tantopere
1675 860 1828 899 scriptura
1850 860 2035 892 commendat
2055 885 2066 901 ‚
2095 859 2151 902 nisi
2166 880 2217 907 10.

1264 906 1332 941 bom·
1346 909 1446 941 amor?
1472 910 1585 951 utique
1601 919 1667 941 non
1683 908 1760 943 boni
1774 909 1921 953 AngeH,
1948 908 2147 944 bonihomi-
2161 925 2241 969 Cap,
2265 933 2296 972 3.

1263 956 1312 990 nis
1325 981 1335 997 ‚
1361 957 1455 992 bonae
1466 958 1600 999 animae,
1629 969 1684 993 aut
1704 958 1844 1000 cujusvis
1855 959 1992 993 alterius
2004 960 2121 1003 privati
2134 984 2147 1002 ,
2300 973 2308 995 .·

1264 1007 1315 1040 sed
1335 1008 1495 1050 generalis
1520 1008 1553 1042 &
1575 1010 1711 1051 supremi
1738 1008 1840 1049 boni,
1867 1010 1909 1044 de
1921 1021 1988 1053 quo
2001 1010 2107 1055 pergit
2134 1035 2146 1052 ,

1265 1058 1416 1089 Amandus
1438 1057 1475 1097 est
1495 1060 1596 1099 Deus,
1624 1071 1680 1091 non
1701 1059 1751 1091 boc
1770 1061 1821 1093 vel
1843 1061 1922 1093 illud
1941 1060 2069 1101 bonum,
2090 1059 2147 1104 sed

1261 1105 1357 1148 ipsum
1369 1106 1472 1140 bonum
1484 1132 1490 1139 .
1506 1110 1712 1151 ‚Quaerendum
1723 1114 1802 1142 enim
1813 1108 1920 1143 bonum
1938 1116 2050 1144 animae
2064 1134 2075 1150 ,
2087 1122 2145 1143 non

1259 1162 1305 1189 cui
1310 1155 1480 1199 supervolet
1482 1160 1650 1197 judicando
1661 1182 1671 1198 ,
1691 1160 1750 1202 sed
1757 1163 1803 1192 cui
1817 1159 1930 1193 haereat
1939 1162 2085 1194 amando.
2099 1164 2144 1193 Et

1259 1208 1336 1249 quid
1359 1206 1408 1239 hoc
1432 1207 1598 1249 nifiDeus?
1623 1212 1698 1242 Non
1711 1210 1800 1242 honus
1811 1210 1956 1250 animus,
1981 1222 2041 1244 non
2052 1210 2145 1243 bonus

1261 1258 1388 1301 Angelus
1399 1279 1409 1295 ‚
1420 1267 1471 1290 aut
1483 1256 1589 1290 bonum
1599 1259 1704 1291 caelum
1720 1283 1730 1298 ,
1737 1256 1794 1300 sed
1804 1258 1911 1291 bonum
1922 1259 2029 1292 bonum
2041 1283 2048 1291 .
2066 1259 2147 1294 Hoc

1258 1307 1323 1348 est,
1350 1307 1454 1350 ipsum
1475 1308 1659 1350 supremum
1677 1308 1995 1343 &incommutabile
2008 1308 2148 1354 bonum,

1257 1357 1383 1391 fontem
1405 1357 1513 1391 omnis
1541 1356 1620 1392 boni
1648 1358 1681 1391 &
1711 1357 1870 1392 bonitatis
1894 1383 1901 1390 .
1927 1358 2031 1393 Hunc
2056 1368 2148 1398 amo·

1256 1419 1322 1440 rem
1344 1408 1422 1441 alibi
1446 1419 1538 1440 vocat
1560 1405 1769 1442 dileaionem
1797 1408 1828 1442 ἀ
1858 1408 2049 1443 suavitatem
2059 1408 2150 1452 justi·

1256 1458 1326 1496 tiae,
1354 1456 1474 1491 bonam
1488 1456 1691 1491 voluntatem
1705 1482 1716 1496 ,
1735 1468 1881 1492 amorem
1899 1458 2027 1494 honesti
2041 1484 2052 1500 ,
2067 1459 2146 1498 dile-

1254 1507 1395 1540 ctionem
1418 1506 1518 1551 gratis
1545 1507 1774 1551 amplestendae
1785 1508 2068 1550 pulchritudinis,
2094 1516 2146 1544 w·

1254 1557 1279 1590 ri
1291 1556 1618 1600 concupiscentiam,
1644 1557 1832 1599 amplexum
1857 1558 2030 1594 castitatis.
2063 1559 2144 1594 Om-

1254 1608 1307 1639 nia
1330 1608 1403 1640 sunt
1426 1606 1566 1649 ejusdem
1591 1606 1635 1639 rei
1666 1606 1750 1641 varia
1773 1607 1944 1643 dumtaxat
1971 1608 2109 1644 nomina
2135 1620 2144 1641 ε

1253 1657 1334 1691 Sunt
1346 1668 1417 1691 vera
1432 1658 1465 1692 δε
1480 1655 1562 1690 casta
1578 1656 1641 1690 Dei
1652 1654 1785 1690 dileetio
1795 1680 1805 1697 ‚
1818 1667 1850 1692 at
1863 1659 2040 1694 secundum
2054 1656 2145 1693 aliud

1254 1708 1287 1742 ὃ(
1310 1706 1400 1741 aliud
1413 1707 1481 1750 ejus
1494 1705 1688 1740 attributum
1701 1708 1755 1740 seu
1770 1709 2002 1749 perfectionem
2018 1734 2026 1742 .
2052 1712 2142 1753 ope-
2185 1705 2313 1765 S‘ufficst

1255 1770 1288 1793 ra
1314 1758 1419 1792 nostra
1433 1782 1443 1797 ,
1470 1767 1505 1790 ut
1528 1756 1616 1791 bona
1640 1756 1701 1790 sint
1722 1755 1831 1791 &Dei
1852 1758 2140 1803 legemimpleant,

1254 1820 1293 1843 ex
1317 1808 1460 1842 fontium
1473 1806 1607 1841 istorum
1620 1807 1777 1852 quopiam
1787 1806 1908 1844 debent
1920 1804 2061 1844 omnin&
2075 1820 2145 1853 pro-

1254 1858 1383 1894 cedere.
2005 1899 2009 1901 ¹

1307 1908 1455 1955 Quaestio
1476 1906 1521 1942 est
1535 1931 1546 1948 ‚
1574 1906 1632 1943 An
1658 1908 1731 1943 talis
1744 1907 2032 1947 dilectiosufficiat
2043 1909 2143 1944 etiam

1256 1959 1295 1993 ad
1323 1958 1574 1993 Contritionem
1602 1959 1619 1990 ,ἲ
1646 1959 1788 2004 Qaem,
1815 1962 1864 1993 Ad
1881 1962 2100 1994 Contritionem
2127 1959 2144 1992 3

1257 2008 1361 2056 Qod
1384 2009 1474 2043 enim
1497 2007 1535 2040 ad
1559 2009 1673 2042 euntia
1694 2019 1786 2042 extra
1808 2009 2058 2053 Contritionem*
2089 2010 2144 2043 bo·

1260 2072 1300 2092 na
1323 2070 1419 2102 opera
1434 2083 1444 2099 ‚
1473 2056 1735 2101 Divinarumque
1760 2058 1801 2092 de
1823 2060 1897 2103 ipfis
1913 2060 2023 2104 legum
2034 2059 2143 2094 adim-

1259 2110 1440 2152 pletionem
1463 2108 1619 2148 sufficiat,
1646 2119 1713 2142 non
1741 2110 1865 2151 possum
1885 2108 2002 2143 haercrc
2015 2110 2064 2143 vel
2084 2109 2143 2144 du·

1261 2159 1386 2193 bitare.
1414 2158 1456 2191 Et
1479 2157 1557 2190 hinc
1579 2169 1653 2198 eos,
1681 2158 1737 2201 qui
1751 2161 1929 2202 exptefl‘am
1944 2160 2010 2195 Dei
2023 2159 2143 2194 subex-
2190 2177 2319 2213 Sufficit

1259 2209 1370 2251 plicita
1395 2208 1459 2240 Dei
1485 2206 1612 2241 ratione
1634 2207 1844 2243 dilectionem
1857 2210 2026 2254 requirunt
2039 2234 2051 2249 ‚
2076 2209 2141 2244 exi·
2156 2229 2234 2263 ficet
2247 2239 2315 2261 non

1258 2259 1357 2292 stimo
1369 2258 1456 2291 falli.
1486 2256 1610 2289 Eorum
1628 2267 1712 2290 unus
1726 2257 1787 2291 fuit
1799 2258 1940 2300 Joannes
1953 2259 1994 2293 de
2007 2258 2141 2302 Rocky-
2157 2279 2195 2313 fit
2230 2290 2292 2311 ex„

1258 2319 1360 2348 zana‚
1388 2305 1593 2340 Huffitarum
1615 2306 1649 2340 in
1673 2305 1833 2341 Bohemia
1849 2306 2027 2351 Princeps,
2054 2309 2142 2351 ajens

1259 2358 1429 2392 hominem
1452 2356 1545 2390 omni
1560 2357 1716 2400 temporis
1728 2367 1900 2391 momento
1913 2381 1924 2397 ,
1951 2358 2142 2392 incessanter

1257 2409 1290 2442 &
1312 2409 1378 2440 (ine
1403 2406 1690 2449 interpolatione,
1717 2406 1775 2440 sub
1796 2417 1955 2451 praecepto
1978 2407 2080 2442 teneri
2100 2406 2142 2441 ad

1258 2459 1367 2492 Deum
1395 2456 1509 2493 elicito
1532 2456 1565 2489 δε
1584 2457 1732 2499 expresso
1753 2458 1824 2490 astu
1847 2458 2142 2501 contemplandum

1256 2518 1293 2541 ac
1313 2504 1539 2550 diligendum.
1570 2506 1727 2539 Eamdem
1748 2508 1881 2540 Divinae
1891 2507 2141 2552 contemplatio·
2157 2529 2251 2564 Tom
2283 2539 2304 2566 2

1258 2558 1307 2591 nis
1339 2568 1376 2590 ac
1396 2555 1579 2589 dileaionis
1601 2555 1846 2599 perpetuitatem
1872 2557 1907 2590 in
1934 2555 2034 2592 literis
2058 2556 2142 2600 apud
2253 2554 2261 2563 ⁸
2305 2552 2315 2562 “

1258 2608 1381 2641 Lucam
1403 2605 1605 2639 Dacherium
1625 2605 1825 2639 exstantibus
1845 2606 2024 2641 admodum
2047 2618 2144 2642 comr

1258 2656 1389 2692 mendat
1402 2656 1506 2695 odo,
1532 2656 1581 2688 vir
1594 2655 1764 2699 insigniter
1774 2657 1920 2690 eruditus
1942 2658 2109 2692 &sanstus
2130 2681 2143 2698 ,

1258 2708 1367 2741 nescio
1388 2706 1483 2740 cuius
1505 2705 1538 2738 in
1559 2706 1669 2739 Gallia
1689 2704 1833 2739 coenobii
1858 2706 2007 2742 Clericus
2031 2708 2140 2751 Regu-

1258 2758 1349 2797 laris,
1383 2755 1573 2799 scribitque:
1603 2760 1661 2788 Hoc
1679 2756 1757 2798 quod
1777 2758 1840 2788 dico
1850 2754 2005 2799 sensi-rum
2017 2758 2070 2799 effe
2089 2768 2142 2790 ve-

1257 2809 1412 2848 rifflmum,
1438 2812 1490 2847 qui
1511 2807 1655 2839 dixerunt
1670 2806 1902 2847 fornicationem
1914 2807 1964 2849 effe
1981 2816 2141 2839 momenta·

1258 2869 1344 2892 neum
1355 2859 1374 2889 ἃ
1386 2855 1495 2895 christi
1506 2856 1750 2897 contemplatione
1760 2857 1908 2898 receffum.
1940 2856 2070 2897 Perfee‘lt'
2082 2865 2142 2890 ete-

1258 2914 1320 2940 nim
1345 2911 1406 2940 viri
1424 2911 1552 2939 internae
1574 2907 1724 2949 dulcedini
1744 2914 1829 2938 tanto
1853 2906 2019 2939 dileeflionis
2032 2908 2140 2940 ardore

2159 1780 2192 1813 δε
2216 1782 2319 1824 requi-

2159 1830 2239 1864 ritur
2276 1828 2318 1864 ad

2161 1879 2302 1924 implen-

2160 1930 2235 1965 dam
2247 1928 2314 1965 Dei

2159 1981 2283 2026 legem.

2158 2329 2259 2373 pressa
2273 2351 2282 2360 .

2158 2778 2258 2824 Epist,
2281 2749 2313 2815 ι’.

1253 2966 1311 3000 per
1321 2956 1595 2996 contemplationem
1606 2955 1761 2989 adbaerent
1770 2979 1779 2994 ,
1809 2965 1841 2988 ut
1849 2957 1912 2988 crim
1919 2964 1975 2997 per
1987 2955 2141 2997 desidiam,
2295 2936 2303 2957 '

1252 3007 1303 3051 seu
1312 3016 1368 3048 per
1379 3009 1590 3050 negligentiam
1602 3030 1613 3046 ,
1639 3008 1692 3040 vel
1701 3007 1844 3038 modicum
1856 3005 1895 3037 ab
1907 3018 1942 3038 ea
1952 3007 2115 3048 recesserint
2129 3030 2143 3046 ,

1239 3038 1417 3100 'fornicatos
1439 3055 1470 3099 se
1478 3057 1631 3097 judicent.
1658 3054 1777 3090 Scribit
1787 3067 1828 3087 ex
1843 3055 1968 3089 Divina
1982 3058 2013 3090 S.
2030 3057 2143 3100 Augu-

1258 3108 1332 3140 stini
1356 3105 1461 3140 Patris
1483 3107 1529 3139 sui
1542 3105 1708 3144 doctrina,
1732 3103 1875 3146 recteque
1886 3105 2058 3151 adjungit:
2084 3107 2145 3138 sed

1257 3156 1425 3200 hujusmodi
1446 3156 1610 3198 castitatem
1622 3166 1719 3188 tenere
1724 3154 1895 3198 fragilitati
1910 3155 2013 3194 nostrae
2026 3155 2063 3196 eft
2077 3155 2144 3188 val-

1240 3209 1295 3252 ¹dt?
1321 3207 1456 3248 difficile,
1482 3208 1516 3239 ό·
1533 3207 1613 3248 pene*
1631 3204 1810 3245 impoffibile.
1840 3206 1921 3239 Eam
1947 3205 2009 3241 hac
2029 3207 2062 3240 in
2078 3206 2143 3238 vita

1239 3253 1319 3322 ‘effe
1341 3257 1423 3291 dicit
1448 3268 1515 3290 rem
1535 3255 1715 3299 optationis
1738 3255 1771 3288 δε
1797 3257 1864 3289 voti
1888 3281 1899 3296 ‚
1925 3267 1994 3289 non
2023 3254 2144 3289 nostra-

1239 3319 1328 3342 ¹rum
1349 3306 1489 3347 viiium,
1515 3315 1571 3339 aut
1595 3304 1713 3339 Divini
1732 3302 1904 3348 Praecepti.
1933 3306 2141 3349 Joanniitem

1239 3357 1469 3398 ikockyzanae
1492 3357 1525 3389 in
1544 3352 1683 3397 Synodo
1709 3354 1879 3388 Bafileenfi
1900 3355 1984 3390 rest&
2015 3355 2146 3396 respon-

1256 3408 1305 3442 dit
1330 3408 1380 3441 Fr.
1405 3409 1544 3451 Joannes
1565 3405 1755 3448 Ragufinus
1773 3429 1785 3445 ,
1823 3405 1964 3440 Ordinis
1986 3403 2144 3438 Praedica-

1257 3469 1366 3495 torum
1392 3467 1473 3493 tunc
1492 3454 1688 3491 Procurator
1710 3455 1894 3501 generalis,
1921 3452 2030 3499 postea
2054 3453 2142 3486 Basi-

1992 3503 2105 3538 leenfis

2360 2563 2363 2582 -
2363 2542 2366 2546 r
2359 2111 2366 2509 .-.*.‚-r.---....-.-.-.....—......
2362 2021 2366 2094 ,...-,Δ
