2366 3736
76 1514 83 1527 ,
137 1514 145 1522 .

49 1501 188 1588 gu,219,
225 1533 383 1573 ehjeeum
404 1532 530 1576 servilis
541 1539 660 1571 timoris
671 1535 829 1577 estpoena,
856 1541 902 1569 cui
912 1539 1020 1569 accidit
1033 1538 1113 1579 quod
1174 1534 1368 1568 firmativam
1386 1544 1508 1576 partem
1533 1534 1567 1566 in
1590 1534 1681 1567 libris
1702 1533 1743 1567 de
1767 1535 1831 1568 vita
1854 1536 2056 1578 contempla·

49 1600 109 1628 ιη,
136 1599 170 1638 4,
225 1583 353 1623 bonum,
364 1588 411 1616 cui
421 1590 618 1622 contrarlatur
625 1593 738 1626 poena,
749 1596 867 1618 ametur
876 1595 1030 1629 tamquam
1037 1585 1110 1628 finis
1174 1585 1240 1617 tiva
1267 1583 1408 1617 omnino
1442 1585 1568 1617 secutus
1594 1584 1656 1617 fuit
1678 1583 1825 1626 Julianus
1853 1584 2022 1619 pomerius
2044 1610 2055 1625 ‚

149 1639 152 1641 Α
224 1634 348 1669 ultimus
374 1635 408 1668 ὢ·
415 1642 472 1675 per
483 1633 659 1677 consequens
682 1644 773 1676 poena
785 1642 929 1669 timeatur
955 1644 1111 1678 tamquam
1174 1634 1212 1667 de
1225 1644 1292 1675 quo
1306 1634 1487 1666 Accusator
1515 1645 1521 1665 :
1551 1637 1628 1666 Cum
1637 1631 1689 1675 suo
1691 1637 1721 1678 J
1726 1634 1827 1667 uliano
1848 1641 2004 1676 pronutiat
2019 1638 2054 1668 Ρ.
2077 1649 2117 1683 L·
2144 1657 2177 1692 3·

224 1684 338 1716 malum
346 1684 533 1725 principale,
546 1686 627 1728 quod
637 1690 781 1728 contingit
794 1691 826 1718 in
840 1696 898 1719 non
910 1684 1036 1719 habente
1045 1685 1111 1721 cha·
1174 1686 1279 1726 Lupus
1290 1708 1297 1715 .
1312 1683 1440 1725 Nempe
1452 1683 1525 1726 quis
1538 1684 1571 1716 sit
1587 1683 1640 1716 hic
1650 1684 1796 1726 Julianus
1808 1709 1818 1724 ‚
1847 1684 1949 1719 homo
1962 1686 2055 1730 igno·
2076 1711 2104 1730 c.
2135 1708 2186 1744 3¹·

223 1738 348 1770 ritatem
361 1757 368 1765 .
396 1735 452 1767 Vel
461 1735 702 1775 quodordinetur
711 1740 744 1767 ln
757 1733 930 1775 Deumficut
941 1741 974 1768 in
997 1735 1088 1778 finem
1100 1760 1110 1775 ,
1174 1743 1237 1767 rat.
1254 1734 1307 1766 Est
1322 1745 1387 1766 non
1405 1735 1466 1766 mei
1485 1733 1583 1766 solius
1598 1757 1608 1772 ‚
1626 1733 1678 1766 sed
1692 1734 1795 1766 totius
1806 1735 1933 1768 Dostor
1947 1736 2054 1768 Eccle-
2077 1749 2150 1783 1:01·
2172 1759 2228 1796 43·

222 1784 258 1816 ά
277 1791 332 1825 per
342 1781 514 1826 consequens
522 1792 614 1825 poena
624 1795 682 1816 non
693 1791 836 1817 timeatur
852 1794 1007 1826 tamquam
1019 1792 1107 1826 prin·
1173 1783 1221 1816 fiae
1233 1808 1242 1823 ‚
1262 1783 1350 1825 cujus
1366 1782 1506 1825 insignes
1530 1783 1569 1815 de
1584 1785 1648 1815 vira
1674 1783 1931 1826 contemplativa
1954 1785 2055 1819 libros

224 1834 322 1874 cipale
333 1835 465 1874 malum,
492 1833 575 1874 quod
583 1838 725 1877 contingit
736 1839 768 1865 ln
779 1833 903 1866 habente
915 1834 1091 1867 charitatem
1103 1860 1110 1867 .
1175 1832 1303 1873 plurimi
1331 1833 1394 1875 jam
1409 1832 1532 1874 pridem
1545 1832 1772 1866 existimarunt
1784 1836 1846 1868 effe
1869 1835 1966 1868 sanssi
1979 1835 2054 1870 Pro-

224 1883 376 1922 Abillo,
398 1882 506 1926 quiex
521 1883 591 1916 solo
605 1884 710 1917 servili
737 1884 816 1917 citra
832 1884 894 1918 Dei
921 1882 1111 1918 charitatem
1175 1884 1274 1925 speri.
1307 1883 1471 1915 Eosenim
1486 1893 1520 1915 ut
1549 1883 1628 1916 tales
1655 1883 1790 1918 laudant
1818 1884 1851 1916 in
1865 1884 2054 1920 Canonico-
2076 1875 2206 1924 εειΡ·4··

225 1943 315 1967 metu
327 1934 501 1975 operatur,
529 1932 563 1966 in
578 1933 625 1965 sui
639 1933 734 1976 ipsius
745 1934 816 1973 ‚cui
831 1945 927 1977 poena
939 1936 1113 1969 contraria·
1173 1944 1243 1966 rum
1261 1932 1387 1976 Regula
1401 1934 1537 1973 sanstus,
1550 1935 1605 1976 qui
1620 1933 1677 1966 sub
1692 1932 1715 1965 P
1727 1935 1840 1976 ippino
1852 1935 2053 1972 Francorum

223 1992 289 2021 tur,
300 1981 480 2017 commodo
492 1982 624 2025 proprio
635 1983 789 2017 constitui
818 1985 917 2017 finem
933 1982 1085 2018 ultimum
1101 2010 1110 2025 ‚
1128 1993 1132 2055 Ι
1174 1982 1266 2027 Rege
1280 1983 1390 2016 floruit
1403 2006 1412 2022 ‚
1426 1982 1668 2026 crodogangus
1683 1984 1863 2027 Episcopus
1876 1986 2050 2027 Metenfis,

223 2032 366 2076 ideoque
393 2032 463 2075 plus
478 2031 612 2077 seipsum
627 2032 723 2075 quam
737 2036 845 2067 Deum
860 2033 953 2078 dligi
965 2058 974 2073 ‚
1006 2034 1110 2068 lucide
1128 2057 1131 2065 .
1174 2033 1205 2065 in
1221 2032 1311 2065 libris
1323 2032 1363 2066 de
1379 2032 1485 2066 laicali
1498 2032 1702 2067 institutione
1714 2034 1811 2078 Jonas
1838 2036 2052 2069 Aurelianen-

222 2082 372 2120 adfirmat
384 2081 512 2115 Dostor
527 2082 709 2128 Angelicus
721 2108 728 2116 .
756 2083 902 2127 Seipsum
913 2110 923 2124 ‚
950 2085 1085 2128 inquam
1098 2110 1108 2125 ,
1174 2083 1211 2116 fis
1226 2083 1404 2126 Episcopus
1419 2106 1429 2121 ,
1443 2083 1713 2127 Aquisgranenfis
1726 2085 1781 2117 sub
1796 2085 1973 2120 Ludovico
1988 2087 2051 2121 Pio

222 2134 316 2176 supra
337 2132 448 2165 Deum
461 2130 572 2176 diligit
584 2131 689 2165 taliter
701 2134 818 2166 timens
832 2159 842 2174 ‚
857 2146 922 2167 non
939 2145 991 2177 per
1004 2135 1108 2177 ipsum
1173 2133 1325 2174 Synodus
1337 2157 1347 2172 ,
1374 2133 1633 2166 Fontanellensis
1647 2133 1802 2168 Coenobii
1832 2134 2025 2170 Chronicon
2040 2162 2051 2177 ,

223 2183 379 2218 timorem
391 2206 400 2221 ,
419 2181 471 2215 sed
484 2193 539 2225 per
551 2184 659 2217 timori
674 2182 781 2215 adhuc
794 2185 953 2217 adnexam
965 2208 975 2222 ‚
989 2185 1021 2219 ὅ(
1033 2185 1050 2219 a
1063 2186 1109 2218 so·
1171 2184 1204 2215 ἃ
1216 2182 1271 2215 alii
1286 2182 1412 2225 antiqui
1423 2183 1532 2224 ‘plures
1547 2208 1549 2211 .
1566 2182 1690 2216 Verum
1706 2183 1739 2217 in
1754 2185 1816 2217 suis
1829 2186 1869 2219 ad
1883 2186 2053 2221 laudatum

223 2233 255 2269 la
267 2232 333 2266 Dei
347 2231 506 2267 charitate
519 2232 726 2274 separandam
743 2234 970 2267 sci-vilitatem.
1171 2231 1289 2273 Ionam
1317 2231 1549 2275 marginalibus
1574 2232 1704 2266 scholiis
1714 2234 1858 2268 eruditus
1870 2235 1976 2269 Lucas
1990 2238 2055 2270 Da-

273 2282 385 2327 Qure
395 2277 534 2315 erro'rem
545 2281 722 2316 continent
735 2281 798 2316 haec
812 2283 1023 2317 Accusatoris
1036 2295 1107 2317 ver-
1170 2279 1297 2315 cherius
1324 2282 1405 2315 redit}
1417 2282 1555 2315 affirmat
1570 2284 1632 2315 effe
1645 2294 1727 2325 opus
1747 2284 1866 2326 Juliani
1882 2310 1889 2317 .
1918 2287 2052 2321 Etenim

223 2331 265 2367 ba
281 2328 397 2373 :Nasci
407 2341 444 2364 ex
457 2330 607 2373 amoresui
619 2330 706 2373 tpfius
733 2333 879 2374 effentt‘ale
892 2333 930 2373 est
941 2334 1043 2374 acqui,
1070 2335 1107 2366 de
1171 2332 1202 2366 in
1222 2331 1515 2365 Ecclefiasticorum
1544 2333 1746 2373 Scriptorum
1760 2334 1913 2378 catalogo
1941 2338 2052 2369 scribit

221 2394 278 2425 quo
291 2380 476 2423 disputamus
489 2404 497 2412 .
526 2380 659 2425 Utique
673 2383 778 2415 servili
795 2383 1019 2427 gehennarum
1035 2396 1106 2417 rne-
1171 2383 1292 2415 sanctus
1322 2381 1460 2414 isidorus
1490 2383 1590 2414 Archi
1605 2400 1614 2405 -
1630 2382 1805 2425 Episcopus
1833 2384 2049 2426 Hispalensis.

221 2433 270 2467 tui
282 2457 289 2464 .
314 2431 394 2465 Haec
410 2431 487 2463 item
501 2431 596 2464 verba
616 2445 622 2464 :
651 2435 692 2464 Ee·
704 2445 741 2464 cx
751 2431 815 2474 suis
828 2432 995 2476 intrinseca
1008 2445 1107 2466 conve·
1163 2433 1313 2476 Julianus
1340 2442 1519 2474 cognomento
1534 2435 1686 2465 Pomm'us
1713 2435 1809 2465 edidit
1820 2445 1879 2466 tres
1897 2436 1985 2467 hbror
2011 2438 2050 2469 de

224 2487 273 2518 nie
284 2505 294 2520 ,
322 2482 402 2523 quod
406 2490 462 2522 pro
475 2486 585 2513 motivo
596 2481 706 2514 habeat
717 2494 845 2515 amorem
855 2482 901 2525 sui
912 2507 922 2522 ,
936 2487 968 2517 (τ
982 2495 1038 2516 non
1052 2486 1107 2517 Dei
1161 2482 1279 2522 suturae
1292 2488 1366 2514 vita·
1379 2483 1621 2522 contemplatione
1633 2507 1643 2521 ‚
1670 2484 1723 2515 vel
1731 2482 1840 2516 aequali
1854 2483 2049 2527 conversatio-

219 2539 344 2575 propter
351 2528 385 2573 se
395 2529 494 2563 dile&
505 2554 512 2561 .
541 2530 674 2564 Etenim
689 2531 789 2576 longe
815 2534 907 2567 aliter
918 2535 1008 2566 senfit
1037 2536 1105 2567 san·
1168 2543 1204 2564 ne
1218 2556 1227 2571 ‚
1255 2543 1304 2564 nec
1317 2543 1372 2563 non
1385 2537 1476 2563 etiam
1504 2533 1541 2563 de
1554 2537 1645 2565 vittis
1657 2543 1746 2575 atque
1758 2534 1923 2566 virtutibus
1936 2560 1942 2567 .
1972 2537 2062 2575 Fuit:

221 2583 287 2616 ssus
297 2580 468 2620 Thomas,
487 2579 627 2614 scribens
641 2581 844 2615 servilitatem
860 2606 870 2621 ,
896 2583 1106 2617 essentialiter
1168 2583 1216 2618 vir
1231 2581 1309 2614 Afer
1320 2593 1360 2614 ex
1374 2580 1557 2614 Provinciis
1566 2580 1793 2616 Mauritaniae:
1807 2584 1910 2632 Qod
1925 2586 1956 2617 in
1970 2585 2050 2618 Gal-

222 2642 356 2676 pravam
370 2654 381 2669 ‚
408 2631 474 2663 no'n
488 2631 550 2663 effe
562 2629 603 2663 de
615 2630 742 2664 timoris
757 2631 878 2665 servilis
890 2633 1022 2666 essentia
1033 2657 1045 2673 ,
1070 2635 1104 2668 ὃς
1169 2632 1210 2664 lia
1225 2631 1366 2674 primum
1380 2629 1508 2664 Rhetor
1518 2654 1529 2670 ‚
1555 2629 1674 2665 deinde
1687 2631 1858 2674 Presbyter
1884 2635 1916 2668 ὅ(
1931 2635 2045 2669 Arela-

221 2682 402 2725 adjungens
412 2678 476 2722 jam
492 2678 619 2712 laudata
631 2679 725 2714 verba
735 2706 746 2721 ‚
775 2681 883 2717 lucide
896 2682 1103 2718 adfirmantia
1166 2682 1259 2714 tensis
1274 2680 1384 2714 Abbas
1398 2679 1543 2714 floruerit
1554 2705 1564 2720 ‚
1575 2681 1661 2715 lucet
1674 2693 1713 2714 ex
1726 2683 1790 2716 vita
1807 2685 1902 2717 sansti
1918 2685 2045 2719 Caesarii

218 2731 373 2766 eumdem
402 2741 541 2763 numero
569 2729 694 2764 timoris
707 2732 812 2765 astum
839 2732 940 2766 modo
953 2733 1040 2776 posse
1068 2734 1101 2766 in
1166 2730 1286 2764 ibidem
1302 2730 1512 2773 Episcopi‚&
1526 2742 1565 2763 ex
1581 2730 1701 2765 Ruritii
1716 2732 1955 2767 Lemovicenfis
1970 2736 2045 2777 Epi-

220 2781 352 2830 proprio
366 2779 512 2813 timentis
525 2781 705 2815 commodo
723 2780 744 2814 h
758 2796 763 2812 2
775 2783 886 2818 rere&
897 2783 959 2816 fisti
975 2807 985 2823 ,
1000 2783 1102 2817 modo
1166 2781 1252 2823 scopi
1280 2781 1396 2814 litteris
1407 2780 1447 2815 ad
1462 2782 1565 2824 ipsum
1579 2781 1745 2825 Julianum
1761 2806 1768 2814 .
1796 2783 2043 2827 Andegavenfis

219 2823 330 2866 referri
342 2831 374 2863 in
388 2830 498 2864 Deum
512 2841 546 2864 ut
560 2831 657 2863 finem
671 2831 884 2875 principalem
899 2858 906 2864 .
933 2833 1035 2880 Qod
1050 2845 1102 2866 na·
1165 2831 1342 2865 Canonum
1357 2831 1462 2864 codex
1475 2841 1567 2864 vocat
1581 2832 1720 2865 sanburn
1734 2831 1923 2866 Pomerium
1941 2835 2042 2880 :Qiae

219 2882 299 2917 tales
326 2891 466 2919 mutare,
501 2879 534 2913 &
547 2880 650 2914 modo
663 2882 845 2924 eximpuro
856 2907 866 2922 ,
893 2894 960 2926 quo
974 2883 1100 2917 semeti-
1162 2881 1277 2914 omnia
1305 2881 1338 2914 in
1357 2880 1421 2914 suis
1431 2881 1471 2915 ad
1498 2892 1712 2915 memoratam
1742 2883 2040 2926 Aquisgranensem

218 2933 309 2976 psum
324 2931 356 2963 in
372 2931 559 2972 semetipse,
573 2931 675 2964 modo
685 2933 826 2966 excasto
839 2957 849 2972 ,
877 2944 944 2976 quo
963 2934 1099 2976 seipsum
1162 2932 1332 2976 Synodum
1361 2934 1448 2964 notis
1466 2932 1636 2964 confirmat
1658 2931 1798 2972 Jacobus
1826 2933 2018 2968 Sirmondus
2031 2959 2038 2967 .

218 2982 252 3015 in
268 2982 341 3015 Deo
354 2979 463 3024 diligit
476 2978 578 3015 homo
588 3006 598 3021 ,
613 2981 698 3014 nasci
713 2982 807 3024 poffit
819 2983 986 3019 successive
998 2985 1096 3017 etiam
1163 2982 1241 3015 Haec
1253 2980 1389 3015 breviter
1417 2982 1553 3015 addue‘ia
1565 2981 1651 3013 volni
1663 3005 1673 3020 ,
1703 2992 1743 3014 ne
1754 2981 1826 3022 quis
1838 2993 1966 3017 tantum
1994 2985 2038 3019 vi-

220 3043 357 3065 numero
368 3032 482 3064 eadem
495 3031 622 3065 timoris
634 3031 810 3066 substantia
822 3057 831 3072 ‚
855 3033 951 3066 docet
964 3034 996 3066 in
1024 3035 1099 3067 arti·
1163 3042 1232 3064 rum
1244 3030 1340 3064 etiam
1355 3032 1485 3065 damnet
1498 3032 1538 3064 de
1549 3030 1800 3065 Lutheranismo
1814 3057 1821 3063 .
1984 3046 1986 3049 ·

49 3083 118 3121 Art,
143 3088 175 3126 6,
218 3082 295 3114 culo
318 3080 537 3124 subsequenti.
559 3082 689 3116 servilis
711 3093 815 3116 metus
836 3083 982 3116 officium
1007 3084 1039 3116 in
1055 3085 1096 3116 A·
1211 3082 1357 3115 Eandem
1372 3084 1565 3114 sent.·ntiam
1579 3080 1748 3115 manifeste
1776 3081 1925 3125 probavit
1938 3084 2037 3119 etiam

51 3126 57 3134 ’
217 3131 382 3175 postolicae
409 3131 448 3164 ad
487 3132 661 3166 Romanos
688 3132 841 3175 Epistolae
874 3133 1097 3167 elucidatoriis
1162 3132 1266 3175 Hugo
1278 3132 1318 3165 de
1331 3133 1438 3165 sancto
1453 3131 1606 3163 Vistore.
1636 3130 1787 3176 Quatuor
1798 3132 1909 3176 paffim
1924 3133 2038 3168 distin-

217 3180 447 3224 quaestionibus
477 3182 643 3226 insigniter
654 3183 794 3225 exponit
813 3182 917 3227 Hugo
928 3184 968 3216 de
986 3184 1094 3217 sansto
1160 3182 1373 3225 guittimores
1387 3194 1393 3212 :
1407 3181 1556 3214 Servilem
1572 3204 1581 3219 ‚
1609 3181 1812 3216 mundanum
1827 3207 1838 3222 ,
1850 3182 2010 3217 initialem
2023 3207 2035 3223 ,

47 3238 75 3273 q.
96 3239 171 3278 194,
218 3231 370 3265 Vistore:
400 3234 444 3263 De
455 3242 510 3272 quo
522 3255 532 3271 ‚
546 3233 660 3274 utique
673 3233 776 3265 servili
790 3233 1012 3277 gehennarum
1030 3245 1094 3267 me·
1159 3242 1194 3264 ac
1209 3231 1340 3266 filialem
1356 3256 1361 3262 .
1375 3230 1528 3263 Servilem
1540 3230 1650 3272 paffim
1664 3232 1727 3266 esse
1741 3233 1811 3266 vult
1826 3232 1915 3266 illum
1930 3257 1939 3272 ‚
1966 3244 2034 3276 quo

814 147 1234 195 AD³HEN1z⁴1CUM
1274 146 1496 193 Notus.

1929 161 2023 211 263

235 216 437 270 uiuentibus*
454 234 537 278 apud
565 236 647 270 allos
677 233 854 270 Haereticos
878 246 929 268 aut
945 233 1095 278 paganos
1105 239 1136 291 ,f
1176 231 1236 275 ipsb
1246 231 1318 274 ,sed
1327 244 1366 266 ex
1378 233 1504 266 bominis
1516 226 1605 268 attia.
1637 225 1678 269 Et
1690 226 1803 269 Petrus
1814 235 2019 272 pictaviensis
2030 252 2043 273 .-

235 286 343 320 scribit
373 286 405 318 in
422 286 505 319 libro
516 286 556 318 de
571 285 729 319 Patientia
754 287 877 319 sanetus
890 285 1114 328 Augustinus:

230 338 329 372 Mllo
341 338 424 369 modo
434 337 486 376 ista
498 338 645 378 culpanda
655 334 736 378 sunt,
752 339 841 368 imm«)
854 339 925 368 veni
938 338 971 367 (ι’
983 334 1044 366 haec
1055 336 1115 366 lau-

234 388 339 430 danda
361 392 513 429 patientia
537 386 574 425 est
590 410 596 416 .
627 385 668 418 Et
684 386 766 419 infla
780 386 812 418 in
829 384 971 429 sequenti
985 385 1090 427 capite
1105 397 1116 417 .·

231 438 312 469 Sicut
323 439 492 481 negandum
502 440 560 468 no'n
571 434 608 474 est
620 434 671 467 boc
682 443 771 468 etlam
785 437 833 478 esse
848 438 953 467 donum
967 438 1023 467 Dei
1035 459 1045 474 ‚
1072 439 1116 465 ita

231 488 457 531 intelligendum
466 509 477 524 ‚
502 486 564 517 alda
577 486 629 527 effe
643 487 698 518 Dei
709 488 787 518 dona
810 486 938 528 filiorum
951 487 1031 517 illius·
1046 489 1114 517 Hte-

231 535 360 579 rusalem
371 533 580 579 ,quaesursum
590 536 627 574 est
639 537 732 568 libera
742 545 838 569 mater·
850 534 944 574 nostra
956 560 963 567 .
978 535 1112 568 Haereti·

231 587 261 620 ci
274 590 306 620 ὅ(
319 586 521 621 Schismatici
536 596 738 630 nequaquam
753 587 860 620 Deum
875 597 929 620 aut
944 586 1006 619 sele
1021 586 1054 617 in
1069 587 1112 628 ip-

231 638 268 669 so
294 636 378 670 caste
388 659 398 673 ‚
426 636 476 668 sed
490 635 606 677 seipsos
633 637 666 669 in
680 634 782 679 seipsis
796 637 919 679 impure
947 635 1110 680 diligunt:

231 686 275 719 Et
284 694 392 719 tamen
408 696 448 717 ex
461 686 516 718 tali
530 696 584 728 per
594 687 738 719 servilem
748 685 972 730 gehennarum
987 695 1110 719 metum

228 734 323 768 fonte
338 747 445 768 natam
460 735 647 778 parientiam
661 761 670 776 ,
686 739 737 770 seu
751 737 894 779 patiendi
907 736 1109 769 voluntatem

227 785 323 819 audis
350 785 443 819 nullo
457 785 558 819 modo
575 786 768 828 culpandam
782 810 792 825 ,
820 786 924 820 immo
936 788 968 819 ὃ(
982 784 1110 818 laudan-

227 835 304 869 dam
318 860 326 867 .
348 835 481 879 Utique
495 836 604 879 quoad
617 834 825 870 substantiam
838 860 848 876 ‚
861 846 927 868 non
939 835 1048 880 quoad
1061 846 1111 869 ra-

226 885 350 918 dicem.
377 885 467 931 Idem
480 896 543 931 ego
554 897 595 919 ex
609 886 741 919 laudato
754 886 945 930 Augustino
971 887 1042 919 dixi
1069 886 1110 920 de

226 935 332 978 servili
344 932 569 979 'gehennarum
581 936 712 968 timore.

279 980 333 1019 D'e
343 976 466 1019 eoddm'
472 984 596 1019 rursum
607 984 696 1018 dixi:
724 983 875 1019 Gebennae
886 995 983 1019 metus
996 995 1033 1019 ex
1042 994 1111 1027 pro-

221 1039 293 1078 prio
301 1032 350 1077 sui
360 1033 448 1076 ipfius
458 1045 557 1068 amore
570 1033 712 1077 nasi-itur,
723 1037 855 1080 adeoque
865 1046 919 1077 qut
931 1037 965 1069 ob
976 1037 1059 1069 illam
1065 1034 1110 1078 so-

223 1085 289 1120 lam
299 1107 309 1122 ,
321 1085 355 1118 ό*
366 1095 423 1117 non
435 1083 587 1124 christum
600 1087 759 1118 Dominum
770 1080 795 1117 ἆ
796 1093 893 1131 gravi
900 1095 1016 1128 peccato
1028 1086 1111 1124 absil-

225 1141 276 1167 net
284 1158 296 1173 ,
307 1145 364 1166 non
371 1131 552 1181 fhlummode
559 1136 632 1176 plus
646 1136 731 1170 illam
742 1142 828 1169 tlmee
837 1160 847 1176 ‚
871 1135 925 1178 sed
938 1139 971 1170 ἀγ
978 1135 1067 1179 seips
1062 1149 1111 1168 um

223 1183 318 1231 supra
330 1187 493 1221 Dominum
503 1187 605 1228 diligit
617 1209 627 1225 ‚
653 1189 734 1228 quod
742 1187 793 1229 effic
804 1192 895 1220 etiam
905 1194 1033 1230 cogitatu
1049 1187 1111 1220 hor·

225 1235 351 1267 rendum
364 1257 374 1273 ,
400 1234 483 1268 nobis
490 1236 644 1281 Julianus
658 1239 808 1269 Pomertus
834 1237 918 1270 dixit
926 1262 933 1269 .
961 1236 1015 1270 Ad
1043 1248 1113 1280 quae

229 1283 327 1318 verba
355 1283 471 1318 iterum
486 1286 667 1320 Accusator
681 1299 689 1319 ε
703 1291 793 1329 Atqui
803 1285 884 1328 nasci
894 1299 933 1320 ex
958 1299 1056 1321 amore
1063 1286 1113 1330 sut

227 1332 315 1375 ipfius
338 1336 481 1377 essentiale
491 1335 529 1374 est
548 1335 631 1369 afflui
641 1361 651 1376 ‚
677 1338 715 1370 de
724 1348 781 1378 quo
803 1335 994 1380 disputamus
1009 1361 1020 1377 ,
1044 1340 1111 1381 erg&

228 1382 276 1428 bic
285 1384 367 1416 allus
374 1386 472 1425 juxta
487 1388 522 1418 P.
536 1389 654 1427 Lupum
664 1398 701 1419 ex
708 1385 773 1428 suis
785 1385 957 1428 intrinsecls
972 1399 1029 1420 non
1044 1397 1113 1420 tan·

225 1434 291 1469 tiam
301 1436 400 1467 malus
411 1434 449 1475 est
459 1460 469 1476 ,
491 1434 550 1478 sed
560 1438 594 1468 (5
605 1435 753 1479 lnfigniter
766 1437 861 1468 malus
874 1460 885 1475 ,
913 1436 1112 1479 Respondeo

226 1493 281 1516 me
291 1483 391 1517 'etiam
403 1482 457 1518 hic
469 1495 543 1519 cum
558 1485 676 1518 Sansto
687 1484 824 1519 Thoma
835 1487 930 1520 fuisse
942 1486 1109 1520 locutum:

215 3291 251 3315 tu
281 3293 292 3313 .·
315 3279 405 3321 potest
421 3286 531 3320 qumi,
560 3280 643 3322 unfit
671 3284 778 3315 donum
804 3285 935 3324 Spiritus
958 3282 1091 3324 sanc‘lt?

1177 282 1245 315 Idci>
1259 285 1359 315 dicunt
1370 285 1494 325 quidam
1505 286 1583 325 quod
1587 284 1740 328 serviliter
1751 293 1854 319 timere
1866 288 1974 319 malum
1984 290 2022 328 est
2036 312 2048 328 ‚

1177 344 1227 365 nec
1237 331 1274 372 est
1286 332 1354 375 usur
1358 331 1479 375 servilis
1490 341 1604 367 timoris
1611 334 1764 378 serviliter
1775 337 1877 370 timere
1890 362 1898 377 ,
1916 347 1984 368 nam
1999 338 2049 370 ille

1166 383 1267 415 'bonus
1279 383 1318 422 est
1331 406 1340 421 ,
1352 385 1384 416 (9
1395 382 1446 415 hoc
1455 383 1493 423 est
1503 387 1614 418 malum
1625 398 1638 427 ,-
1651 384 1702 424 sed
1709 389 1805 427 pomis
1816 394 1918 420 timere
1927 396 2049 429 poenam

1165 433 1210 469 ’ἐν
1223 433 1372 466 retrabere
1396 434 1417 464 ἃ
1424 443 1545 475 peccato
1558 459 1567 472 ,
1592 447 1770 478 quorumque
1779 447 1933 479 utrumque
1943 438 2049 470 bonum

1174 482 1228 522 est.
1256 484 1330 516 Sive
1343 495 1382 515 ex
1395 483 1483 516 casto
1495 507 1504 523 ‚
1532 483 1596 517 five
1607 498 1647 518 ex
1663 487 1790 528 impuro
1801 488 1847 520 sui
1860 498 1968 520 amore
1995 497 2051 520 na·-

1175 533 1282 566 scatur
1295 558 1304 573 ‚
1316 544 1454 577 utroque
1466 531 1566 567 hocce
1581 535 1692 568 officio
1707 537 1761 568 ille
1774 537 1913 570 omnino
1939 537 2050 581 fungi-

1175 594 1226 616 tur
1242 608 1252 623 ,
1265 584 1406 626 ideoque
1418 583 1527 625 paffim
1541 594 1578 616 ac
1592 586 1709 617 merito
1721 587 1738 617 a
1752 587 1949 620 Dostoribus
1978 589 2056 621 scri·

1176 634 1262 666 bitur
1288 635 1348 667 effe
1360 633 1480 675 semper
1491 634 1589 666 etiam
1605 634 1778 668 substantia
1793 635 1916 669 bonus.
1944 636 2049 684 Qod

1176 694 1242 716 non
1258 684 1324 717 sola
1337 686 1496 717 exteriora
1509 694 1605 725 opera
1619 707 1629 723 ,
1649 684 1701 726 sed
1715 686 1746 718 ὃ(
1759 686 1902 728 quaedam
1917 687 2051 719 internae

1176 733 1360 767 voluntates
1385 733 1446 767 smt
1456 734 1571 776 quoad'
1593 735 1731 778 speciem
1745 734 1986 774 indifferentes,
2014 747 2052 770 ac

1175 783 1410 817 individualem
1426 784 1606 818 bonitatem
1621 796 1660 817 ac
1672 784 1832 818 malitiam
1844 796 1884 818 ex
1899 785 1982 818 varia
1995 786 2054 819 im-

1175 836 1316 875 perantis
1333 845 1368 866 ac
1379 834 1552 878 dirigentis
1563 834 1758 868 intentionis
1783 835 1938 878 qualitate
1950 847 2051 879 quan-

1174 883 1284 926 doque
1296 883 1456 917 alternent
1470 909 1480 924 ,
1491 896 1531 918 ex
1544 886 1653 918 san30
1666 887 1763 918 etiam
1778 885 1967 929 Augustino
1982 887 2052 928 pos-

1174 933 1210 966 fit
1221 933 1400 967 admodum
1415 934 1623 976 probabiliter
1635 935 1776 967 suaderi.

1224 983 1307 1016 Dixi
1320 983 1361 1016 de
1375 984 1480 1017 servili
1495 996 1582 1018 metu
1611 996 1618 1016 ε
1647 986 1750 1024 Paffim
1765 987 1872 1019 dicitur
1882 985 1932 1027 effe
1959 990 2051 1018 etiam

1169 1032 1334 1077 substantia
1345 1033 1437 1067 honus
1452 1058 1459 1066 .
1471 1034 1558 1068 Inter
1570 1034 1637 1077 ejus
1650 1038 1768 1079 quippe
1779 1036 1924 1069 officium
1938 1037 1970 1068 &
1982 1037 2013 1068 su
2021 1037 2051 1068 b·

1174 1085 1325 1118 stantiam
1337 1084 1436 1127 aliqui
1450 1084 1657 1128 distinguunt
1673 1109 1683 1124 ,
1697 1086 1778 1118 istud
1795 1086 1897 1119 solum
1913 1086 2050 1126 bonum,

1175 1134 1258 1168 hanc
1271 1135 1391 1168 malam
1404 1134 1529 1178 profesfi
1542 1136 1688 1169 internos
1700 1136 1882 1169 intellectus
1894 1138 1927 1170 <Sc
1939 1136 2012 1170 volu
2020 1149 2051 1169 n·-

1174 1185 1250 1219 tatis
1262 1196 1371 1218 motus
1390 1197 1456 1219 non
1469 1185 1486 1218 a
1500 1185 1573 1218 solis
1585 1185 1719 1228 objeffis
1731 1210 1740 1226 ‚
1754 1186 1804 1219 sed
1817 1187 1850 1220 ὅ(
1864 1189 1880 1219 a
1891 1186 2050 1220 tendendi

1175 1235 1276 1268 modo
1302 1235 1405 1268 dividi
1420 1236 1456 1269 in
1484 1236 1604 1269 variam
1617 1236 1799 1269 substantiae
1815 1237 1953 1279 speciem
1981 1248 1987 1268 :
2021 1236 2051 1269 A

1175 1296 1342 1328 poenarum
1356 1294 1457 1326 metu,
1468 1285 1546 1319 dum
1558 1297 1599 1319 ex
1615 1286 1745 1329 proprio
1756 1287 1914 1325 timentis,
1926 1288 1958 1319 ἃ
1971 1287 2052 1320 dum

1173 1346 1214 1367 ex
1228 1335 1292 1368 Dei
1320 1345 1429 1368 amore
1442 1334 1603 1374 nascitur,
1631 1336 1819 1369 existimant
1845 1336 1913 1368 alio
1938 1337 1970 1368 &
1984 1337 2053 1368 alio

1175 1383 1276 1418 modo
1286 1384 1374 1418 tendi
1391 1385 1424 1418 in
1442 1395 1553 1427 poenas
1565 1407 1575 1423 ,
1599 1384 1741 1428 ideoque
1761 1385 1902 1419 eundem
1916 1396 2053 1418 numero

1175 1445 1298 1468 metum
1313 1446 1379 1467 non
1393 1434 1480 1478 posse
1494 1446 1582 1468 nunc
1593 1447 1633 1467 ex
1649 1434 1711 1467 hoc
1722 1460 1731 1475 ,
1754 1446 1842 1468 nunc
1853 1446 1893 1469 ex
1908 1435 1970 1468 isto
1983 1446 2055 1478 pro·

1174 1485 1287 1518 cedere
1300 1485 1392 1518 fonte
1403 1508 1410 1517 .
1439 1483 1494 1517 Est
1508 1483 1706 1518 Scholastica
1719 1485 1850 1527 quaestio
1861 1510 1872 1525 ‚
1898 1485 1988 1529 cujus
2001 1486 2054 1518 ad·

1159 3281 1203 3315 ob
1230 3281 1425 3325 infligendas
1453 3291 1507 3322 per
1533 3278 1702 3315 hominem
1716 3281 2034 3325 poenasceffamusa

1158 3331 1246 3365 malo
1258 3331 1420 3374 opere,sed
1436 3340 1501 3363 non
1515 3329 1532 3363 ὲ
1544 3331 1627 3364 mala
1641 3332 1864 3371 voluntate‚&
1877 3332 1909 3364 in
1919 3331 2034 3365 Theo-

1157 3381 1263 3425 logica
1279 3381 1319 3414 de
1330 3381 1542 3413 sacramentis
1557 3381 1749 3415 Eruditione
1761 3381 1910 3425 adjungit
1928 3395 1949 3414 ·.·
1977 3385 2031 3415 Ex
2060 3386 2098 3420 L.
2131 3395 2189 3422 10».

1155 3435 1193 3464 lis
1207 3441 1333 3473 quatuor
1345 3429 1499 3462 timoribus
1511 3431 1566 3463 duo
1579 3433 1652 3464 mali
1658 3430 1731 3475 fiant
1743 3456 1753 3471 ‚
1779 3432 1815 3463 id
1822 3429 1860 3471 est
1871 3455 1881 3470 ‚
1902 3429 2030 3473 semilis
2049 3447 2077 3470 c„
2105 3448 2137 3483 5,

1155 3483 1187 3516 Θ·
1202 3482 1369 3515 mundanus
1382 3492 1397 3523 ,·
1424 3481 1481 3514 duo
1494 3484 1564 3515 verb
1577 3481 1665 3524 boni,
1692 3483 1729 3515 m
1736 3480 1793 3523 est,
1818 3482 1941 3514 initialis
1953 3484 1986 3514 6·
1993 3481 2031 3523 fi-

1928 3532 2031 3566 lraln.

215 3329 382 3375 ,Quodfiest
392 3356 401 3370 ‚
412 3329 502 3362 bonus
513 3330 550 3369 est
563 3358 569 3363 .
580 3333 638 3364 sed
649 3334 774 3365 videtur
786 3335 886 3365 malus
901 3358 911 3372 ,
937 3334 1000 3366 cum
1023 3343 1091 3375 pro-

212 3389 278 3423 pter
289 3389 412 3422 paenam
422 3378 518 3420 faciat
526 3379 644 3421 servire
655 3406 661 3413 .
674 3384 781 3415 solutio
794 3397 804 3416 .·
816 3384 870 3422 Isse
882 3384 972 3415 bonus
988 3384 1036 3425 est,
1048 3384 1093 3415 bo-

45 3427 127 3466 Part.
154 3440 186 3479 3.
215 3442 285 3463 num
300 3430 412 3463 babens
427 3430 559 3469 effi'c‘lum
568 3454 580 3470 ‚
593 3428 700 3472 scilicet
714 3432 843 3466 cohibere
856 3436 874 3465 ἃ
888 3434 964 3465 malo
990 3442 1090 3475 opere.

44 3490 72 3514 c.
99 3479 149 3519 18.
216 3485 276 3516 Hoc
287 3490 386 3515 autem
401 3505 410 3521 ,
432 3481 512 3523 quad
524 3481 604 3513 mala
618 3483 756 3515 voluntas
767 3493 922 3525 remanet,
935 3495 991 3517 non
1003 3483 1040 3524 est
1053 3495 1090 3518 ex
