2366 3736
586 106 669 153 De
717 107 928 153 SAcms
977 107 1531 170 PaocesstoNrsus.

203 292 373 334 consimilem
393 293 519 324 canenda
533 292 651 324 modum
661 288 858 333 exsuscitavit
874 315 881 323 .
908 293 955 323 Et
974 289 1005 322 bi
1017 291 1078 324 bre—

203 349 240 377 vr·
258 350 386 383 tempore
408 341 576 380 illustriores
594 339 676 380 fa&
689 364 701 380 ‚
724 340 864 383 adversae
893 339 1009 381 baerest‘s
1032 343 1079 374 Se-

205 392 334 425 autores
360 402 423 424 tum
441 389 624 432 frequentia
637 399 701 423 tum
712 398 864 432 apparatu
885 388 1078 432 superabant.

203 443 352 484 Siquidem
380 449 522 485 argentea
553 443 656 472 Crucis
683 442 775 483 Stgna
800 439 925 480 accenfis
956 440 1079 481 facibus

204 504 252 525 eos
276 491 486 534 praecedebane
515 514 522 520 .
550 492 595 521 Et
622 490 788 523 Eunuchus
814 494 1023 531 1mperatr1c1s
1049 495 1080 522 in

204 541 255 575 boc
276 541 440 583 praefecqus
467 548 554 578 erat,
581 549 613 572 ut
632 542 666 573 (⁸5
687 538 829 582 sumptus
857 538 905 571 his
933 539 1021 573 rebus
1033 550 1080 573 ne-

203 592 353 634 cessarios,
373 591 408 622 <st
429 588 547 627 hymnos
555 597 728 630 procuraret
741 613 748 620 .
776 588 929 623 Eunuchi
955 601 1078 624 nomen

204 651 270 674 orat
292 639 405 672 Brison
419 663 427 670 .
457 639 580 672 Eadem
603 639 688 682 apud
711 638 826 672 Photii
840 638 1080 674 Bibliothecam

204 689 315 724 scribit
346 690 380 721 in
402 690 432 722 S.
454 688 590 731 Joannis
611 690 676 723 vita
701 689 867 733 Georgius
894 688 1081 723 patriarcha

204 739 448 772 Alexandrinus
467 763 475 770 .
505 739 569 771 His
593 738 695 782 igitur
729 738 926 773 sanstiffimis
945 739 1084 781 Ioannis

204 788 357 830 operibus
378 799 414 822 ac
439 788 716 827 institutionibus„
735 788 886 822 invidens
919 787 1083 822 Diabolus

205 838 437 881 Theophilum
460 838 666 872 Alexandria:
679 837 899 871 patriarcham
923 840 1081 880 permovit

205 889 245 923 ad
258 889 361 932 ipsum
374 888 629 931 persequendum
641 911 652 927 ,
675 889 707 921 &
729 887 889 920 hostiliter
900 887 1081 932 degradan-

205 939 306 972 dum.
336 938 446 972 Etiam
469 937 686 970 inflammavit
709 936 852 970 Arianos
864 937 902 971 ad
912 938 1082 972 Brisonem

204 986 406 1023 Eunuchum
431 986 684 1024 trucidandum,
701 986 735 1019 ὅ(
759 986 935 1021 creandum
958 988 1084 1031 Marty-

206 1049 274 1072 rem
298 1063 306 1070 .
344 1036 468 1071 Eadem
504 1037 605 1079 pietas
632 1036 716 1070 olim
746 1036 850 1081 viguit
879 1038 912 1070 iu
935 1037 1082 1080 plurimis

206 1087 358 1121 Ecclesiis
374 1111 381 1118 .
407 1085 585 1119 Praesertim
606 1086 640 1120 in
670 1086 842 1120 Romana.
865 1086 1083 1122 Abundehoc

206 1137 294 1171 lucet
316 1135 367 1169 vel
387 1147 428 1170 ex
454 1136 529 1169 solis
541 1135 799 1179 astis&scriptis
827 1138 1084 1182 MagniGrego-

206 1186 259 1220 rii.
271 1187 312 1220 Et
324 1185 408 1219 certe
419 1185 559 1231 singulas
570 1185 769 1230 singularum
785 1187 1010 1230 principalium
1028 1189 1084 1222 Ec.

207 1237 371 1270 clefiarum
393 1235 615 1269 Proceffiones
635 1234 816 1270 distinctius
835 1238 1003 1271 enucleare
1015 1249 1081 1271 non

207 1287 284 1320 esset
308 1285 399 1326 labor
418 1286 484 1319 sine
495 1286 617 1321 fructu.
658 1286 738 1320 Non
753 1288 870 1330 spectat
882 1287 923 1321 ad
937 1287 1082 1321 nostrum

208 1336 428 1381 propositum.

458 1385 490 1419 C
516 1384 547 1418 A
574 1385 602 1418 P
631 1385 671 1420 U
697 1385 734 1418 T
796 1386 846 1419 11:

204 186 542 240 guflinnssflan'nes
568 195 581 223 1
643 203 659 223 r
683 197 803 225 veritus
822 215 834 231 ‚
861 201 897 224 ne
922 195 976 232 qut
993 191 1078 232 forte

203 256 243 278 ex
264 243 323 286 sua
348 240 477 282 Ecclesia
498 242 712 280 pellicerentur
738 265 749 281 ‚
771 241 909 283 populum
932 239 1017 283 suum
1036 201 1102 887 cdx

209 1489 256 1519 An
276 1491 406 1528 anthua
428 1484 552 1524 Ecclesia
575 1485 737 1526 aliquando
751 1485 861 1526 fecerit
886 1484 1086 1529 Processiones

308 1547 372 1569 cum
382 1534 565 1578 Sacrosam‘lo
585 1534 765 1567 Venerabilis
785 1534 984 1574 Eucharistiae

544 1587 757 1617 sacramento.

319 1634 495 1680 Espondeo
507 1635 652 1677 publicas
663 1634 845 1668 istiusmodi
859 1634 1082 1668 Processiones

335 1697 404 1720 non
427 1684 610 1725 cohaesisse,
636 1693 713 1716 cum
738 1682 909 1726 disciplina
944 1683 1085 1726 antiquae

209 1730 375 1769 Ecclefiae.
397 1734 459 1768 Ista
489 1728 629 1778 namque
655 1732 827 1775 disciplina
839 1733 1082 1766 Sacrosanstam

206 1783 446 1818 Eucharistiam
473 1780 662 1827 rigidissime
687 1780 927 1820 abscondebat,
949 1792 1016 1814 non
1032 1781 1084 1823 Ju-

207 1833 481 1867 daeis‘dumtaxat
507 1841 544 1864 ac
572 1828 786 1871 Gentilibus,
811 1829 866 1863 sed
891 1829 990 1863 etiam
1017 1831 1085 1864 Ca-

209 1882 417 1917 techumenis
444 1891 482 1915 ac
510 1878 742 1924 poenitentibus
765 1904 772 1911 .
809 1878 866 1912 Isti
892 1879 1039 1913 infideles
1066 1880 1084 1914 a

208 1930 327 1966 nostris
342 1930 533 1974 Apostatis,
559 1929 861 1963 autabindiscretis
884 1930 1101 1992 quandoque¹

207 1982 378 2017 Fidelibus
390 1978 565 2014 audiebant
590 1980 608 2013 a
635 1979 731 2013 nobis
742 1979 929 2013 manducari
942 1980 1083 2013 Carnem

207 2032 286 2066 Filii
313 2031 495 2071 Hominis,
521 2040 557 2063 ac
584 2028 650 2062 bibi
678 2039 745 2071 ejus
771 2028 997 2074 Sanguinem,
1019 2030 1084 2063 ide·

206 2093 294 2126 oque
313 2091 404 2115 erant
427 2080 625 2115 curiosissimi
647 2104 658 2119 ,
696 2079 775 2121 quid
797 2081 898 2114 essent
924 2079 982 2112 ista
1001 2104 1012 2120 ,
1049 2079 1083 2112 ὅ(

207 2132 350 2178 qualiter
366 2140 569 2175 gererentur.
593 2129 708 2164 Statim
734 2128 767 2161 in
795 2128 967 2173 Evangelii
995 2139 1086 2163 exor-

207 2181 265 2215 dio
292 2180 462 2214 facinorosi
483 2179 583 2222 Judaei
607 2190 667 2212 nos
685 2179 875 2213 accusarunt
904 2178 945 2212 de
970 2178 1085 2222 Thye-

206 2232 281 2265 steis
307 2230 410 2274 epulis
432 2255 444 2271 ‚
470 2231 502 2264 ὅ(
530 2228 642 2263 multis
668 2227 858 2262 Gentilibus
885 2229 1083 2262 calumniam

204 2281 445 2324 persuaserunt.
473 2280 566 2312 Hinc
586 2278 671 2322 apud
697 2278 820 2312 multos
842 2277 946 2312 habiti
962 2279 1084 2312 fuimus

204 2340 361 2374 tanquam
405 2329 555 2373 pestifera
593 2326 730 2362 humani
756 2330 882 2373 generis
920 2330 1082 2362 monstra:

202 2379 402 2417 Nostrorum
430 2379 560 2421 plurimi
587 2377 631 2411 ob
657 2377 748 2411 istius
774 2378 927 2412 facinoris
964 2379 1081 2412 calum-

204 2429 294 2463 niam
322 2430 453 2462 fuerunt
480 2427 651 2467 trucidati,
683 2427 716 2463 δε
741 2428 1084 2471 coronatiMartyrio.

205 2479 260 2512 Ex
284 2478 399 2512 eodem
438 2478 599 2520 principio
637 2488 715 2511 tunc
749 2479 849 2522 vulgo
887 2478 1081 2520 jactabatur.

206 2529 321 2562 Pluvia
344 2527 453 2568 defecit
467 2552 477 2567 ‚
499 2526 618 2559 leeris
637 2528 809 2560 exundavit
822 2550 832 2566 ,
851 2534 951 2560 evenit
963 2527 1080 2569 fames;

203 2579 299 2621 cauffa
319 2577 494 2615 Christiana.
519 2575 649 2618 Nempe
683 2576 728 2609 ob
754 2576 871 2618 sparsas
899 2576 972 2610 istas
999 2601 1010 2616 ‚
1050 2578 1082 2611 &

203 2629 283 2661 alias
308 2627 504 2661 calumnias.
533 2625 693 2668 Joannem
706 2624 883 2659 Calvinum
898 2626 1014 2668 pudeat
1038 2627 1083 2659 in-

203 2678 310 2711 ficiari
326 2677 416 2710 istam
432 2676 574 2709 Carnem
597 2699 607 2715 ‚
628 2687 726 2718 quam
755 2686 806 2710 tot
833 2676 996 2718 Martyres
1023 2677 1080 2710 suo

202 2727 364 2771 sanguine
395 2726 576 2770 figillarunt
603 2750 610 2757 .
658 2724 815 2759 Attamen
858 2726 1080 2769 prudentiores

202 2777 356 2811 Gentiles
382 2786 448 2809 non
475 2773 650 2809 credebant
676 2775 790 2809 fabulae
812 2800 820 2808 .
850 2776 981 2810 Etenim
1011 2787 1077 2810 non

201 2827 290 2861 solus
317 2826 449 2861 Plinius
472 2825 630 2859 sccundus
654 2849 665 2865 ,
692 2823 858 2868 Bithyniae
877 2825 1078 2866 proconsul,

200 2876 255 2911 fed
282 2877 315 2910 δε
342 2875 397 2909 alii
436 2875 542 2918 plures
564 2875 794 2910 Romanorum
829 2875 1076 2910 Provinciarum

200 2925 356 2960 Rectores
382 2925 414 2958 in
442 2926 542 2968 ipsam
571 2924 682 2958 sedulo
707 2927 806 2958 etiam
835 2937 888 2969 per
915 2936 1077 2960 tormenta

198 2975 415 3019 3nquifierunt
437 3000 448 3016 ,
483 2975 517 3009 &
553 2975 748 3009 invenerunt
775 2976 837 3009 esse
864 2977 1075 3019 imposturam

198 3025 269 3060 fine
291 3026 507 3059 fundamento
529 3050 536 3057 .
569 3025 668 3060 Erant
694 3035 803 3058 tamen
830 3026 909 3059 certi
936 3027 954 3060 a
982 3026 1076 3060 nobis

199 3072 346 3108 Carnem
384 3073 573 3117 manducari
595 3099 607 3115 ,
634 3074 668 3108 δε
689 3074 757 3108 bibi
784 3076 1005 3119 Sanguinem.
1037 3076 1074 3108 ln

201 3123 321 3158 nostris
367 3124 551 3166 synaxibus
573 3149 580 3157 .
612 3124 704 3158 Hinc
736 3125 860 3158 summa
890 3126 1075 3159 curiositas.

202 3174 338 3208 Etenim
360 3173 401 3207 de
432 3174 464 3207 S.
495 3173 664 3208 Tharfitio
687 3198 698 3214 ,
731 3174 891 3208 Romanae
928 3174 1077 3209 Ecclesiae

202 3220 399 3265 Acolytho,
426 3221 467 3256 ad
493 3225 645 3266 quintam
656 3222 816 3258 decimam
835 3223 920 3258 diem
933 3224 1074 3269 Augusti

201 3272 314 3307 scribit
335 3273 527 3307 Romanum
549 3274 832 3319 Martyrologium
856 3288 863 3307 ι
899 3274 1076 3316 Tbarfiti'um

202 3322 370 3361 acolythum
394 3333 459 3355 cum
486 3325 603 3366 Pagani
628 3325 807 3366 invenissent
816 3328 952 3366 Corporis
965 3324 1076 3366 Christi

202 3374 397 3406 Sacramenta
420 3380 594 3414 portantem
618 3395 629 3411 ,
653 3382 797 3415 eoeperunt
819 3373 982 3417 disquirere
1003 3376 1077 3416 quid

198 3431 317 3468 gereret
330 3446 338 3454 .
364 3426 402 3455 At
423 3422 476 3455 ille
493 3423 651 3465 indignum
666 3424 812 3462 judicans
828 3431 929 3467 porcis
950 3425 1076 3469 prodere

281 3471 388 3519 christ.
401 3474 482 3516 Lupi
492 3475 590 3515 Opera
601 3472 744 3507 Tom.Xl.

1887 130 1983 177 337

1138 198 1317 235 margaritas
1330 217 1341 233 ,
1369 195 1484 226 tamdiu
1509 194 1546 227 ab
1565 193 1627 227 illis
1649 191 1796 228 maffatus
1822 194 1859 234 est
1885 198 2013 238 fustibus

1140 242 1335 282 &lapidibus
1346 267 1357 282 ‚
1372 246 1461 276 donec
1479 243 1632 277 exhalaret
1639 243 1780 287 spiritum
1791 268 1799 277 .
1825 248 1870 278 Et
1879 250 2012 282 revoluto

1138 302 1154 324 e
1153 294 1207 332 jus
1220 300 1335 333 corpore
1341 290 1408 334 sacr
1417 294 1484 336 tlegt
1498 293 1663 336 discuffores
1674 294 1751 327 nibil
1761 296 2014 330 sacramentorum

1140 340 1248 380 christi
1268 347 1300 374 in
1322 342 1461 374 manibus
1484 367 1494 382 ,
1532 351 1585 376 aut
1604 349 1636 375 in
1663 345 1790 384 vestibus
1817 352 1996 379 invenerunt
2009 370 2018 379 .

1143 390 1248 424 Aliud
1276 391 1454 432 nolebant,
1479 403 1578 434 quam
1592 392 1675 427 istud
1703 394 1819 428 Carnis
1831 393 2020 439 prodigium

1143 441 1267 474 videre.
1299 441 1340 474 Et
1364 440 1550 477 Tharsitius
1576 441 1729 477 trucidari
1751 445 1867 479 maluit
1888 469 1899 485 ,
1921 455 2020 488 quam

1141 490 1271 532 explere
1299 491 1517 524 curiositatem
1543 515 1551 524 .
1599 492 1642 526 Et
1674 491 1799 527 Divina
1834 494 2019 529 Clementia

1142 539 1359 574 constantiam
1383 540 1610 583 comprobavit
1622 542 1800 576 miraculo:
1818 543 2020 579 Sacrosanaeta

1143 590 1349 624 Sacramenta
1370 589 1527 624 subtraxit
1549 591 1582 623 ὅ(
1600 591 1779 626 occultavit
1792 616 1799 624 .

1192 639 1318 674 Eadem
1344 640 1508 674 curiositas
1533 640 1646 673 invasit
1670 664 1680 679 ,
1716 641 1795 676 licet
1828 642 2019 685 Gentilem,

1144 689 1240 723 nobis
1261 699 1370 723 tamen
1398 691 1565 729 amicum,
1591 688 1821 738 Imperatorem
1846 692 2022 725 vNumeria-

1143 750 1241 771 num.
1270 739 1364 773 Hinc
1389 739 1474 782 apud
1493 739 1711 773 Antiochiam
1736 741 1842 775 voluit
1870 742 2020 776 interesse

1143 788 1256 822 nostro
1281 789 1467 823 Sacrificio.
1501 788 1543 824 Et
1571 790 1729 832 quoniam
1750 790 1781 823 S.
1796 789 1937 832 Babylas
1962 791 2024 825 Pa·

1144 837 1279 872 triarcha
1301 838 1491 877 obfistebat,
1514 840 1635 873 clausas
1649 838 1790 872 Bafilicae
1815 840 2022 882 portasinva-

1143 889 1201 927 sit,
1227 899 1264 922 ac
1277 889 1436 922 violenter
1447 890 1582 932 irrupit.
1610 889 1734 923 Verum
1759 889 1900 932 Babylas
1927 890 1960 922 se
1970 889 2025 923 de·

1144 938 1340 971 monstravit
1351 939 1548 982 Episcopum
1560 963 1570 978 ‚
1583 940 1774 974 Romanum
1788 940 2020 983 Imperatorem

1145 988 1303 1021 violenter
1321 988 1469 1022 extrusit.
1499 989 1591 1022 Hinc
1615 989 1670 1022 ille
1694 990 1835 1023 offensus
1867 989 1963 1022 evasit
1984 988 2021 1023 in

1144 1037 1341 1080 Tyrannum
1355 1052 1365 1071 :
1392 1038 1625 1072 Nihilominus
1638 1038 1776 1080 Babylas
1787 1038 1938 1073 trucidari
1951 1049 2023 1072 ma-

1145 1087 1206 1120 luit
1226 1112 1236 1127 ,
1272 1089 1304 1122 &
1332 1090 1390 1121 suo
1425 1089 1580 1133 sanguine
1608 1088 1714 1121 nostra
1746 1089 1839 1122 Sacra
1860 1089 2020 1132 sigillare,

1144 1136 1239 1178 quam
1263 1137 1328 1180 ipsa
1342 1137 1510 1181 prodendo
1524 1163 1534 1179 ‚
1558 1138 1655 1171 vitam
1666 1138 1820 1171 redimere
1832 1163 1839 1170 .
1869 1138 2020 1172 Eandem

1144 1186 1359 1221 curiositatem
1392 1187 1424 1221 in
1461 1188 1651 1222 Gentilibus
1669 1188 1834 1221 Fidelium
1860 1187 2021 1222 Uxorum

1145 1237 1270 1270 maritis
1281 1261 1292 1277 ,
1307 1249 1343 1271 ac
1369 1238 1401 1271 in
1416 1238 1605 1272 Gentilibus
1617 1238 1782 1272 Fidelium
1794 1238 2021 1272 Dominorum

1146 1286 1273 1320 famulis
1293 1287 1450 1332 viguisse,
1474 1289 1509 1321 in
1527 1288 1616 1321 libris
1637 1288 1677 1321 ad
1702 1287 1863 1321 Nationes
1884 1311 1895 1327 ‚
1923 1299 1961 1320 ac
1986 1286 2023 1320 in
2065 1302 2068 1306 ²

1145 1336 1229 1370 libro
1255 1335 1635 1382 Apologeticotestatur
1656 1336 1890 1370 Tertullianus
1904 1360 1912 1368 .
2042 1371 2045 1374 ,

1194 1386 1343 1429 Antiqua
1355 1386 1525 1430 disciplina
1534 1386 1598 1421 hoc
1612 1384 1935 1429 incomprehensibile
1947 1385 2026 1428 My-

1144 1436 1274 1469 sterium
1293 1435 1527 1481 religiosissime
1550 1435 1770 1473 abscondebat
1791 1447 1858 1470 non
1882 1436 1960 1469 solis
1972 1434 2027 1469 In·
2059 1434 2063 1438 ’

1145 1485 1315 1525 fidelium,
1339 1486 1661 1520 Catechumenorum
1686 1510 1697 1525 ‚
1720 1497 1757 1520 ac
1780 1485 2039 1530 Poenitentium·

1144 1535 1271 1572 oculis,
1292 1534 1343 1567 sed
1355 1536 1454 1568 etiam
1464 1536 1594 1568 auribus
1606 1560 1613 1566 .
1644 1536 1736 1568 Hinc
1753 1535 1788 1568 in
1803 1537 1866 1568 suis
1875 1534 1914 1568 ad
1925 1545 2027 1577 popu-

1146 1584 1212 1617 lum
1225 1584 1430 1618 sermonibus
1443 1584 1571 1626 antiqui
1585 1583 1694 1616 Patres
1705 1583 1744 1617 de
1756 1583 1826 1625 ipso
1835 1585 1907 1616 sunt
1935 1583 2027 1617 raris-

1146 1632 1349 1668 simelocuti.
1380 1633 1422 1666 Et
1431 1644 1609 1677 numquam
1618 1633 1725 1675 aperte
1736 1657 1743 1664 .
1759 1632 1850 1666 Dum
1863 1633 1953 1666 enim
1964 1634 2027 1666 cir-

1144 1683 1341 1716 cumstantia
1357 1683 1466 1726 coegit
1481 1682 1521 1716 ad
1533 1683 1677 1725 aliquam
1693 1682 1896 1715 mentionem
1910 1706 1920 1721 ,
1948 1683 2024 1718 sunt

1146 1732 1294 1764 involute
1306 1732 1406 1766 locuti
1421 1755 1432 1770 ‚
1448 1731 1705 1765 &addideruntt
1730 1735 1853 1763 Norunt
1877 1732 2018 1764 Fideles.

1144 1780 1248 1813 Graeci
1263 1780 1371 1823 paffim
1385 1780 1546 1815 addebant
1564 1793 1571 1812 :
1600 1786 1722 1814 Norunt
1746 1784 1867 1813 Initiati
1887 1804 1902 1817 .,
1921 1779 2025 1828 Qod

1146 1840 1261 1874 nempe
1282 1831 1352 1872 post
1373 1831 1482 1864 datam
1510 1831 1660 1864 Ecclefiis
1678 1831 1696 1863 a
1722 1830 1849 1874 Magno
1861 1830 2027 1865 Constan-

1145 1881 1216 1913 tino
1239 1891 1349 1922 pacem
1370 1881 1467 1914 etiam
1490 1881 1590 1923 Judaei
1613 1893 1650 1914 ac
1673 1881 1822 1914 Gentiles
1842 1879 1882 1916 ad
1903 1880 2028 1915 nostras

1146 1930 1336 1963 Conciones
1349 1928 1593 1964 admitterentur
1606 1955 1613 1962 .
1627 1931 1764 1964 Easdem
1776 1941 1885 1964 tamen
1902 1931 2027 1965 formu-

1146 1979 1190 2012 las
1204 1979 1358 2013 babemus
1368 1980 1402 2013 in
1418 1979 1574 2024 Origenis
1586 1981 1624 2013 ad
1639 1980 1795 2024 populum
1817 1980 2026 2015 declamatio·

1146 2028 1240 2063 nibus
1254 2053 1260 2060 .
1288 2028 1415 2073 Nempe
1427 2041 1555 2072 propter
1566 2031 1731 2073 praesentes
1742 2030 2019 2065 Catecbumenos.

1194 2079 1299 2127 Qod
1320 2081 1417 2114 etiam
1441 2079 1642 2114 Poenitentes
1666 2079 1901 2115 Eucharistiam
1936 2081 2038 2131 οΙὶῐιςΑ

1147 2129 1252 2163 videre
1272 2140 1339 2162 non
1366 2130 1556 2173 potuerint,
1579 2130 1702 2164 docent
1726 2130 1863 2173 plurima
1888 2131 2024 2163 Parrum

1145 2179 1333 2213 testimonia
1345 2203 1352 2212 .
1381 2180 1425 2213 Et
1444 2180 1645 2214 demonstrat
1657 2178 1785 2213 Gradus
1799 2180 2023 2214 consistentiae.

1146 2228 1222 2262 Erat
1239 2229 1360 2273 gradus
1382 2230 1712 2264 Communicantium
1737 2252 1747 2267 ,
1783 2229 1836 2263 sed
1848 2230 1911 2262 fine
1924 2229 2027 2263 Obla-

1145 2279 1252 2312 tione.
1275 2276 1462 2313 Audiebant
1474 2280 1507 2312 δε
1523 2280 1676 2313 videbant
1691 2278 1794 2312 Miffae
1810 2278 2024 2319 Sacrificium,

1145 2329 1196 2361 sed
1215 2329 1331 2362 offerre
1354 2341 1420 2362 non
1445 2338 1593 2372 poterant
1606 2354 1617 2370 ‚
1639 2328 1778 2372 ideoque
1790 2338 1852 2363 nee
1871 2338 2024 2361 commu·

1144 2378 1250 2411 nicare
1261 2377 1302 2411 de
1313 2379 1452 2412 Sanctis.
1467 2378 1667 2413 Dicebantur
1680 2377 1900 2411 Consistentes
1911 2402 1921 2417 ,
1932 2375 2023 2419 quod

1142 2427 1222 2461 olim
1237 2427 1368 2460 staretur
1380 2429 1420 2462 ad
1432 2428 1641 2462 Sacrificium.
1655 2427 1695 2459 Et
1707 2428 1748 2460 ad
1763 2426 1859 2460 istum
1873 2426 2022 2468 Gradum

1142 2478 1159 2510 ὲ
1183 2476 1409 2511 substrationis
1431 2477 1566 2517 Gradu,
1587 2475 1888 2511 transmittebantur
1916 2478 2033 2523 Sacra-,⁴

1144 2526 1293 2560 mentalis
1314 2527 1558 2561 Reconciliatio
1577 2551 1584 2559 .
1614 2527 1687 2560 Nec
1711 2528 1799 2560 enim
1824 2526 1884 2561 soli
1908 2525 2023 2561 flentes

1141 2587 1196 2610 aut
1211 2576 1381 2611 audientes
1393 2601 1403 2618 ,
1426 2577 1478 2610 sed
1489 2578 1587 2610 etiam
1600 2577 1746 2610 substrati
1758 2576 2022 2619 ejicebanturan-

1141 2636 1173 2659 te
1195 2627 1430 2666 offertorium,
1452 2626 1688 2661 claudebantur
1712 2636 1791 2660 tunc
1814 2625 2021 2661 Basilicarum

1142 2677 1238 2717 porta:
1251 2701 1258 2708 .
1282 2676 1395 2720 Atque
1407 2677 1450 2710 ita
1464 2677 1524 2711 soli
1539 2675 1759 2711 Consistcntes
1773 2685 1869 2719 atque
1882 2676 2019 2710 Perfesti

1141 2727 1339 2759 Sacrificium
1353 2726 1547 2759 audiebant.
1577 2726 1619 2760 Et
1630 2725 1741 2759 audire
1754 2734 1920 2767 poterant.
1936 2725 2019 2759 Haec

1142 2776 1240 2819 igitur
1254 2776 1437 2819 Disciplina
1450 2777 1634 2810 nullatenus
1646 2774 1829 2818 patiebatur
1841 2775 2018 2810 Sacrosan-

1139 2827 1225 2858 stum
1237 2823 1445 2859 Eucharistiae
1452 2827 1696 2860 Sacramentum
1710 2823 1838 2866 publice
1850 2824 1969 2866 exponi
1982 2826 2018 2860 in

1138 2876 1254 2918 apertis
1280 2875 1423 2910 Basilicis
1442 2874 1686 2913 autOratoriis.,
1709 2873 1808 2917 longe
1832 2874 1940 2913 minus
1958 2875 2018 2908 cir-

1138 2925 1286 2958 cumferri
1300 2937 1355 2968 per
1367 2926 1495 2968 plateas.
1509 2924 1721 2958 Plateaeenim
1735 2934 1814 2957 tunc
1837 2929 1927 2960 erant
1952 2925 2016 2968 ple·

1141 2985 1188 3007 nae
1198 2975 1368 3009 oculorum
1385 2977 1418 3009 &
1431 2976 1568 3013 aurium,
1592 2985 1660 3015 quae
1673 2972 1738 3006 haec
1749 2974 1947 3011 sacrosaneta
1956 2985 2016 3008 nec

1137 3023 1243 3058 videre
1253 3035 1476 3068 poterant‚nec
1488 3024 1605 3057 audire.
1623 3023 1660 3056 In
1674 3026 1765 3056 omni
1779 3023 1912 3057 civitate
1923 3033 2016 3058 erant

1136 3073 1304 3114 Gentiles,
1332 3075 1428 3118 Judaei
1445 3098 1454 3114 ,
1486 3073 1742 3113 Catechumeni,
1772 3072 1988 3107 Poenitentes.

1188 3124 1347 3159 Attamen
1371 3126 1462 3157 sacrae
1484 3125 1598 3157 nostra»,
1623 3122 1846 3156 Proceffiones
1868 3136 1935 3156 non
1961 3123 2014 3156 de-

1136 3173 1312 3208 stituuntur
1331 3173 1424 3208 omni
1447 3172 1666 3218 Antiquitatis
1677 3172 1855 3215 adjutorio.
1879 3170 2014 3206 Habent

1136 3224 1170 3256 in
1194 3223 1260 3266 ipsa
1284 3223 1531 3259 fundamentum
1552 3246 1559 3254 .
1606 3223 1738 3256 Etenim
1771 3223 1803 3255 in
1834 3224 1935 3264 prima
1955 3232 2013 3264 pro

1136 3271 1329 3307 Christianis
1363 3272 1529 3316 Apologia
1551 3273 1694 3315 justinus
1718 3272 1844 3313 Martyr
1875 3271 2014 3306 affirmat

1138 3322 1372 3358 Eucharistiam
1389 3347 1399 3362 ,
1418 3322 1496 3355 dum
1519 3321 1752 3356 conficiebatur
1775 3345 1785 3361 ‚
1808 3330 1847 3352 ex
1870 3320 2015 3355 Ecclesia

1135 3372 1226 3407 fuiffe
1263 3384 1315 3416 pet
1340 3372 1510 3406 Diaconos
1545 3372 1753 3405 transmissam
1786 3368 1824 3402 ad
1847 3368 2014 3409 absentes,

1132 3422 1226 3469 juxta
1249 3422 1437 3468 exemplum
1460 3419 1582 3456 Christi
1606 3420 1763 3457 Domini.
1792 3419 1923 3454 Etenim
1935 3417 2015 3499 dum

1518 3471 1546 3505 F
1571 3471 1590 3505 f
1901 3470 1934 3512 ip
1948 3479 1967 3502 e
