2366 3736
387 120 406 159 Ῐ
415 121 482 160 66

327 202 494 244 quaestionts
505 212 551 235 res
555 199 595 243 fit
605 199 658 241 ista
670 222 681 239 ,
705 210 762 232 non
774 198 889 241 haerefis
901 224 908 232 .
938 199 1075 242 Infantes
1084 197 1200 244 semper

326 253 397 286 dixi
415 264 496 296 egere
524 249 667 293 baptismo
685 272 696 288 ‚
724 260 758 282 ac
780 248 883 282 debere
900 249 1051 292 baptizari
1077 274 1084 281 .
1110 250 1201 292 ,Quid

325 309 435 345 quaert'e
444 302 532 335 aliud
543 302 555 334 ?
581 298 718 341 Infantes
730 307 828 331 autem
840 300 944 333 debere
955 300 1107 341 baptizari
1116 300 1148 331 in
1158 310 1198 331 re-

324 353 475 391 mifflonem
496 358 676 391 peccatorum
693 345 856 390 secundam
874 350 1006 394 regulam
1020 347 1199 391 universalis

325 400 456 441 Ecclefiae
467 424 477 439 ,
502 399 535 431 ό*
544 396 704 440 secundam
727 399 892 443 Evangelii
910 397 1091 442 sententiam
1115 397 1197 440 confi·

323 460 436 484 remur:
463 453 535 490 quia
556 448 701 480 Dominus
720 448 827 488 statuit
850 460 972 493 regnum
983 448 1130 482 caelorum
1140 459 1199 482 non

322 497 379 540 nist
384 499 546 539 baptizatis
550 498 628 540 poffe
634 496 764 542 conferri
774 511 784 541 3
811 501 891 542 quod
901 505 972 541 quta
985 506 1064 533 vires
1078 507 1196 532 naturae

322 560 378 582 non
400 547 531 590 babent,
557 546 685 590 conferri
704 549 807 593 neceffe
829 549 866 592 eft
884 557 942 592 per
960 554 1071 594 gratie
1081 548 1196 583 Iiberta-

319 607 394 631 “mo

368 648 478 683 Etiam
490 659 566 682 curn
577 647 651 682 aliis
666 647 754 684 hunc
768 649 945 684 articulum
960 673 971 689 ,
998 653 1089 681 Homo
1106 647 1198 690 potest

310 695 375 739 ]r‘ne
379 707 499 740 peccato
509 699 560 741 effe
571 722 582 739 ,
602 698 633 741 fi
639 700 716 735 velet
727 723 738 740 ‚
766 701 800 734 ὁ·
815 698 913 743 facile*
923 705 1022 732 omnia
1035 702 1092 731 Dei
1107 692 1197 731 manss

317 748 394 780 data
403 747 525 791 servare
535 753 557 792 ,'
572 749 613 782 ab
626 748 685 785 hac
699 749 837 793 Synodo
849 749 942 784 fuiffe
953 746 1143 782 damnatum
1156 758 1200 782 te·

316 796 440 831 stantur
453 799 561 833 Orofii
575 798 741 845 Apologia
751 824 762 841 ‚
787 800 819 834 ἀ
845 801 932 834 sexta
957 797 1055 833 Actio
1068 798 1196 841 Synodi

316 847 574 892 Diospolitanae.

341 947 635 985 SYNODUS
672 946 1172 985 DlOSPOLITANA.

397 1052 429 1084 X
455 1049 565 1085 Africa
577 1049 656 1094 pulsi
669 1075 680 1091 ,
706 1050 740 1084 ἃ
752 1051 785 1083 in
808 1047 1164 1093 occidentaliundique
1177 1047 1195 1080 a

423 1100 570 1134 Barbaris
592 1100 797 1144 periclitante
819 1099 960 1142 Imperio
972 1097 1104 1132 delicias
1127 1099 1196 1132 suas

315 1150 459 1183 nancisci
473 1160 655 1184 metuentes
666 1174 676 1190 ‚
704 1149 857 1194 Pelagius
869 1149 902 1183 ἃ
914 1147 1075 1183 Celestius
1089 1148 1196 1182 abiere

313 1198 423 1232 versus
444 1201 634 1235 Orientem.
664 1199 733 1234 Hic
755 1200 788 1232 in
811 1197 970 1234 Rhodum
984 1197 1195 1240 &Siciliam,

313 1247 370 1282 ille
384 1249 415 1281 in
430 1248 576 1291 Syriam:
605 1249 638 1282 ἀ
652 1248 773 1292 ubique
786 1250 873 1283 virus
896 1251 988 1283 suum
1010 1249 1194 1282 constanter

313 1308 527 1332 vomuerunt.
556 1299 665 1335 Heros
690 1298 907 1339 Arelatensis,
932 1300 965 1334 ἀ
988 1298 1127 1333 Lazarus
1150 1298 1192 1334 Δ·

311 1349 437 1391 quenfis
451 1348 632 1391 Episcopus
646 1349 756 1382 aemula
772 1349 912 1382 faitione
929 1349 1005 1392 pulli
1019 1348 1037 1381 ὲ
1052 1348 1170 1381 Galliis
1182 1372 1193 1388 ‚

312 1398 466 1432 sesetunc
476 1398 515 1431 ad
529 1397 633 1431 saneta
646 1397 886 1440 Hierosolyma:
898 1398 970 1432 loca
987 1399 1192 1432 contulerant

310 1449 421 1482 solatii
443 1451 545 1493 gratia
566 1472 576 1488 ‚
603 1458 701 1492 atque
722 1447 766 1482 ita
790 1447 938 1482 notifibi‘
953 1447 1076 1492 Pelagii
1091 1457 1193 1492 nugas

311 1497 496 1532 detulerunt
523 1498 561 1532 ad
591 1498 768 1544 Eulogium
790 1497 987 1541 Episcopum
1010 1498 1192 1531 Caesareen-

313 1549 399 1589 sem,
427 1548 536 1591 primae
548 1547 716 1591 Palestinae
728 1548 1000 1591 Metropolitam:
1028 1546 1132 1594 Qod
1148 1547 1192 1591 ip·

312 1601 382 1632 sum
392 1599 408 1632 ὲ
420 1599 529 1632 Sicilia
542 1596 584 1632 de
597 1599 740 1632 Celestio
754 1597 838 1642 apud
862 1599 1012 1632 Sanctum
1040 1597 1194 1642 Augusti-

311 1659 393 1682 num
404 1659 460 1692 per
484 1649 605 1683 litteras
618 1648 694 1683 fecit
707 1649 817 1682 nescio
835 1649 907 1692 quis
920 1648 1069 1681 Hilarius
1080 1671 1088 1680 .
1117 1646 1191 1680 San-

311 1699 380 1732 ssus
391 1710 427 1732 ac
447 1699 593 1733 eruditus
604 1698 666 1731 fuit
682 1698 865 1743 Eulogius,
892 1697 1031 1741 ideoque
1040 1707 1191 1740 quatuor-

310 1749 418 1782 decim
429 1748 447 1782 ὲ
457 1748 561 1782 tribus
575 1748 754 1782 Palaestinis
768 1748 1002 1791 Episcoporum
1019 1747 1190 1790 synodum

310 1797 510 1832 convocavit
546 1798 579 1831 in
611 1796 790 1830 Civitatem
825 1798 1000 1831 Lidensem
1025 1820 1035 1836 ,
1079 1797 1191 1830 natali-

310 1847 370 1882 bus
383 1848 470 1891 Jonae
494 1846 684 1890 Prophetae,
712 1846 866 1890 Apostoli
891 1846 980 1880 Petri
1005 1846 1191 1886 miraculis,

310 1898 420 1932 Sancti
447 1898 584 1941 Georgii
610 1898 789 1940 martyrio,
813 1896 895 1930 Sede
921 1895 1127 1939 Episcopali,
1155 1907 1192 1929 ac

312 1946 487 1992 Iustiniani
513 1946 654 1992 Augusti
680 1947 822 1980 aedificiis
846 1946 955 1991 postea
973 1945 1116 1980 claram.-
1145 1945 1190 1978 Ea

310 1998 358 2032 est
373 1997 544 2032 Palaestinae
556 1996 726 2040 Diospolis
736 2021 743 2028 .

364 2048 473 2082 Etiam
485 2045 539 2080 hic
551 2048 581 2081 se
593 2046 818 2080 damnandum
831 2046 864 2080 ἀ
877 2045 1058 2090 fugandum
1080 2045 1192 2079 videns

311 2097 466 2142 Pelagius
480 2120 490 2137 ,
517 2109 582 2131 non
596 2096 636 2131 ad
649 2096 777 2131 dolosas
789 2120 799 2137 ,
825 2097 948 2130 cunetis
966 2096 1087 2140 semper
1100 2094 1192 2129 haere-

312 2149 387 2181 ticis
412 2147 605 2188 familiares,
631 2147 750 2180 mentis
770 2147 984 2180 restristiones
1005 2170 1015 2186 ,
1044 2145 1095 2179 sed
1117 2156 1191 2178 con-

313 2198 422 2230 versus
432 2197 476 2229 est
488 2197 527 2229 ad
540 2195 624 2230 hanc
633 2196 827 2229 Priscilliani
842 2196 1003 2239 regulam:
1011 2198 1114 2240 Jura,
1126 2202 1190 2235 per-

309 2248 385 2288 Jura
393 2244 535 2288 secretum
539 2247 663 2287 prodere
673 2245 741 2278 nole.
773 2247 900 2280 Omnes
912 2245 945 2278 ἀ
958 2243 1100 2288 singulos
1110 2253 1191 2276 erro·

314 2307 363 2330 res
377 2296 450 2329 suos
461 2295 594 2338 subjecit
614 2293 812 2328 anathemati
829 2318 840 2333 ,
866 2304 1008 2337 unquam
1028 2294 1045 2327 a
1058 2292 1192 2326 setradi-

314 2355 367 2380 tos
389 2345 597 2390 pernegavit,
623 2354 722 2388 atque
745 2345 789 2378 ita
812 2343 1092 2386 {circumscriptis
1119 2342 1192 2386 Epi-

314 2397 422 2438 scopis
443 2396 503 2429 fuit
517 2394 704 2435 absolutus,
732 2393 940 2438 &judicatus
960 2392 1167 2427 orthodoxus
1185 2417 1192 2424 .

314 2446 445 2489 Nempe
458 2447 525 2487 ejus
536 2446 734 2478 accusatores
748 2444 856 2478 Heros
868 2445 900 2478 δε
915 2443 1053 2477 Lazarus
1065 2466 1076 2482 ,
1104 2441 1191 2486 quod

314 2496 395 2528 alter
420 2496 501 2528 lesto
522 2493 731 2528 decumberet
754 2518 764 2533 ‚
792 2494 893 2528 adesse
914 2493 1105 2537 nequierant
1124 2517 1134 2532 ,
1160 2493 1192 2526 ὅ(

314 2545 408 2578 latini
423 2543 576 2578 sermonis
593 2546 703 2588 ignara
716 2543 868 2585 Synodus
887 2543 1045 2576 versutum
1059 2543 1190 2576 Scotum

315 2595 460 2628 audierat
476 2605 528 2636 per
550 2594 775 2636 interpretem:
806 2593 858 2627 Sic
878 2592 940 2626 fuit
952 2594 1169 2626 circumventa
1183 2617 1190 2624 .

315 2645 410 2678 Hinc
435 2644 556 2686 ipsam,
587 2645 721 2686 praesens
743 2667 753 2684 ,
780 2644 811 2677 δε
836 2643 1046 2686 impostorem
1069 2641 1193 2685 optime

315 2696 453 2728 noscens
477 2694 610 2727 sanstus
632 2692 855 2737 Hieronymus
874 2693 1018 2727 titulavit
1042 2691 1182 2735 Miserabi

315 2747 373 2779 lem
387 2768 397 2784 ,
425 2743 508 2778 &ab
519 2743 587 2786 ejus
601 2742 820 2775 defensoribus
831 2743 981 2776 caninam
1004 2742 1191 2777 facundiam

314 2796 359 2829 est
372 2804 522 2837 expertus
538 2817 544 2824 .
573 2792 615 2825 Et
626 2791 692 2833 ejus
704 2791 778 2825 sane
791 2792 1010 2826 auctoritatem
1023 2818 1033 2832 ,
1058 2793 1091 2826 ἀ
1106 2793 1193 2825 suam

315 2857 354 2879 ex
367 2845 432 2888 ipsa
445 2843 667 2888 integritatem
680 2842 799 2885 ubique
811 2841 1015 2876 ebuccinavit
1028 2841 1191 2886 Pelagius,

314 2907 352 2930 ac
365 2895 486 2928 multos
501 2893 618 2926 fefellit
632 2918 639 2925 .
666 2892 769 2940 Qod
785 2892 883 2935 ipsam
896 2891 993 2925 etiam
1007 2892 1193 2926 Romanam

317 2945 492 2978 Ecclesiam
504 2943 634 2983 fallere,
664 2943 716 2977 sed
731 2943 842 2975 frustra
867 2943 1017 2981 tentarit,
1044 2942 1192 2975 adfirmat

290 3022 293 3024 v
316 2994 350 3028 in
376 2994 476 3027 Libro
500 2993 541 3027 de
564 3003 695 3035 peccato
711 2992 866 3036 originali
879 2991 1011 3025 Sanctus
1033 2990 1194 3035 Augusti·

316 3054 395 3078 nus.
425 3042 594 3076 Noratilla
608 3042 777 3076 hominem
789 3067 799 3083 ,
826 3040 966 3085 ideoque
979 3042 1012 3075 ὅ(
1034 3040 1122 3073 istam
1137 3043 1195 3085 Sy·

315 3093 443 3128 nodum
468 3104 533 3126 non
560 3092 726 3133 probavit.
756 3092 837 3125 Eam
852 3102 959 3124 tamen
972 3089 1080 3134 quoad
1103 3090 1192 3125 Fidei

314 3142 472 3188 judicium
497 3140 665 3184 probavit,
694 3142 812 3186 insigni
838 3140 1006 3175 illustravit
1019 3140 1193 3174 Commen-

315 3194 422 3232 tario,
447 3192 481 3226 ὃς
503 3191 650 3234 plurimis
674 3192 705 3225 in
732 3191 966 3225 locislaudavit
989 3191 1118 3224 Sanetus
1130 3191 1195 3224 Au·

314 3243 485 3288 gustinus‚
511 3240 598 3282 cujus
617 3241 774 3283 judicium
799 3241 997 3274 admiserunt
1022 3242 1131 3273 omnis
1155 3242 1192 3274 A·

314 3294 390 3327 frica
404 3318 414 3333 ‚
439 3292 471 3325 in
491 3290 593 3325 Libro
608 3301 719 3323 contra
735 3292 936 3324 Collatorem
960 3291 1091 3324 Sanctus
1105 3290 1193 3324 Pros-

313 3354 389 3386 per,
416 3340 591 3376 Facundus
608 3341 847 3374 Herrnianensis
866 3341 1043 3384 Episcopus
1056 3365 1065 3380 ,
1089 3339 1121 3372 in
1147 3340 1195 3373 Bi·

313 3392 476 3426 bliotheca
501 3390 664 3428 photius,
694 3390 727 3423 ὃ(
751 3392 859 3424 omnis
879 3392 1012 3424 tandem
1037 3389 1195 3424 Ecclefia.

312 3444 380 3476 Illos
395 3442 567 3485 Palaestinos
581 3437 761 3484 Epist-opos,
789 3441 898 3483 inquit
910 3440 1059 3476 laudatus
1071 3441 1197 3476 Facun-

1539 63 1573 77 ’νῖ

727 115 1002 171 ANHQJA
1040 110 1339 157 Echsstzs
1376 111 1666 160 Dacaern

1261 197 1345 240 dus,
1371 198 1524 238 baeretlcos
1547 212 1606 235 non
1615 200 1711 235 credit
1731 199 1853 243 Eccleffiae
1867 227 1879 245 ,
1905 205 1979 246 qula
1991 202 2028 238 de
2051 202 2140 237 baere-

1261 254 1325 282 tici:
1343 249 1415 284 bene
1431 249 1586 294 senfi’runt
1599 275 1610 291 ‚
1632 249 1689 295 sed
1700 250 1799 292 ponas
1809 260 1865 293 pro
1875 260 1978 287 merim
1995 252 2142 296 fideifitae

1261 298 1428 333 catholicos
1444 303 1572 342 judicat
1598 300 1788 340 &bonon-at,
1813 308 1950 342 quomam
1973 314 2031 337 non
2054 302 2142 336 debet

1260 354 1376 383 crimini
1400 350 1539 391 deputari
1556 350 1730 393 fimplicium
1753 362 1810 383 non
1831 351 1980 385 wullena
1995 352 2140 397 versutia

1260 399 1455 444 malignorum
1466 424 1475 432 .
1504 399 1591 434 Nam
1603 402 1636 435 ὅ(
1648 401 1783 435 similem
1797 401 1814 434 ὲ
1826 400 1985 434 Marcello
1998 403 2140 446 Ancyrae

1263 448 1425 494 Episcopo
1437 448 1554 483 dolum
1566 460 1662 494 atque
1674 451 1827 495 injuriam
1841 450 1924 495 paffa
1935 451 2000 484 fuit
2018 450 2140 498 inagna

1259 497 1411 542 Synodus
1432 498 1642 534 Sardicensis.
2014 498 2020 503 “

1311 549 1390 584 Asta
1403 550 1465 584 fuit
1477 548 1544 583 haec
1554 548 1708 593 synodus
1727 551 1834 585 mense
1854 547 2051 590 Decembri,
2077 560 2141 583 an·

1260 609 1304 633 no
1315 599 1456 634 Domini
1469 600 1786 644 quadringentesimo
1797 600 1929 635 decimo
1941 609 2056 644 quarto
2069 621 2076 629 ·
2100 597 2142 632 E-

1259 648 1308 692 jus
1322 648 1405 684 Aeta
1418 650 1567 685 videntur
1579 649 1673 684 fuiffe
1683 650 1789 693 ampla
1803 661 1811 682 :
1824 664 1827 667 ·
1838 650 1999 695 Integram
2023 648 2137 683 Aetio-

1261 710 1335 734 nem
1356 697 1506 743 producit
1527 701 1561 735 in
1585 699 1688 735 Libro
1701 697 1741 733 de
1751 709 1884 743 peccato
1895 700 2048 746 originali
2062 699 2146 733 San·

1259 750 1328 784 stus
1349 750 1574 796 Augustinus,
1603 751 1799 794 reliquarum
1822 749 2014 792 compendia
2039 749 2073 782 in
2086 759 2139 782 va-

1259 799 1316 834 riis
1336 800 1434 841 locis,
1462 801 1632 844 praesertim
1656 801 1690 834 in
1704 799 1808 836 Libro
1817 799 1858 834 de
1869 798 1976 845 Gestis
1995 797 2136 834 Palzsti·

1261 848 1329 884 nis.
1356 849 1407 884 Ex
1418 849 1522 886 hocce
1542 851 1607 895 ipsa
1627 849 1691 885 tibi
1702 849 1842 884 damus,

1308 948 1518 986 ACTA
1583 945 2090 985 SYNODALIA.

1384 1053 1408 1082 Δ
1429 1052 1459 1084 5.
1473 1050 1626 1096 Augustino
1646 1048 1736 1083 duaa
1745 1053 1779 1082 in
1789 1048 2029 1106 compendium..
2085 1048 2087 1051 ’

1411 1146 1988 1190 ACTlofflklMA.

1358 1198 1486 1234 Ecitata
1499 1201 1572 1236 sunt
1583 1198 1707 1243 objecta
1719 1197 1879 1243 Pelagio.
1911 1197 1997 1231 Illud
2021 1194 2065 1231 est
2077 1196 2141 1241 pri·

1381 1260 1471 1284 mum
1487 1263 1498 1284 .·
1524 1251 1630 1298 Qod
1655 1251 1688 1283 in
1713 1249 1815 1283 Libro
1835 1248 1894 1283 suo
1914 1247 2056 1290 quodam
2069 1245 2142 1279 scri-

1257 1299 1329 1340 bit,
1356 1310 1423 1333 non
1449 1300 1536 1343 posse
1561 1300 1624 1334 effe
1635 1299 1703 1332 sine
1715 1307 1873 1341 peccato,
1898 1296 1956 1329 nifi
1970 1294 2142 1340 quiLegis

1257 1350 1425 1384 scientiam
1439 1347 1609 1383 habuerit.
1636 1347 1717 1394 Qo
1728 1347 1886 1385 recitato,
1912 1344 2067 1438 Syntggs
2087 1344 2136 1378 di·

1254 1400 1329 1433 xit.-
1356 1399 1412 1433 Tu
1426 1398 1490 1434 hoc
1501 1397 1655 1437 edidisti,
1678 1396 1810 1441 Pelagii
1839 1395 1990 1429 Atillere
2051 1394 2133 1428 ndit:

1257 1449 1331 1494 Ego
1342 1447 1553 1492 quidemdixi
1568 1472 1578 1487 ,
1604 1447 1656 1480 sed
1673 1457 1739 1480 non
1751 1447 1828 1479 ficut
1852 1443 1901 1478 illi
1923 1444 2135 1489 intelligunt.

1255 1497 1337 1532 Non
1359 1498 1428 1532 dixi
1452 1509 1520 1532 non
1543 1497 1630 1540 posse
1645 1506 1776 1539 peccare
1789 1495 1843 1538 qui
1858 1495 2021 1529 scientiam
2034 1493 2134 1538 Legis

1256 1547 1427 1588 habuerit,
1454 1547 1507 1581 sed
1530 1546 1673 1589 adjuvari
1702 1556 1758 1589 per
1780 1544 1878 1588 Legis
1901 1545 2068 1578 scientiam
2091 1542 2134 1578 ad

1258 1610 1324 1632 non
1349 1597 1574 1641 peccandum,
1601 1596 1682 1630 ficut
1704 1596 1857 1637 scriptum
1880 1595 1922 1628 est
1937 1607 1948 1627 .·
1975 1597 2082 1637 Legem
2099 1598 2135 1625 in

1255 1649 1440 1689 adjutorium
1452 1647 1608 1680 dedititiis
1622 1671 1631 1680 .
1661 1645 1740 1678 Hoc
1751 1644 1865 1678 audito
1877 1667 1888 1684 ‚
1914 1643 2067 1686 Synodus
2086 1641 2138 1676 din

1254 1699 1323 1731 xit:
1352 1698 1432 1732 Non
1446 1697 1519 1731 sunt
1530 1697 1635 1740 aliena
1648 1694 1689 1729 ab
1703 1693 1844 1728 Ecclesia
1857 1718 1870 1735 ,
1885 1704 1956 1737 quae
1964 1693 2046 1728 di&
2058 1693 2144 1735 sunt,

1253 1747 1440 1793 {Pelagim

1341 1845 1595 1881 acTto
1644 1821 2138 1881 SECUNDAL'

1310 1945 1442 1990 Adiecit
1454 1945 1657 1990 Episcopalis
1667 1943 1818 1989 synodus
1828 1968 1839 1985 ‚
1854 1944 1887 1978 &
1899 1944 1943 1978 ait
1956 1955 1964 1975 ι
1991 1944 2138 1987 Legatur

1255 1995 1346 2030 aliud
1370 1995 1581 2038 Capitulum.
1611 1995 1654 2028 Et
1676 1995 1792 2028 lectum
1803 1993 1895 2027 estin
1921 1991 2038 2027 eodem
2051 1991 2138 2028 libro

1262 2048 1317 2079 suo
1329 2044 1466 2090 msuiffe
1480 2043 1651 2089 Pelagium
1664 2066 1674 2082 ,
1698 2054 1813 2078 omnes
1821 2042 1991 2077 voluntate
2010 2042 2138 2086 proprie

1257 2096 1348 2140 regi.
1377 2095 1456 2140 Qio
1479 2094 1564 2128 lesto
1585 2118 1597 2135 ‚
1623 2092 1774 2138 Pelagius
1795 2091 1978 2136 respondit:
2006 2092 2049 2126 Et
2070 2090 2138 2126 hoc
2162 2120 2166 2122 .

1256 2145 1329 2179 dixi
1353 2155 1483 2187 propter
1506 2143 1640 2177 liberum
1654 2144 1845 2183 arbitrium,
1871 2142 1924 2176 cui
1947 2143 2038 2176 Deus
2048 2141 2137 2185 adju-
2153 2132 2162 2148 Ι

1257 2204 1309 2228 tor
1319 2194 1362 2226 est
1376 2194 1509 2236 eligenti
1525 2193 1611 2226 bona
1624 2216 1635 2232 ‚
1664 2193 1765 2226 homo
1779 2194 1853 2225 vero
1873 2203 2008 2235 peccans
2026 2192 2092 2236 ipse
2103 2191 2137 2224 in

1256 2243 1351 2286 culpa
1363 2242 1408 2276 est
1420 2265 1431 2281 ,
1442 2242 1527 2285 quafi
1542 2241 1633 2275 liberi
1645 2242 1767 2275 arbitrii
1781 2265 1789 2273 .
1815 2241 1893 2286 Qo
1904 2242 2019 2275 audito
2031 2264 2042 2280 ,
2062 2241 2137 2284 Epi-

1260 2293 1349 2336 scopi
1360 2292 1512 2325 dixerunt
1526 2304 1533 2324 :
1560 2290 1678 2335 Neque
1691 2290 1756 2327 hoc
1767 2290 1911 2324 alienum
1920 2290 1965 2323 est
1977 2290 2019 2324 ab
2029 2290 2140 2324 Eccle-

1258 2342 1378 2378 fiastica
1400 2341 1545 2376 doctrina
1560 2366 1568 2373 .

1377 2441 1631 2477 ACTIO
1680 2427 2013 2475 TERTlA.

1305 2540 1475 2585 Obiecium
1497 2541 1542 2575 est
1566 2540 1600 2574 ἀ
1622 2540 1703 2574 illud
1728 2539 1886 2583 Pelagio,
1910 2547 2079 2582 tamquam
2100 2537 2138 2573 in

1258 2593 1315 2626 suo
1328 2592 1429 2627 Libro
1444 2592 1599 2635 scripserit
1621 2591 1743 2623 malum
1768 2601 1827 2622 nec
1849 2589 1882 2622 in
1895 2588 2137 2633 cogitationem

1257 2644 1373 2677 venire.
1403 2639 1585 2684 Respondit
1598 2649 1716 2674 autem:
1732 2640 1809 2673 Hoc
1823 2650 1887 2672 non
1902 2638 1945 2673 ita
1961 2638 2135 2680 posuimus,

1227 2709 1234 2714 ·
1257 2693 1310 2727 sed
1325 2693 1468 2726 diximus
1479 2691 1594 2725 debere
1604 2690 1732 2724 studere
1743 2687 1966 2723 Christianum
1981 2712 1992 2728 ‚
2019 2699 2059 2722 ne
2070 2699 2141 2721 ma·

1258 2744 1289 2776 le
1314 2743 1438 2787 cogitet
1457 2767 1464 2775 .
1491 2740 1618 2788 Qod,
1644 2737 1724 2779 ficut
1746 2739 1878 2779 decuit,
1904 2737 2059 2782 Episcopi
2084 2748 2139 2781 ap-

1255 2792 1449 2838 probarunt.
2120 2809 2123 2810 ν

1296 2890 1298 2892 ’
1355 2888 1610 2925 ACTIO
1671 2885 2036 2938 QUARTA.

1308 2992 1495 3026 Recitatum
1518 2990 1563 3024 est
1587 2990 1621 3024 δε
1641 2989 1751 3028 aliud,
1776 2985 1865 3031 quod
1878 2987 1912 3020 in
1924 2987 1983 3020 suo
2007 2985 2140 3021 Libello

1257 3042 1374 3084 scripsit
1389 3054 1396 3073 :
1421 3041 1574 3084 Regnum
1588 3040 1745 3074 coelorum
1756 3039 1854 3072 etiam
1869 3037 1902 3069 in
1914 3034 2015 3070 veteri
2025 3036 2143 3072 Testa·

1255 3102 1369 3126 mento
1390 3092 1579 3134 promissum
1597 3115 1603 3122 .
1631 3090 1684 3124 Ad
1703 3088 1789 3132 quod
1816 3086 1986 3131 Pelagius:
2015 3085 2092 3121 Hoc
2106 3087 2141 3121 δε

1238 3128 1241 3178 ἓ
1256 3154 1310 3185 per
1331 3143 1510 3185 Scripturas
1523 3139 1647 3184 probari
1664 3138 1810 3183 poffibile
1822 3136 1866 3170 est
1880 3149 1890 3179 ;
1918 3137 2074 3170 Haeretici
2087 3148 2142 3171 au·

1237 3185 1322 3237 item
1347 3193 1379 3225 in
1404 3191 1554 3234 injuriam
1581 3190 1694 3224 veteris
1714 3187 1922 3222 Testamenti
1945 3187 1977 3220 id
2000 3197 2139 3231 negant.

1239 3276 1241 3280 ‚
1259 3242 1334 3286 Ego
1347 3241 1421 3275 vero
1431 3240 1663 3284 Scripturarum
1678 3238 1900 3272 auctoritatem
1916 3237 2043 3270 secutus
2057 3262 2068 3278 ,
2094 3235 2140 3269 di-

1258 3293 1291 3324 xi
1314 3291 1470 3334 quoniam
1492 3292 1524 3324 in
1548 3288 1711 3332 Propheta
1736 3287 1879 3321 Daniele
1902 3288 2053 3331 scriptum
2073 3284 2141 3319 est:

1259 3343 1303 3373 Et
1315 3348 1463 3383 accipient
1473 3340 1572 3374 san&
1585 3343 1722 3384 Regnum
1737 3339 1867 3378 Altiffimt
1879 3362 1887 3370 .
1913 3338 1992 3384 Qa
2012 3335 2077 3378 ejus
2089 3345 2142 3368 ac-

1240 3401 1350 3433 'cepta
1376 3392 1603 3434 responfione,
1630 3388 1784 3430 synodus
1812 3386 1919 3423 dixit:
1947 3383 2142 3428 Nequehoc

1258 3440 1402 3477 alienum
1417 3442 1461 3476 est
1477 3441 1494 3476 ὲ
1507 3440 1588 3476 Fide
1604 3437 1828 3473 Ecclefiastica
1842 3461 1850 3470 .

1942 3481 2097 3519 ACTIO
