2366 3736
193 198 1786 264 ffiffifflffiwffiffiffiffiwffiffiw
1826 200 1867 256 *1*
1901 139 2036 261 3525&

299 367 715 418 ADMoDuM
740 362 1227 417 REVERENDO
1253 361 1346 415 ET
1376 363 1664 413 EXIMIO
1693 353 1933 413 PATRI

217 483 343 604 P.
411 476 1328 602 HENRICO
1395 477 2028 602 NORIS,

568 645 1673 777 VERONENSL

337 804 731 880 ORDINIS
773 798 1166 885 EREMIT.
1212 807 1282 877 S.
1325 799 1910 878 AUGUST1NJ‚

600 937 645 987 S.
680 932 723 982 T
725 931 935 1002 heologiae
969 932 1156 988 Doctori
1193 946 1247 987 ac
1282 929 1507 985 Profeffori
1533 967 1546 994 ‚
1581 935 1665 981 &c.

198 1056 304 1146 F*
362 1048 1508 1149 CHRISTIANUS
1561 1050 2046 1151 LUPU&

548 1206 735 1283 Ejufflem
776 1206 1054 1280 Augustinianae
1088 1205 1271 1261 familiae
1306 1205 1491 1255 Alumnus
1518 1204 1698 1267 inutilis,

422 1332 481 1384 Et
516 1326 605 1382 sola
631 1330 720 1378 Dei
743 1329 958 1397 patientia
992 1328 1040 1376 in
1075 1328 1212 1381 Alma
1239 1326 1495 1381 Lovanienfi
1520 1326 1818 1377 Univerfitate

653 1403 827 1451 1)οᾶοτ
862 1403 900 1449 S.
938 1398 1025 1450 Th.
1060 1413 1113 1450 ac
1147 1394 1358 1451 Profeffor
1370 1432 1385 1458 ‚
1421 1399 1459 1450 S.
1476 1399 1524 1445 P.
1541 1399 1603 1443 D.

204 1506 517 1573 AnMODuM
554 1520 929 1571 REVERENDE
977 1535 1052 1567 Ac
1092 1520 1317 1571 Exrtvrnz
1361 1521 1762 1578 Comum-ren,

298 1649 304 1656 ’
365 1644 399 1677 ἦ·
413 1644 470 1680 ξιῑέ·4
491 1636 713 1679 Mlcusfidelis,
733 1637 876 1681 protadio
890 1638 1008 1683 fortis:
1034 1639 1100 1681 ,Qui

247 1717 249 1724 s
275 1688 302 1729 ζ’
328 1722 335 1732 Δ
365 1681 407 1728 {⁴2
433 1692 464 1713 fi
504 1696 605 1724 aurem
625 1693 746 1723 invenlt
764 1689 848 1723 illum
864 1713 874 1729 ‚
898 1687 1100 1722 invenitthe-

311 1727 333 1745 ‘⁶
374 1731 465 1769 ’.τῖ’
501 1736 645 1783 sautum.
673 1741 770 1774 ,Amico
791 1737 876 1782 fideli
889 1739 971 1772 nulla
980 1737 1017 1778 est
1028 1748 1100 1770 com·

351 1825 367 1835 μ
404 1785 445 1833 ‘¹4
455 1798 471 1829 {¹2
486 1792 626 1829 “paratio
646 1798 654 1818 :
681 1791 728 1823 Et
750 1799 807 1821 non
825 1786 862 1827 est
880 1789 973 1832 digna
987 1788 1101 1832 ponde-

272 1832 284 1850 ¹⁸
304 1851 327 1884 ι,
352 1839 385 1887 Ἃ1
420 1830 445 1886 ἰ
469 1832 471 1838 “
505 1842 582 1869 ratio
613 1841 679 1870 auri
701 1838 735 1872 Θ
756 1842 874 1883 argenti
896 1846 1000 1871 contra
1022 1836 1100 1870 boni-

1274 1633 1545 1671 CAPUT
1594 1633 1945 1673 PR1MUM.

1242 1739 1419 1779 Exponitur
1440 1734 1645 1777 disertatlonis
1659 1758 1671 1775 ,
1697 1746 1747 1770 nec
1769 1740 1827 1769 noti
1840 1736 1979 1777 &hujus

1390 1784 1533 1827 Epistola·
1550 1783 1717 1828 scribendae
1739 1792 1835 1820 ratio.

504 1893 600 1919 tatem
617 1885 689 1931 fidei
708 1886 806 1923 illius.
833 1892 951 1922 Amicus
966 1886 1067 1929 fidelis
1089 1909 1100 1926 ,

208 1935 457 1972 medicamentum
477 1940 554 1969 vitae
575 1936 609 1968 (τ
632 1938 894 1972 immortalitatis:
922 1940 968 1970 Et
981 1940 1100 1978 quime-

208 1992 299 2018 tuunt
322 1986 501 2026 Dominum,
527 1990 689 2021 inveniunt
703 1988 808 2019 illum.
836 1986 919 2020 Tali
943 1986 1066 2020 Amico
1088 2011 1099 2027 ‚

209 2034 246 2068 in
267 2033 358 2076 cujus
379 2029 597 2076 charitatem,
625 2037 798 2079 praesertim
819 2036 922 2072 saeculi
937 2037 1097 2071 scandalis

209 2084 277 2118 sese
297 2083 494 2127 fatigatum,
516 2096 593 2121 cum
618 2085 742 2120 cunstis
761 2086 824 2121 suis
836 2085 1099 2131 cogitationibus

210 2133 247 2168 ἀ
268 2133 410 2167 consiliis
430 2143 539 2170 totum
564 2134 732 2179 projiceret
751 2158 762 2177 ,
788 2137 898 2170 secure
922 2136 991 2170 illic
1010 2137 1099 2180 quie-

211 2192 306 2217 turns
325 2208 338 2224 ‚
366 2183 545 2229 indiguisse
567 2186 687 2221 fatetur
707 2186 808 2219 etiarn
826 2187 953 2222 sanctus
974 2186 1096 2230 Augu-

211 2232 317 2270 stinus
336 2257 345 2265 .
373 2234 450 2282 Ego
475 2245 684 2278 peccatorum
707 2246 855 2271 meorum
880 2235 1006 2269 vidrici
1028 2246 1099 2280 gra·

212 2284 267 2317 tiae
297 2282 422 2325 deputo
441 2305 452 2322 ‚
489 2293 560 2317 non
597 2284 768 2322 dumtaxat
796 2285 885 2329 quod
909 2285 1098 2319 Dominum

212 2334 326 2367 Deum
348 2331 465 2371 timere
486 2342 525 2368 ac
546 2332 683 2378 diligere
694 2335 750 2369 sim
761 2346 898 2371 conatus
909 2333 1099 2379 hucusque,

214 2383 268 2421 sed
289 2383 322 2416 &
347 2382 437 2424 quod
459 2391 491 2417 te
511 2407 522 2425 ,
549 2384 725 2418 Clariffimi
755 2384 902 2419 Parentis
918 2386 966 2419 tui
988 2411 999 2426 ‚
1038 2397 1099 2420 nec

216 2444 285 2466 non
307 2432 519 2466 Eruditiffimi
543 2434 747 2470 conterranei
771 2435 819 2468 tui
834 2435 966 2471 Onufrii
981 2435 1099 2469 Panvi-

218 2482 265 2516 nii
279 2482 424 2525 vestigiis
435 2482 601 2530 insigniter
612 2483 824 2518 inhaerentem
837 2509 848 2525 ,
875 2486 1016 2529 ideoque
1029 2498 1098 2520 non

217 2529 324 2570 solum
347 2530 541 2570 scholastica
564 2541 661 2574 atque
682 2532 868 2577 dogmatica
881 2533 1098 2579 Theologia,

219 2582 273 2615 sed
294 2582 326 2614 ὅ(
347 2582 484 2624 profana
514 2591 553 2615 ac
579 2583 665 2616 sacra
687 2584 884 2629 antiquitate
909 2585 1098 2619 instructum

219 2631 361 2671 eximie,
390 2631 487 2664 talem
514 2631 697 2666 invenerim
721 2632 906 2667 thesaurum
930 2658 936 2665 .
964 2636 998 2669 O
1020 2646 1100 2677 quo-

220 2682 283 2715 ties
300 2705 312 2720 ,
339 2682 491 2724 primates
512 2680 603 2716 almae
625 2682 723 2716 Urbis
744 2683 893 2717 Basilicas
915 2683 1066 2718 adeundo
1090 2709 1101 2725 ,

222 2731 263 2766 de
284 2731 380 2764 avitis
402 2731 435 2764 <Sc
453 2730 654 2773 Reipublicae
674 2733 708 2766 &
722 2732 867 2768 Ecclefiae
886 2733 954 2766 illic
966 2733 1042 2767 astis
1057 2736 1102 2767 in·

219 2780 363 2815 struebas
383 2780 592 2815 eruditissime
606 2782 621 2813 ?
649 2781 748 2816 Certe
768 2783 857 2825 quod
881 2785 915 2817 in
940 2784 969 2817 S.
984 2784 1100 2818 Hiero-

220 2842 328 2874 nymo
350 2841 404 2875 per
423 2831 630 2865 Gallicanam
652 2832 685 2865 ὅτ.
709 2832 854 2866 Graecam
880 2857 891 2872 ‚
918 2834 952 2867 in
974 2844 1025 2868 me
1048 2846 1102 2878 per

222 2880 369 2919 Italicam
390 2881 686 2926 peregrinationem
708 2882 833 2916 Divina
857 2883 1042 2918 Clementia
1055 2885 1099 2917 est

221 2942 373 2974 operata.
400 2931 521 2974 Reperi
545 2931 614 2966 illic
634 2933 740 2975 plures
763 2932 942 2978 Gregorios
960 2933 1100 2968 Nazian-

222 2991 318 3015 zenos
339 3005 346 3014 .
377 2978 461 3028 Qae
493 2982 608 3017 omnia
641 2982 721 3016 dum
750 2983 907 3017 memoria
932 2985 1065 3018 revolvo
1089 3007 1099 3023 ‚

223 3040 331 3064 mente
351 3041 500 3075 repertor
522 3032 556 3068 in
579 3032 730 3073 Italiam,
757 3033 871 3070 acerbe
893 3034 1009 3068 dolens
1033 3045 1103 3067 nec·

223 3080 303 3114 dum
325 3081 428 3115 adesse
453 3081 543 3116 illam
569 3082 653 3120 beati
675 3083 822 3125 corporis
842 3081 975 3124 dotem,
1005 3095 1103 3127 quam

224 3130 258 3163 in
277 3130 365 3164 libris
387 3129 428 3164 de
440 3132 584 3166 Civitate
608 3133 672 3166 Dei
696 3132 808 3171 laudat
828 3134 859 3167 S.
875 3134 1100 3178 Augustinus:

7 3201 8 3216 ¹
55 3169 128 3210 Lib·
151 3184 211 3210 22·‚
225 3180 280 3213 Ubi
291 3181 369 3214 volet
377 3179 525 3222 spiritus,
551 3183 595 3219 ibt
610 3183 731 3228 potlmis
741 3185 981 3226 eritenorpus.
1001 3184 1103 3231 Qod

56 3232 124 3265 ςῑῑΡ·
149 3233 207 3273 3οι
223 3242 302 3274 ergo
329 3230 441 3274 lingua
464 3243 603 3275 nequeat
626 3258 637 3273 ,
664 3244 713 3269 res
737 3235 894 3271 nostrates
916 3232 1018 3270 ambit
1038 3233 1105 3269 haec

221 3280 281 3321 tibi
305 3280 453 3325 Epistola
474 3283 646 3319 notificare
656 3308 664 3316 .

1262 1883 1347 1920 Udd
1362 1884 1555 1928 Apostolica
1567 1883 1664 1920 Sedes
1675 1908 1686 1925 ,
1712 1885 1747 1919 ὃς
1760 1884 1928 1920 Dominus
1942 1886 2053 1922 noster

1287 1935 1362 1970 Rex
1383 1934 1580 1971 Catholicus
1592 1936 1863 1971 numerofiffimos
1886 1936 1994 1971 adhuc
2017 1938 2054 1973 &

1166 1985 1413 2020 serventiffimos
1423 1985 1551 2020 Fideles
1570 1986 1604 2018 in
1618 1985 1736 2030 Belgio
1748 1985 1890 2021 habeant
1911 1987 1981 2030 post
1995 1998 2053 2021 nu-

1139 2055 1141 2065 i
1166 2045 1276 2078 perum
1300 2034 1496 2071 Lutheranae
1516 2036 1550 2070 δε
1572 2035 1776 2069 Calviuianae
1798 2034 1947 2072 haereseos
1969 2036 2052 2071 dilu-

1164 2086 1276 2127 vium,
1302 2085 1345 2118 est
1366 2085 1532 2120 adoranda
1555 2085 1655 2120 solius
1677 2086 1743 2120 Dei
1765 2087 1798 2121 in
1821 2097 1883 2122 nos
1898 2087 2051 2122 Clemen-

1164 2136 1208 2168 tia
1222 2159 1234 2174 ,
1260 2135 1429 2178 infigniter
1450 2136 1499 2170 uti
1519 2135 1654 2178 dignata
1677 2135 1859 2170 ministerio
1882 2134 1978 2179 hujus
1990 2137 2051 2170 Al-

1166 2194 1225 2217 mae
1237 2182 1363 2218 Schola:
1374 2185 1591 2221 Lovanienfis
1605 2209 1612 2217 .
1639 2185 1718 2219 Haec
1740 2187 1832 2221 enim
1844 2184 1975 2230 utrique
1987 2194 2052 2219 tur-

1166 2232 1235 2266 bini
1258 2233 1342 2268 adeo
1361 2234 1516 2281 generose
1536 2234 1677 2275 restitit,
1703 2245 1739 2269 ut
1752 2235 1932 2269 relatisase
1942 2236 2052 2270 acim-

1166 2283 1320 2327 pugnatis
1342 2283 1537 2319 orthodoxis
1554 2283 1764 2328 dogmatibus
1786 2284 1953 2320 Lutherus
1974 2286 2050 2329 pas-

1167 2334 1223 2366 fim
1245 2333 1438 2368 adscriberet
1468 2333 1557 2368 hunc
1579 2335 1794 2378 marginalem
1822 2336 2012 2369 sarcasmum
2040 2348 2050 2367 2

1166 2384 1373 2417 Lovanialiter
1393 2410 1399 2418 .
1438 2385 1486 2419 lta
1508 2385 1651 2427 sperabat
1675 2384 1840 2427 Majorum
1863 2385 2048 2419 nostrorum

1163 2435 1244 2468 istus
1267 2434 1404 2469 illudere
1423 2459 1430 2466 .
1460 2436 1502 2468 Et
1537 2432 1617 2468 hinc
1641 2444 1776 2478 utraque
1799 2433 1857 2468 ista
1875 2434 2050 2469 crudeliffi-

1164 2495 1215 2517 ma
1237 2485 1335 2517 factio
1359 2508 1370 2522 ‚
1398 2483 1475 2516 dum
1493 2484 1649 2526 colligata
1671 2495 1787 2517 omnes
1815 2485 1914 2519 ferme
1936 2484 2048 2529 Belgii

1164 2534 1324 2568 Civitates
1347 2533 1480 2567 vastavit
1503 2544 1540 2566 ac
1563 2533 1748 2575 profanavit
1763 2534 1919 2568 Ecclefias
1946 2559 1956 2574 ‚
1982 2534 2050 2569 hoc-

1163 2583 1372 2618 Lovaniense
1394 2607 1405 2623 ‚
1430 2584 1483 2617 cui
1521 2582 1649 2616 nullum
1682 2583 1818 2619 humani
1845 2585 2049 2619 munimenti
2090 2592 2094 2595 ·

1163 2634 1262 2667 robur
1281 2657 1291 2672 ,
1333 2643 1500 2677 nunquam
1535 2632 1693 2676 oppidum
1717 2634 1818 2668 valuit
1842 2635 2011 2677 pervadere
2037 2646 2047 2668 ε

1164 2684 1266 2729 Qod
1290 2682 1414 2716 Divina
1437 2682 1623 2718 Clementia
1647 2683 1785 2717 misereri
1810 2685 1918 2718 adhuc
1949 2686 2048 2719 vellet

1166 2732 1258 2778 genti
1280 2732 1413 2773 nostrae,
1440 2744 1538 2774 atque
1551 2734 1595 2766 ita
1607 2734 1787 2776 reparandae
1799 2733 1891 2767 Fidei
1902 2734 2047 2768 scholam

1165 2782 1250 2817 hanc
1267 2783 1421 2817 servaret.
1449 2783 1533 2829 Qae
1546 2782 1678 2817 Patrum
1705 2782 1802 2817 corda
1814 2782 1920 2818 adhuc
1932 2787 2048 2819 vivunt

1167 2834 1199 2866 in
1212 2833 1323 2866 Filiis:
1355 2832 1530 2881 Qidquid
1551 2833 1753 2867 zizaniorum
1765 2834 1949 2868 Dominico
1959 2835 2047 2878 apud

1167 2895 1227 2917 nos
1247 2893 1326 2927 agro
1356 2883 1510 2917 inimicus
1533 2881 1633 2917 homo
1654 2884 1920 2924 superseminavit
1944 2883 2048 2919 hafte-

1170 2934 1229 2967 nus
1241 2958 1251 2974 ,
1267 2944 1323 2967 aut
1343 2933 1652 2976 superseminaturus
1663 2933 1707 2965 est
1720 2956 1730 2972 ,
1757 2932 1895 2968 feliciter
1906 2935 2050 2969 eradica·

1167 2994 1241 3017 runt
1262 2994 1409 3026 patentes
1429 2983 1527 3017 nostri
1551 3007 1560 3022 ‚
1588 2983 1805 3026 speramusque
1828 2984 1870 3019 ab
1889 2986 2048 3028 omnipo—

1167 3044 1255 3068 tente
1268 3034 1333 3067 Dei
1352 3034 1454 3077 gratia
1478 3032 1764 3066 subministrandas
1782 3033 1882 3068 etiam
1907 3035 2049 3070 nobis&

1170 3083 1284 3118 nostris
1305 3085 1404 3127 usque
1424 3083 1462 3116 ad
1474 3082 1577 3116 saeculi
1590 3082 1690 3116 finem
1702 3083 1836 3128 posteris
1849 3085 1931 3119 vires
1944 3109 1955 3126 ‚
1978 3087 2050 3130 qui·

1171 3134 1231 3170 bus
1256 3134 1475 3167 eradicemus.

1219 3184 1345 3218 Duram
1379 3183 1473 3217 nobis
1505 3182 1621 3216 lunam
1656 3194 1758 3227 nuper
1792 3184 1871 3219 fecit
1897 3185 2051 3220 Thomas

1170 3233 1395 3267 Tamburinus
1416 3255 1425 3271 ‚
1451 3231 1540 3275 cujus
1561 3235 1700 3274 expedita
1719 3257 1730 3273 ‚
1757 3235 1804 3268 uti
1828 3235 2014 3269 inscribitur
2040 3260 2052 3276 ,

1174 3286 1309 3327 Decalogi
1327 3285 1483 3325 explicatio
1504 3281 1567 3317 huc
1588 3284 1756 3327 deportata
1776 3285 1840 3319 fuit
1860 3310 1870 3325 ‚
1907 3286 1940 3319 &
1964 3285 2052 3328 typis

1175 3334 1308 3378 vulgata
1321 3332 1405 3376 apud
1419 3333 1541 3366 insulas
1552 3357 1562 3372 ‚
1588 3335 1746 3376 oppidum
1760 3334 1911 3369 Dioecefis
1924 3335 2055 3369 Torna-

1175 3384 1275 3417 cenfis
1299 3408 1305 3415 .
1338 3382 1391 3416 Est
1412 3383 1597 3426 compedita
1618 3408 1628 3423 ,
1656 3395 1725 3418 non
1747 3384 1894 3426 expedita
1916 3385 2056 3428 explica·

1147 3457 1149 3460 -
1176 3433 1243 3469 tio:
1271 3434 1466 3469 Humanum
1480 3443 1581 3479 genus
1599 3445 1667 3469 non
1681 3435 1698 3469 ὲ
1712 3434 1842 3476 multo,
1866 3435 1914 3467 uti
1929 3445 2054 3476 tentat,

1869 3483 2006 3518 Divina-
