2366 3736
606 153 779 187 einen
815 130 1342 185 Pafflnr'ca’noNEM
1377 139 1674 185 ReoutAn.

1904 155 1990 196 301

221 229 295 264 blie?
307 230 455 269 docenda,
479 228 575 262 etiam
588 226 736 262 docenda
747 225 791 260 est
803 237 844 260 ex
864 224 1018 266 rescripto
1029 225 1115 282 §ty-¹
1137 235 1146 286 Ι
1206 222 1289 257 Non
1301 224 1344 258 ita
1355 225 1479 268 pridem
1498 226 1530 259 in
1544 225 1705 259 Parisienfi
1717 224 1863 260 Sorbona
1875 225 2026 261 Theolo-

219 279 262 313 sti
285 276 343 313 [Vi
372 278 450 322 Ejus
474 277 547 320 jam·
560 277 636 312 dedi
661 277 801 310 rationes
821 301 828 308 .
858 272 1014 314 {Proinde
1034 285 1097 307 ma-

221 327 376 366 nifestum
389 329 433 362 est
446 354 455 369 ‚
466 329 590 362 clarum
600 323 999 364 Demonstratorem‚dum
1011 322 1094 357 istud

219 377 402 412 Alexandri
424 379 602 415 Decretum
627 374 782 410 buccinat
800 399 812 416 ‚
841 376 957 410 latrare
971 383 1096 408 -contra

219 425 334 465 lunam
345 452 353 461 .
539 433 543 440 “

446 477 477 512 C
504 473 534 508 A
563 475 590 508 P
618 474 657 510 U
684 474 722 508 T
782 477 815 508 Χ
828 473 875 507 ΙΙ.

239 530 452 561 Examinatur
479 524 621 557 Doctrina
641 527 671 567 J
673 529 778 557 oannts
805 527 967 557 Frontonis
993 529 1073 557 cirea

415 575 588 618 potestatem
601 577 686 608 5ed1‘s
717 574 877 616 Apostolicae
887 599 894 606 .

327 625 408 660 UM
428 626 493 659 haec
507 625 610 658 scribo
621 650 632 665 ,
643 625 661 659 ὲ
673 624 844 658 Gallicana
859 623 962 657 Larva
976 623 1097 667 prodiit

341 675 429 708 aliud
450 675 484 708 in
510 686 569 709 nos
587 675 711 708 telum.-
737 673 793 707 sub
806 674 940 707 nomine
963 673 1097 716 Ioannis

216 725 400 764 Frontonis
423 724 597 769 Regularis
623 725 663 757 ad
693 725 723 757 S.
748 724 954 758 Genovefam
973 722 1097 756 Parifiis

217 775 366 814 Clerici,
394 774 489 808 breve
500 775 632 818 quidem
646 775 800 816 scriptum
814 798 824 813 ,
847 773 899 806 sed
921 772 1098 805 amarulen-

218 834 312 862 tum.
342 824 527 859 Verborum
539 826 618 858 fuco
642 833 811 866 comptum
823 846 833 862 ‚
860 823 1016 855 sententia
1041 824 1097 855 im·

222 876 382 922 peritum.
409 873 491 908 Item
518 873 685 918 insigniter
707 872 911 906 temerarium
926 895 933 903 .
961 871 1042 905 Non
1056 884 1096 905 ex

221 924 340 973 pusillo
354 925 479 964 animo,
490 924 543 957 sed
555 934 596 956 ex
608 922 674 964 ejus
686 921 805 955 merito
814 922 858 954 ita
870 921 1007 967 appello.
1023 923 1096 955 Ete-

218 973 292 1007 nim
304 973 502 1016 Apoflolicae
513 972 605 1006 Sedis
615 971 726 1005 divina
737 971 908 1016 privilegia
920 995 931 1011 ‚
949 972 1096 1014 adeoque

218 1033 356 1056 omnem
382 1021 530 1055 Ecclesiae
549 1021 776 1054 Hierarchiam
789 1021 916 1055 invadit
929 1046 940 1062 ‚
960 1021 1096 1064 &ponit

219 1071 497 1106 schismaticarum
509 1070 744 1104 discordiarum
765 1071 980 1105 fundamenta
1000 1080 1096 1115 atque

219 1122 378 1156 fomenta.
404 1120 530 1155 Dolose
541 1121 687 1163 quidem.-
698 1131 729 1154 at
743 1122 894 1154 novimus
914 1120 1094 1154 istiusmodi

216 1171 364 1215 vulpium
378 1170 632 1205 versutias.Volo
645 1168 712 1203 haec
725 1170 860 1206 breviter
871 1171 1094 1204 demonstrare.

267 1221 378 1254 Habet
392 1221 446 1254 ille
456 1220 521 1254 haec
533 1220 738 1260 verba:Ajunt
749 1222 854 1262 aliqui.-
867 1223 898 1253 51
907 1219 967 1263 ipse
978 1220 1098 1263 Episco-

221 1279 283 1319 pus
295 1270 415 1312 errans?
421 1275 562 1303 veritatis
577 1270 615 1302 ab
628 1270 764 1312 apostolis
774 1273 808 1304 <5
820 1270 962 1312 &chrisio
971 1273 1095 1303 tradita

216 1321 334 1355 adulter
344 1320 381 1359 est
393 1319 453 1362 ipse
465 1322 498 1354 (9
504 1319 694 1362 seplafiariut
704 1345 713 1360 ‚
741 1322 817 1362 quid
819 1320 904 1361 fac‘lo
915 1329 985 1362 opus
999 1321 1016 1352 ἒ
1037 1322 1097 1353 Sed

215 1373 289 1404 verb
300 1370 454 1404 habent&
478 1369 533 1411 ipfi
542 1368 684 1412 Episcopi
711 1374 794 1403 Viros
810 1368 907 1412 supra
926 1369 978 1415 se,
1011 1372 1097 1410 apud-

216 1431 287 1462 quos
301 1425 452 1453 conveniri
459 1420 574 1462 poffunt
589 1443 595 1450 .
623 1419 744 1452 Habent
752 1420 923 1460 potiffimum
935 1422 1069 1452 Consilia
1083 1444 1093 1459 ,

215 1476 250 1503 dn
269 1470 375 1512 quibus
400 1468 529 1522 accusas}
546 1468 676 1501 debent.
706 1469 761 1502 Est
784 1470 959 1511 propositio
983 1470 1092 1502 sansto

213 1519 318 1555 Petro
331 1520 496 1562 Apostolo
510 1517 742 1559 injuriofiffima
757 1543 763 1550 .
787 1518 917 1551 Etenim
932 1519 1091 1561 SDiony·

214 1570 296 1604 sium
311 1567 517 1602 Alexandria:
530 1568 751 1602 patriarcham
764 1592 774 1608 ‚
800 1569 877 1602 dum
888 1580 930 1602 ex
943 1569 1044 1603 nimia
1057 1571 1090 1602 in

212 1619 382 1658 Sabellum
404 1618 580 1653 acrimonia
592 1617 674 1653 visus
684 1618 728 1652 est
741 1618 774 1651 in
787 1617 878 1653 aliud
890 1619 974 1653 latus
994 1619 1090 1662 cespi-

215 1678 289 1703 tare
306 1693 318 1710 ,
350 1680 462 1703 nonne
483 1667 731 1711 Pentapolitana
757 1667 901 1702 Ecclesia
930 1669 1089 1704 accusavit

212 1718 300 1762 :pud
313 1719 499 1753 Romanam
512 1717 726 1752 Cathedram?
739 1717 864 1752 Nonne
875 1720 932 1752 ces
929 1719 994 1762 pita
1001 1730 1088 1753 ntem

211 1768 419 1815 Origenem,
440 1767 516 1801 licet
527 1767 697 1802 dumtaxat
719 1768 968 1810 Presbyterum,
996 1770 1098 1811 Epis-z

210 1821 288 1862 topi
303 1818 656 1863 AEgyptiidetulerunt
668 1842 678 1856 ,
706 1828 771 1850 non
785 1817 869 1859 apud
893 1817 939 1850 sui
953 1817 1089 1851 Patriar-

211 1866 283 1902 ehae
295 1864 538 1911 Synodum,std
549 1866 632 1910 apud
647 1866 879 1900 &Pontificem
890 1866 1089 1910 Fabianum?

211 1916 340 1951 Nonne
351 1909 599 1950 Haerefiarcham
623 1915 793 1960 Pelagium
817 1917 955 1950 Laicum
969 1916 1090 1953 Mona-

212 1965 312 2000 chum
326 1967 358 2000 in
375 1964 588 2000 Antiocheno
608 1965 830 2000 Patriarchatu
853 1966 1064 2000 blaterantem
1077 1992 1088 2008 ,

211 2017 245 2050 S.
268 2016 473 2060 Augustinus
501 2016 596 2049 suasit
621 2027 690 2050 non
704 2016 744 2049 ad
769 2016 868 2049 ullam
891 2016 1063 2060 Synodum
1076 2041 1088 2056 ,

209 2064 265 2100 sed
276 2066 484 2100 deferendum
495 2066 536 2099 ad
549 2065 703 2109 S-Papam
720 2066 951 2099 innocentium
966 2067 983 2098 ,ι’
994 2068 1087 2100 Non-

1158 272 1245 317 gicas
1262 273 1388 308 Theses
1407 274 1465 308 sub
1488 276 1689 309 illustrissimi
1702 276 1842 309 Domini
1863 275 2025 310 Ludovici

1159 323 1296 358 Henrici
1314 324 1355 358 de
1385 324 1536 358 Goudrin
1566 325 1814 368 Archiepiscopi
1835 325 2028 358 Senonenfis

1159 373 1340 417 patrocinio
1358 373 1504 407 defendit
1527 375 1781 418 Sapientiffimus
1793 375 1950 419 Magister
1969 385 2029 408 no-

1158 423 1220 457 ster
1240 423 1379 465 Jacobus
1401 423 1537 457 Boileau
1556 448 1567 463 ,
1597 427 1686 458 sacrae
1705 426 1867 459 facultatis
1899 425 2029 459 Doctot

1157 471 1355 517 Theologus
1370 497 1380 513 ,
1401 474 1516 507 Socius
1536 474 1732 508 Sorbonicus
1744 500 1754 515 ‚
1772 474 1970 509 Primatialis
1990 486 2030 508 ac

1158 523 1423 565 Metropol'itanae
1442 523 1636 557 Senonenfis
1660 525 1807 558 Ecclesiae
1839 524 2041 561 CanonicusN

1156 572 1190 605 ὅ(
1212 572 1413 606 Ecclesiastes
1434 596 1441 603 .
1470 571 1604 606 Istarum
1622 574 1723 616 prima
1742 574 1893 609 enuntiat
1913 574 2032 617 myste-

1157 622 1260 656 rium:
1287 625 1376 655 sacra
1390 622 1524 664 facultas
1549 633 1709 664 numquam
1730 624 1872 665 probavit
1892 634 1947 656 aut
1962 633 2046 669 pros

1157 671 1375 714 bat‘posi'tiones
1398 674 1474 706 ullas
1502 671 1738 711 Christianiffimi
1764 677 1853 716 Regis
1868 673 2033 707 authorita-

1157 728 1181 754 t}
1195 747 1206 763 ,
1223 731 1275 755 aut
1290 729 1443 766 germanis
1478 720 1611 762 Eccleſsae
1624 722 1803 766 xGalltcanae
1825 721 2030 763 libertatibus,

1158 774 1191 804 (ν
1207 779 1328 812 receptis
1347 778 1380 804 in
1402 777 1502 815 Regno
1526 771 1698 805 canonibus
1722 777 1885 805 contrarias
1899 797 1906 804 .
1930 777 1968 805 E.
1994 776 2031 805 G.

1157 821 1249 863 ‚Quod
1261 819 1397 864 summus
1420 821 1560 865 Pontifi'x
1592 823 1673 863 poffit
1696 823 1837 864 deponere
1870 822 2029 865 Episcopus

1156 870 1314 913 adversum
1334 870 1446 914 eosdem
1458 876 1610 904 canones.
1640 871 1771 915 Utique
1793 872 1959 906 adversum
1973 873 2035 906 Ca·

1158 931 1259 954 nones
1284 944 1295 960 ,
1318 921 1359 955 de
1384 921 1503 963 quibus
1529 923 1564 955 in
1586 923 1679 956 causa
1706 920 1880 956 Rothandi
1903 923 2034 956 Sveffio·

1158 971 1262 1004 nensis
1285 971 1439 1014 Episcopi
1478 970 1679 1005 Hincmarus
1721 972 1938 1015 Metropolita
1970 972 2034 1006 Re-

1157 1021 1273 1055 menfis
1293 1021 1484 1064 disceptavit
1507 1032 1583 1055 cum
1605 1022 1635 1056 S.
1663 1021 1808 1056 Nicolao
1826 1021 2032 1056 1.P.ontifice.

1204 1071 1262 1104 An
1284 1071 1439 1105 Sorbonae
1463 1071 1603 1104 facultas
1613 1081 1668 1104 eos
1692 1082 1847 1114 umquam
1871 1072 2032 1114 probarit,

1156 1131 1268 1163 parum
1280 1121 1391 1154 refert.
1416 1121 1794 1156 AttamenfiGallicanae
1817 1122 1962 1156 Ecclcfiae
1988 1124 2031 1157 sa-

1156 1181 1198 1203 na
1222 1171 1333 1213 parssit
1344 1181 1398 1204 aut
1413 1171 1529 1210 fuerit,
1551 1171 1690 1205 omnino
1700 1171 1891 1214 probavit&
1905 1172 2030 1214 probat.

1157 1221 1290 1253 Etenim
1313 1221 1380 1263 ipse
1402 1220 1603 1254 Hine-marus
1634 1221 1668 1254 in
1689 1221 1873 1255 Tricassiua
1896 1222 2032 1264 Joannis

1157 1269 1245 1305 V111.
1261 1269 1435 1303 Pontis-icis
1445 1269 1581 1313 Synodo
1599 1271 1743 1304 cantavit
1766 1272 2032 1307 solemniffimtm

1155 1319 1356 1362 palinodiam
1379 1320 1438 1353 suae
1460 1321 1599 1354 audaciae
1621 1345 1627 1352 .
1656 1322 1700 1354 Et
1720 1322 1811 1354 istam
1831 1321 2033 1363 Synodum,

1154 1381 1191 1402 ac
1216 1368 1308 1402 istam
1330 1368 1535 1413 singulariter
1559 1369 1760 1412 palinodiam
1782 1370 1952 1404 Gallicana
1974 1372 2035 1405 Ec·

1153 1419 1244 1452 ciesia
1265 1420 1388 1462 semper
1408 1430 1558 1452 venerata
1572 1420 1652 1458 fuit,
1673 1420 1707 1453 ἀ
1719 1430 1793 1453 vera
1811 1420 1877 1462 ejus
1889 1421 2034 1456 membra

1152 1468 1259 1502 adhuc
1274 1478 1468 1503 venerantur
1482 1493 1488 1500 .
1508 1468 1732 1503 Temerariam
1747 1467 1883 1503 Thesim
1899 1472 2033 1510 ,nescio

1152 1519 1224 1561 quis
1247 1519 1410 1562 inquietus
1432 1519 1584 1559 spitum,
1615 1519 1724 1552 denuo
1742 1520 1866 1554 curavit
1887 1520 2034 1563 imprimi

1153 1569 1310 1602 Lovanii.
1339 1567 1465 1601 Verum
1485 1566 1557 1600 Rex
1582 1567 1777 1601 Catholicus
1795 1568 1960 1613 insigniter
1984 1581 2035 1604 ca-

1152 1617 1282 1663 stigavit
1295 1615 1564 1666 Typographum
1576 1640 1588 1658 ‚
1603 1626 1699 1665 atque
1719 1618 1763 1653 ita
1772 1619 1971 1663 compescuit
1982 1631 2032 1666 pe-

1151 1668 1324 1704 tulantiam
1343 1694 1350 1703 .
1406 1664 1409 1667 ⁴

1203 1716 1553 1764 NovusDogmatistes
1565 1719 1670 1765 pergit
1692 1718 1734 1754 de
1758 1718 1944 1764 Episcopis:
1973 1723 2036 1756 Sole*

1150 1771 1292 1803 audiendi
1298 1768 1368 1811 sunt
1379 1774 1482 1802 totat‘n
1495 1768 1614 1810 Dia-cesi
1622 1795 1629 1802 .
1657 1771 1889 1805 Haecomnino
1917 1770 2034 1805 dicun-

1149 1829 1200 1852 tur
1211 1819 1250 1852 ad
1263 1820 1482 1853 exclusionem
1495 1819 1641 1853 Romani
1667 1820 1837 1855 Pontificis
1849 1846 1856 1853 .
1887 1821 1968 1855 Non
1983 1823 2032 1856 in-

1148 1869 1270 1913 dulgeo
1282 1869 1362 1902 meis
1386 1869 1637 1912 suspicionibus.
1666 1869 1803 1913 Loquor
1824 1882 1865 1904 ex
1885 1871 2029 1914 ejusdem

1148 1919 1239 1952 sortis
1251 1918 1385 1953 homine
1396 1943 1407 1958 ,
1421 1920 1604 1962 nuperrimo
1616 1920 1831 1961 quorumdam
1848 1922 2030 1956 Fasciculo-

1148 1980 1219 2002 rum
1233 1968 1383 2002 Authore
1396 1993 1403 2000 .
1432 1969 1614 2003 Fasciculus
1626 1971 1739 2004 tertius
1751 1970 1816 2004 haec
1828 1970 1941 2005 habet:
1972 1974 2030 2005 sed

1147 2018 1220 2058 esto,
1245 2021 1346 2052 Breve
1364 2020 1528 2052 clementes
1547 2024 1631 2051 Vm.
1654 2022 1790 2062 quuatur
1802 2023 1837 2054 de
1851 2022 1936 2063 Missa
1947 2024 2026 2055 alnis

1148 2080 1205 2101 non
1228 2069 1323 2101 libera
1335 2092 1346 2107 ,
1368 2070 1525 2110 quidinde
1536 2070 1717 2112 exurgebunt
1737 2070 1783 2108 isti
1799 2072 1812 2104 ?
1839 2075 1935 2104 Unum
1951 2071 2032 2106 nibil

207 2113 578 2151 nein‘Chalcedonenfi
602 2115 740 2158 Synodo
758 2115 974 2159 gloriosissimi
999 2117 1086 2159 Judi-
1141 2119 1473 2161 grandiffimum;qu1a
1486 2117 1767 2160 buJusmodiBullts
1783 2132 1840 2153 non
1865 2122 2029 2166 abrogatur

207 2176 283 2204 ces,
304 2167 461 2209 quosdam
475 2166 561 2199 circa
575 2165 603 2198 S.
616 2166 742 2200 Leonis
760 2165 913 2199 Tomutn
936 2167 1087 2210 tergiver-

1147 2171 1287 2200 Concims
1299 2190 1309 2206 ,
1330 2178 1379 2200 nec
1397 2168 1616 2202 Conciliat-ibus
1631 2169 1799 2203 canonibus
1811 2195 1818 2202 .
1849 2173 1943 2213 quue
1951 2171 2025 2216 five

206 2216 314 2250 :santes
327 2215 502 2259 Episcopus
514 2240 524 2256 ,
535 2215 651 2248 minati
665 2216 735 2247 sunt
746 2240 756 2255 ,
770 2225 835 2247 non
846 2216 864 2248 a
876 2225 966 2248 tanta
980 2216 1085 2258 Syno·
1141 2216 1255 2260 sper-‘les
1274 2223 1400 2258 praxim
1411 2216 1526 2259 sanc‘lae
1536 2220 1622 2256 Sedis
1635 2243 1646 2258 ‚
1657 2218 1720 2259 five
1736 2223 1836 2252 Curiae
1859 2224 2002 2254 Romanae
2018 2245 2025 2254 .

205 2266 253 2299 do
274 2265 468 2308 judicandos
491 2289 501 2305 ,
521 2263 573 2298 sed
592 2265 737 2298 Romam
758 2265 1025 2307 transportandos
1043 2265 1084 2300 ad

204 2314 536 2348 Tribunalissiusmet
557 2313 757 2348 Pontificis?
778 2316 889 2349 Omne
914 2315 956 2347 de
978 2314 1084 2349 haerefi

203 2375 244 2403 ac
259 2363 417 2398 haereticis
438 2363 596 2408 judicium
619 2364 833 2406 Apostolicus
855 2364 975 2397 Canon
1000 2366 1081 2399 nulli

203 2414 343 2448 credidit
361 2414 499 2457 Synodo
511 2438 521 2453 ‚
540 2414 593 2447 sed
610 2415 798 2447 constanter
817 2414 986 2447 reservavit
1005 2416 1077 2449 Sedi

203 2462 417 2507 Apostolicae.
443 2464 594 2506 Synodus
606 2464 699 2507 possit
716 2464 787 2497 fasti
801 2465 937 2507 speeiem
951 2463 1075 2498 investi-

199 2524 279 2558 gare
297 2537 309 2553 ,
334 2524 402 2547 non
426 2513 457 2545 se
480 2512 794 2554 immiscerejudieio
809 2538 816 2545 .
844 2514 963 2547 Omnis
984 2516 1078 2549 causa

199 2563 247 2597 est
273 2563 416 2597 Romam
425 2562 606 2596 referenda.
636 2561 732 2596 Circa
753 2561 850 2596 fidem
867 2563 971 2604 lapsus
987 2564 1078 2607 Epis·

197 2623 301 2656 copus
313 2613 406 2655 poffit
426 2611 674 2656 accusarietiam
692 2612 777 2654 apud
792 2613 879 2645 suam
893 2613 1077 2655 Synodum,

196 2662 252 2697 sed
272 2673 340 2695 non
364 2660 541 2705 potissime.
563 2661 617 2695 Est
630 2662 761 2696 tesluce
781 2662 915 2695 clar10r.

1145 2270 1305 2309 Utrumque
1317 2266 1456 2309 ostensum
1468 2273 1544 2300 imus
1556 2292 1564 2299 .
1579 2268 1725 2302 Adducit
1739 2269 1882 2312 quaedam
1906 2271 2027 2306 Roma·
2043 2291 2046 2294 Δ

1146 2327 1263 2350 norum
1279 2317 1479 2350 Pontificum
1492 2341 1503 2356 ‚
1527 2319 1558 2351 se
1569 2329 1607 2351 ac
1623 2319 1710 2351 suam
1725 2318 1948 2361 Apostolicam
1962 2322 2024 2354 Ca-

1144 2365 1288 2400 thedram
1301 2366 1319 2399 a
1331 2367 1500 2400 Sacrorum
1511 2367 1687 2401 Canonum
1702 2369 1960 2410 praevaricatione
1969 2371 2025 2405 ab·

1143 2415 1269 2449 horrere
1281 2416 1504 2459 profitentium
1520 2441 1530 2456 ,
1551 2418 1736 2451 testimonia
1748 2441 1759 2457 ‚
1779 2428 1877 2461 atque
1888 2422 2022 2454 conclu-

1142 2467 1190 2500 dit
1202 2478 1209 2497 :
1232 2469 1285 2499 Ex
1301 2466 1348 2498 his
1361 2491 1372 2505 ,
1399 2466 1568 2508 &infinitis
1575 2468 1653 2507 pene
1664 2467 1732 2498 aliis
1742 2469 1821 2500 idem
1834 2469 2018 2510 valentibus,

1140 2527 1206 2557 quae
1211 2517 1350 2559 possemus
1363 2521 1394 2547 in
1404 2517 1531 2548 medium
1547 2517 1702 2556 producere
1712 2541 1722 2556 ‚
1746 2519 1940 2561 undequaque
1952 2526 2018 2553 ev}-

1140 2568 1214 2598 dens
1227 2566 1264 2598 eli
1274 2591 1283 2605 ,
1298 2564 1436 2608 sanilam
1459 2567 1478 2596 5
1480 2566 1562 2597 edem
1578 2567 1653 2597 adea
1672 2567 1816 2609 Religiose*
1833 2571 1966 2602 eoncilia
1981 2572 2016 2604 6·

1137 2617 1314 2648 Conciliares
1329 2619 1463 2647 Canones
1481 2616 1548 2647 olim
1558 2613 1716 2658 observaffe
1725 2638 1736 2654 ,
1761 2624 1793 2648 ut
1801 2620 1953 2659 ptaculum
1964 2631 2014 2652 ar-

1123 2649 1250 2698 ¹bitrata
1267 2663 1304 2706 fit
1322 2665 1379 2697 illis
1391 2665 1482 2697 velm
1501 2673 1595 2696 atomo
1604 2672 1830 2700 contravenire.
1860 2668 2012 2713 Dogma-

249 2713 365 2746 Novus
390 2711 443 2745 hic
462 2711 675 2757 dogmatistes
703 2711 846 2752 sequitur
872 2711 1003 2746 Petrum
1036 2713 1075 2747 de
1137 2715 1213 2748 tizat
1227 2715 1414 2747 Romanam
1429 2713 1604 2748 Ecclesiam
1616 2726 1709 2759 agere
1723 2727 1789 2749 non
1804 2719 2013 2759 poffeadver-

196 2762 334 2802 Marca,
362 2760 654 2805 Archiepiscopum
681 2760 889 2795 parisiensem
904 2784 914 2800 ,
937 2763 994 2807 qui
1015 2763 1071 2797 fibi
1137 2765 1187 2798 sus
1202 2764 1415 2797 Generalium
1428 2764 1637 2806 Synodorum
1662 2765 1836 2805 Canones,
1856 2768 2013 2812 antiquos

193 2812 344 2857 persuasit
368 2811 625 2845 provincialium
649 2806 857 2854 Synodorum
888 2810 1009 2853 judicia
1032 2824 1072 2847 ex
1134 2814 1311 2847 Pontifices
1324 2824 1501 2856 numquam
1515 2815 1632 2858 egisse,
1655 2811 1794 2858 ideoque
1817 2816 2008 2853 Honorium

194 2861 394 2906 Apostolico
409 2859 547 2896 Canone
560 2886 571 2902 ,
593 2861 626 2894 &
636 2862 725 2895 avito
737 2860 955 2895 Ecclesiarum
969 2873 1070 2901 more,

193 2913 256 2947 esse
277 2913 423 2955 suprema
434 2935 445 2950 ‚
462 2911 613 2955 appellari
626 2922 692 2945 non
707 2912 793 2954 posse
802 2911 841 2945 ad
855 2910 967 2945 Sedem
982 2913 1069 2956 Apo·

193 2962 341 2996 ssolicam
352 2984 363 3001 ‚
383 2960 559 3005 ideoque&
571 2961 737 3004 peripsam
750 2961 907 2994 retrac'tari
919 2973 985 2995 non
1000 2964 1067 3004 pos-

192 3013 246 3052 se,
258 3021 314 3045 aut
322 3013 488 3045 reformari
501 3035 507 3046 .
522 3010 577 3044 Est
588 3010 774 3044 Eusebianae
786 3011 936 3044 factionis
948 3012 979 3044 in
994 3012 1066 3044 Phi-

192 3061 438 3104 lippopolitano
457 3061 692 3095 conventiculo
704 3070 930 3094 commentum
944 3073 950 3092 :
965 3062 1064 3103 prima

192 3122 262 3145 non
283 3111 383 3144 totius
393 3111 571 3145 Orientalis
586 3111 733 3144 Ecclefiae
745 3134 755 3150 ‚
776 3110 827 3143 sed
840 3110 928 3144 istius
940 3111 1064 3145 dumta-

190 3170 248 3195 xat
259 3160 406 3193 factionis
418 3184 429 3200 ‚
451 3161 598 3197 adversus
608 3161 791 3195 Romanam
804 3158 1000 3194 Cathedram
1021 3173 1065 3196 re·

189 3209 502 3245 bellio&schisma.
531 3211 575 3244 Et
598 3210 730 3254 quidem
755 3211 868 3243 Petrus
889 3209 929 3242 de
949 3211 1062 3247 Marca

188 3260 259 3294 fola
280 3259 391 3292 civilia
409 3269 465 3292 aut
485 3260 666 3294 criminalia
690 3259 947 3294 provincialium
960 3262 1062 3303 Syno-

187 3309 307 3344 dorum
331 3307 453 3351 judicia
465 3309 864 3354 censuitinappellabil123
890 3310 943 3343 hic
958 3322 1061 3345 novus

188 3361 319 3394 Dostor
336 3369 473 3392 errorem
497 3359 657 3401 protrudit
679 3359 778 3394 etiam
799 3359 838 3394 ad
852 3360 973 3402 judicia
997 3360 1060 3394 do-

215 3409 331 3443 matica
348 3431 354 3439 .
381 3408 509 3450 Nempe
526 3408 665 3451 quivera
677 3409 850 3454 Evangelii
874 3419 960 3453 petra
978 3411 1059 3446 stare

211 3460 384 3498 arefiant,
408 3459 529 3500 semper
550 3459 724 3500 proficiunt
747 3458 783 3495 in
804 3458 911 3504 pejus.

275 3507 383 3550 christ.
398 3510 478 3552 Lupi
489 3511 586 3550 Opera
599 3510 737 3559 TWXL.

1132 2864 1187 2897 111.
1199 2863 1394 2908 Gregorium
1403 2863 1460 2896 lx.
1474 2874 1651 2907 eorumque
1660 2866 1856 2914 Succeffores
1866 2891 1877 2907 ,
1904 2868 2005 2903 etiam

1132 2913 1338 2948 Clementem
1351 2913 1509 2956 V111.qui
1532 2913 1800 2947 Mendicantibus
1823 2917 2006 2952 Ordinibus

1129 2963 1287 2998 dederunt
1298 2963 1464 3008 privilegia
1475 2986 1487 3003 ,
1498 2964 1563 2996 esse
1571 2964 1836 3006 praevaricatores,
1862 2966 2006 3011 ideoque

1129 3023 1189 3047 nec
1208 3014 1387 3049 curandos.

1176 3063 1266 3097 ldem
1287 3064 1456 3107 egregium
1478 3062 1598 3106 dogma
1622 3063 1790 3105 profitetur
1812 3064 1845 3098 in
1864 3066 1927 3101 suis
1947 3080 2001 3111 per

1127 3112 1334 3146 Catholicam
1361 3112 1564 3155 Majestarem
1580 3114 1728 3155 percuffis
1751 3114 1913 3150 Thefibus
1924 3118 1999 3154 Ma-

1125 3162 1221 3206 gister
1241 3163 1349 3196 noster
1369 3163 1505 3205 Jacobus
1518 3162 1671 3196 Boileau:
1696 3168 1839 3207 Magnam
1865 3173 1898 3199 in
1925 3180 1995 3201 oves

1117 3212 1173 3254 fibi
1200 3214 1219 3245 ἃ
1246 3212 1359 3252 Christo
1382 3214 1518 3244 traditas
1544 3210 1656 3245 babent
1677 3213 1886 3248 authoritatem
1903 3220 1994 3250 Paro-

1122 3261 1182 3295 cb}-
1210 3266 1278 3295 Veri
1291 3269 1398 3304 quippe
1410 3273 1511 3295 earum
1531 3260 1601 3303 sunt
1616 3263 1746 3302 Pastores
1772 3267 1944 3305 &Me-dici,
1970 3269 1991 3298 ἃ

1122 3310 1224 3354 quibus
1236 3316 1316 3345 Oves
1344 3310 1407 3351 stne
1430 3310 1535 3354 salutis
1559 3309 1624 3353 suae
1645 3315 1771 3354 periculo
1784 3324 1869 3346 extra
1883 3314 1989 3358 causas

1114 3365 1146 3406 J
1149 3367 1211 3394 uris
1222 3363 1351 3395 recedere
1376 3373 1432 3393 non
1444 3360 1549 3393 debent
1561 3386 1573 3402 ,
1599 3363 1632 3395 <5
1644 3365 1689 3395 ad
1699 3364 1807 3396 alienos
1819 3363 1969 3407 confugere
1978 3390 1985 3398 .

1121 3410 1286 3454 Agnoscam
1312 3422 1376 3453 ergo
1399 3416 1551 3452 proprium
1575 3411 1743 3451 Pastorem,
1772 3423 1893 3455 eumque
1918 3425 1990 3448 con·-

1116 3459 1221 3504 sulant
1249 3466 1282 3495 in
1308 3460 1405 3495 dubiis
1417 3485 1430 3504 ,
1454 3469 1489 3495 ut
1501 3462 1664 3506 legitimum
1680 3462 1835 3496 Doc‘lorem.
1866 3465 1988 3498 Adeunt

1584 3511 1666 3545 Cc
1908 3518 1940 3547 m
