2366 3736
387 93 403 121 1
415 86 481 131 96

342 157 505 202 praefatam
530 150 737 189 festivitatem
749 160 999 190 convenerunt,
1024 150 1152 196 propria
1164 160 1228 183 rna-

343 219 393 242 nu
415 204 653 245 subscriberent
670 227 674 234 ‚

429 304 613 344 Dilec‘lrfflmo
641 305 752 338 Fratri
779 299 911 344 Caesarlo
937 300 1147 341 Bonisacius.

428 408 471 440 Er
492 405 597 438 filium
618 402 761 440 nostrum
778 401 971 439 Armenium
992 402 1221 443 Presbyterum

440 458 473 490 &
507 455 670 493 Abbatem
699 454 804 486 literas
831 453 914 489 Tuae
938 454 1161 491 Fraternitatis
1174 463 1221 485 ac-

343 507 512 549 cepimus,
537 516 615 547 quas
638 504 678 536 ad
704 513 762 536 nos
785 503 842 536 sub
864 515 900 536 ea
924 503 1031 544 quain
1046 503 1122 536 Deo
1134 512 1221 535 tene·

342 567 414 591 mur
426 555 585 591 charitate
598 554 771 594 direxeras,
793 553 913 597 quibus
926 551 1103 585 credideras
1115 552 1219 594 postu·

341 607 476 640 landum
492 631 502 645 ,
530 614 564 638 ut
591 604 621 637 id
647 604 762 648 quoda
790 602 886 639 beata:
907 601 1141 636 reeordationis
1156 603 1218 635 De-

340 657 463 692 cessore
486 656 595 692 nostro
620 654 706 697 Papa
729 654 839 690 Felice
864 663 921 696 pro
945 652 1128 686 Catholicae
1142 652 1217 685 fidei

339 708 533 751 poposceras
558 703 713 743 firmitate
728 728 738 743 ,
773 714 841 736 mea
865 701 1077 744 explicaretur
1098 703 1216 737 instan-

339 757 406 791 tia.
434 756 495 791 Sed
516 769 558 801 qu
570 756 598 790 ia
620 755 653 788 id
682 755 831 786 voluntas
843 754 975 795 superna
998 752 1218 793 disposuit‚ut

339 806 428 851 quod
452 817 504 849 per
529 817 587 838 nos
610 805 650 842 ab
678 804 736 836 illo
759 805 937 845 speraveras
957 825 968 841 ‚
999 800 1017 836 ὲ
1042 802 1138 834 nobis
1165 813 1218 844 po·

339 857 404 892 tius
427 857 637 900 impetrares3
662 853 813 897 petitioni
837 863 920 892 tuae,
942 862 1039 895 quarn
1062 849 1216 887 laudabili

337 907 415 943 fidei
435 906 657 940 sollicitudine
677 902 871 945 concepisti,
914 900 1127 941 Catholicutn
1149 913 1214 935 non

336 956 519 996 distulimus
531 957 605 990 dare
626 954 810 997 responsum
826 977 833 985 .
860 951 1214 995 Indicansenim‚quod

336 1006 439 1050 aliqui
465 1005 617 1049 Episcopi
632 1004 837 1044 Galliarum,
862 1002 940 1039 cum
952 1012 1062 1038 caetera
1085 1000 1148 1042 jam
1162 1002 1216 1035 bo·

337 1069 379 1095 na
399 1068 439 1089 ex
458 1054 753 1099 Deiacquieverint
777 1053 880 1098 gratia
902 1048 1100 1096 provenire,
1119 1050 1214 1086 fidem

334 1107 462 1144 tantum
487 1106 548 1148 qua
574 1107 607 1139 in
631 1104 763 1138 Christo
796 1103 982 1140 credimus,
1011 1112 1132 1136 naturae
1154 1102 1215 1134 esse

334 1155 459 1193 velint,
492 1167 558 1188 non
579 1156 703 1199 gratizc,
723 1153 755 1186 &
784 1151 974 1190 hominibus
1000 1161 1041 1187 ex
1069 1150 1178 1187 Adam
1206 1175 1216 1190 ‚

334 1206 424 1249 quod
445 1205 510 1238 dici
535 1206 622 1239 nefas
644 1204 701 1244 est,
723 1202 755 1239 in
779 1202 883 1235 libero
897 1199 1032 1238 arbitrio
1055 1200 1214 1237 remansis-

334 1256 388 1295 se,
411 1266 478 1287 non
498 1255 697 1292 etiamnunc
718 1251 751 1285 in
773 1251 905 1295 singulis
927 1250 1155 1284 misericordiae
1170 1250 1216 1285 di-

335 1305 418 1345 vinae
443 1304 593 1348 largitate
615 1302 775 1340 conferri:
804 1301 1001 1344 Postulans,
1022 1310 1058 1334 ut
1082 1310 1216 1343 proamv

335 1354 497 1398 biguitate
522 1353 691 1393 tollenda,¹
716 1351 952 1385 confeffionem
975 1350 1134 1390 vestram,
1154 1361 1215 1394 qua

332 1416 394 1438 vos
415 1404 432 1437 ὲ
455 1404 583 1441 diverso
606 1403 704 1436 fidem
726 1403 841 1435 restam
865 1401 899 1439 'm
921 1398 1081 1439 Christo„
1102 1401 1213 1439 totius-

334 1466 397 1502 que
417 1454 510 1488 bonae
534 1452 886 1490 voluntatisinitium,
907 1451 1000 1493 juxta
1017 1450 1214 1484 catholicam

336 1505 507 1538 veritatem
522 1527 533 1549 ,Ι
552 1515 606 1546 per
629 1503 876 1548 praevenientem
889 1499 951 1534 Dei
960 1501 1097 1544 gratiam
1112 1500 1216 1545 singu—

334 1555 445 1594 lorum
465 1551 611 1587 definitis
639 1552 778 1587 sensibus
805 1550 950 1594 inspirari
979 1574 990 1589 ‚
1017 1548 1216 1585 authoritate

332 1604 422 1640 Sedis
448 1603 644 1646 Apostolicae
668 1603 887 1635 firmaremus.
917 1601 1027 1644 Atque
1051 1600 1214 1641 ide6,cum

331 1653 372 1691 de
393 1654 454 1688 hac
477 1665 509 1689 re
531 1654 626 1693 multi
652 1652 761 1691 Patres
783 1675 794 1694 ,
829 1651 863 1685 &
886 1660 944 1693 prae
965 1649 1085 1686 caeteris
1117 1650 1216 1692 beatae

331 1704 567 1738 recordationis
591 1702 793 1747 Augustinus
814 1700 1009 1743 Episcopus,
1039 1701 1136 1735 sed&
1150 1712 1215 1739 ma·

332 1753 415 1797 joses
428 1753 526 1789 nostri
541 1751 736 1796 Apostolicae
747 1749 836 1785 Sedis
850 1749 1033 1791 Ant'stites,
1060 1752 1103 1785 ita
1116 1752 1217 1786 ratio·
1236 1763 1238 1765 ·

334 1800 376 1842 ne
389 1804 565 1847 probentur
575 1801 747 1836 disseruisse
758 1800 920 1840 stimma,
942 1810 977 1835 ut
989 1798 1070 1833 nulli
1083 1800 1217 1835 ulterius

335 1853 468 1894 deberet
489 1854 551 1887 effe
571 1851 775 1897 ambiguum,
799 1850 896 1886 fidem
910 1861 1042 1896 quoque
1065 1849 1221 1895 nobisip-

332 1905 402 1944 sam
412 1904 522 1939 venire
532 1902 573 1939 de
584 1904 698 1947 gratia,
711 1900 981 1945 supersedendum
993 1901 1148 1937 duximus
1160 1903 1217 1936 res·

336 1954 496 2001 ponfione
521 1953 696 1998 multiplici
721 1976 732 1991 ,
763 1949 907 1984 maxime
929 1950 1004 1984 cum
1042 1951 1217 1988 secundum

339 2016 394 2040 eas
418 2028 428 2044 ,
456 2016 535 2051 quas
573 2015 614 2042 ex
654 2001 817 2045 Apostolo
850 2000 994 2034 direxisti
1026 2001 1220 2043 sententias,

340 2054 457 2099 quibus
474 2055 554 2092 dicit
575 2078 586 2094 ,
620 2051 851 2094 Misericordiam
875 2050 1037 2094 consecutus
1058 2049 1125 2094 sum
1149 2076 1160 2092 ,
1185 2061 1219 2085 ut

339 2106 440 2148 fidelis
466 2104 546 2148 essem
564 2116 579 2145 ;
622 2102 666 2137 Et
694 2101 772 2136 alibi
799 2126 809 2142 ,
848 2101 935 2136 Vobis
963 2103 1070 2136 datum
1096 2101 1134 2143 est
1164 2111 1222 2145 pto

343 2154 471 2195 Christo,
494 2166 550 2187 non
556 2151 649 2195 solum
658 2157 730 2186 utin
741 2163 804 2185 eum
815 2153 961 2191 credam,
971 2153 1076 2187 veram
1087 2157 1178 2186 etiam
1188 2161 1221 2185 ut

339 2213 395 2247 pro
415 2216 446 2237 eo
465 2208 644 2245 pattam1n13
676 2201 844 2236 evidenter
865 2210 1015 2243 appareat
1033 2199 1145 2240 fidem,
1158 2212 1221 2242 qua

342 2248 378 2288 in
398 2253 529 2287 Christo
553 2252 735 2294 credimus,
758 2251 837 2284 ficut
859 2251 893 2284 δε
917 2250 1031 2283 omnia
1054 2249 1154 2291 bona,
1165 2251 1222 2283 fin-

343 2304 430 2351 gulis
452 2301 641 2339 horninibus
652 2313 692 2335 ex
714 2301 957 2344 donosupetnae
971 2299 1079 2333 venire
1100 2301 1222 2344 gratiae,

346 2366 415 2390 non
443 2365 484 2386 ex
513 2353 662 2390 humanae
690 2351 846 2396 potestate
875 2360 1010 2386 naturae.
1043 2351 1146 2397 Quod
1168 2351 1223 2384 eti·

345 2415 398 2438 am
443 2404 692 2440 Fraternitatem
731 2401 844 2437 Tuam
873 2426 883 2442 ,
928 2400 1041 2435 habita
1080 2400 1223 2436 conlati-

344 2465 410 2489 one
431 2464 505 2486 eum
529 2452 723 2495 quibusdam
747 2449 974 2485 Sacerdotibus
1008 2450 1194 2486 Galliarum
1215 2476 1226 2491 ‚

343 2505 436 2549 juxta
460 2502 558 2535 fidem
575 2501 755 2547 gaudemus
778 2500 901 2534 senfiffe
921 2500 1129 2536 catholicam
1153 2514 1160 2534 ι
1186 2501 1222 2535 In

347 2550 399 2588 his
416 2551 590 2590 scilicet,in
613 2551 732 2596 quibus
752 2551 912 2590 uno,sicut
925 2550 1225 2592 indicasti‚consen·

347 2606 383 2640 su
404 2603 601 2638 definierunt
623 2602 745 2642 fidem,
769 2600 832 2644 qua
848 2600 883 2633 in
898 2599 1029 2634 Christo
1051 2601 1225 2640 credimus,

349 2653 452 2701 gratia
473 2652 656 2689 divinitatis
680 2650 894 2695 praeveniente
914 2651 1055 2686 conferri
1077 2665 1091 2684 :-
1112 2651 1225 2693 adjici·-

347 2714 438 2737 entes
460 2704 573 2742 etiam,
597 2701 687 2739 nihil.
704 2704 766 2735 effe
781 2703 909 2744 prorsus
919 2700 1096 2736 secundnm
1116 2702 1224 2737 Deum

349 2754 430 2790 boni
455 2777 466 2793 ,
502 2753 591 2794 quod
620 2753 683 2786 line
710 2751 773 2785 Dei
800 2752 871 2793 quis
897 2752 999 2795 gratia
1027 2761 1082 2785 aut
1116 2751 1224 2791 velle,

347 2814 403 2840 aut
430 2803 594 2846 incipere,
621 2812 676 2836 aut
702 2801 853 2845 operari,
879 2812 932 2839 aut
956 2802 1106 2844 perficere
1119 2802 1225 2845 possit,

348 2854 478 2888 dicente
506 2854 576 2896 ipso
603 2853 767 2889 Salvatore
794 2851 906 2885 nostro
929 2874 939 2891 ‚

350 2954 464 2993 licum,
490 2953 564 2995 quia
577 2953 609 2986 in
622 2951 778 2987 omnibus
789 2951 897 2991 bonis,
916 2962 1055 2993 quorum
1072 2961 1170 2994 caput
1181 2951 1224 2985 est

352 3003 444 3041 fides,
471 3003 619 3036 nolentes
647 3013 709 3035 nos
732 3001 950 3036 misericordia
975 3001 1089 3037 divina
1117 3011 1224 3044 praeve-

353 3054 443 3091 niat,
466 3063 501 3085 ut
526 3053 558 3084 in
580 3051 644 3085 fide
666 3052 835 3090 duremus„
853 3051 931 3084 sicut
956 3049 1065 3083 David
1085 3049 1227 3093 Prophe—

353 3111 387 3138 ta
409 3101 507 3137 dicit:
538 3104 617 3136 Deus
644 3113 723 3133 meus
749 3100 946 3142 misericordia
973 3102 1036 3140 ejus
1059 3106 1226 3141 praeveniet

355 3163 415 3186 me.
438 3149 633 3183 Etiterum:
659 3149 855 3192 Misericordia
866 3162 930 3184 mea
941 3161 1004 3183 cum
1017 3149 1076 3192 ipso
1097 3150 1133 3189 est
1147 3175 1154 3182 .
1184 3151 1225 3183 Et

355 3200 437 3237 alibi
453 3212 460 3231 :
478 3197 675 3241 Misericordia
695 3202 758 3239 ejus
777 3199 965 3242 subsequetur
984 3211 1044 3234 me.
1072 3200 1226 3234 Similiter

354 3252 389 3287 &
401 3250 521 3283 Beatus
534 3247 657 3281 Paulus
668 3249 766 3281 dicit:
794 3255 851 3281 Aur
861 3256 1020 3291 quiaprlor
1031 3251 1113 3281 dedit
1129 3256 1154 3282 ei
1166 3274 1176 3290 ‚
1194 3252 1227 3285 (⁴2

975 2853 1043 2884 Sine
1069 2863 1114 2884 me
1151 2850 1228 2884 nibil
1247 2875 1249 2878 -

347 2904 464 2947 potestis
487 2903 589 2944 facere
602 2928 609 2934 .
637 2903 773 2937 Certum
796 2900 840 2934 est
864 2901 950 2935 enirn
966 2925 975 2940 ‚
996 2911 1093 2943 atque
1106 2900 1228 2936 Catho·
1247 2935 1249 2937 ,

762 74 1044 125 ANUQUA
1080 66 1392 117 Ecctnsws
1428 69 1712 116 Decus-ra

1288 146 1437 191 ‘elulufis
1460 153 1660 196 praegravari,
1675 163 1710 188 ut
1723 153 1764 189 ad
1776 154 1942 192 Christum
1956 166 2023 192 non
2035 156 2166 191 credant

1287 195 1352 232 Dei
1375 199 1555 243 beneficio,
1580 202 1633 236 sed
1658 214 1778 238 naturae
1808 208 1987 250 perveniri;
2013 207 2047 240 δε
2075 207 2167 249 ipsius

1289 257 1407 287 naturae
1432 250 1680 296 bonum‚quod
1704 251 1783 287 Adae
1807 266 1937 297 peceato
1959 257 2103 291 noscitur
2116 255 2168 288 de·

1287 313 1454 345 pravatum
1476 327 1486 342 ,
1513 306 1671 339 auctorem
1695 303 1809 338 nostrae
1832 305 1908 340 fidei
1928 306 2040 341 dicant
2060 304 2165 348 magis

1285 358 1350 388 esse
1377 356 1474 398 quarn
1500 352 1689 395 Christum,
1715 366 1773 388 nec
1794 354 1983 399 intelligant
1995 357 2025 391 se
2047 353 2168 390 Domi-

1286 405 1365 441 nicae
1387 405 1558 437 reclamare
1570 404 1736 438 sententiae
1749 403 1888 438 dicenti.-
1914 409 2011 438 Nemo
2022 411 2110 439 venit
2122 404 2169 438 ad

1285 468 1352 497 me,
1380 454 1439 496 nist
1460 455 1563 486 datum
1578 451 1677 494 fuerit
1700 455 1746 488 illi
1769 457 1790 487 ἃ
1811 457 1902 487 Patre
1920 466 1983 487 meo
2009 478 2016 486 .
2043 456 2103 489 Sed
2130 455 2164 491 &3

1285 506 1389 540 Beato
1413 504 1521 541 Paulo
1546 503 1638 537 simul
1664 503 1811 538 obfistere
1849 504 2004 538 clamanti
2027 504 2068 536 ad
2096 505 2165 537 He-

1287 556 1395 594 braeos:
1423 558 1588 589 Curramus
1612 552 1656 585 ad
1673 553 1850 595 propositum
1876 554 1957 587 nobis
1991 561 2162 594 certamen,

1291 605 1464 654 aspicientes
1489 611 1518 637 in
1530 603 1676 636 mliorem
1694 603 1768 645 fidei
1792 603 2048 648 consummatorem
2051 600 2163 648 Jesum

1282 655 1440 694 Christum.
1467 656 1549 703 Qae
1562 665 1637 689 cum
1658 653 1700 686 ita
1719 652 1793 693 sint,
1819 654 1963 689 invenire
1976 665 2043 689 non
2060 652 2164 695 possu-

1283 717 1353 740 mus
1366 706 1444 750 quid
1457 706 1494 739 ad
1508 703 1703 739 credendum
1719 704 1752 737 in
1770 701 1988 746 Christo‚sme
2000 703 2067 737 Dei
2092 713 2164 748 gra·

1280 758 1325 790 tia
1354 757 1500 789 humanae
1522 757 1681 799 deputent
1705 753 1889 794 voluntati,
1913 754 1988 789 cum
2012 751 2163 788 Christus

1281 808 1389 840 auctor
1413 806 1718 848 consummatorque
1752 804 1790 838 sit
1810 805 1886 838 fidei
1906 829 1914 837 .
1956 805 2162 850 Qapropter

1279 856 1393 894 affeetu
1419 867 1568 901 congruo
1596 855 1796 895 salutantes,
1824 852 2064 898 suprascriptam
2081 864 2162 887 eon-

1282 907 1448 941 feffionem
1475 907 1610 941 vestram
1636 900 1890 940 consentaneam
1909 900 2083 938 catholicis
2102 901 2162 939 Pa-

1282 966 1366 990 trum
1397 958 1513 1000 regulis
1540 956 1756 999 adprobamus
1781 980 1788 987 .
1824 955 1904 989 Illos
1935 964 2044 988 autem
2066 976 2078 993 ,
2103 953 2163 995 qui

1282 1005 1443 1049 praecedvn
1461 1019 1479 1039 e
1503 1006 1590 1046 fide,
1610 1017 1741 1044 caetera,
1763 1006 1844 1039 sicut
1869 1003 2015 1045 indicas,
2045 1002 2164 1036 volunt

1280 1053 1389 1100 gratia:
1415 1056 1580 1100 deputare,
1597 1057 1650 1090 sua
1676 1056 1871 1099 professione
1893 1054 2164 1097 constringimus,

1281 1118 1315 1139 ut
1342 1106 1448 1144 multo
1476 1106 1581 1150 magis
1605 1105 1701 1140 dono
1724 1105 1835 1150 gratiae
1860 1106 1958 1140 etiam
1987 1103 2084 1138 fidem
2108 1114 2163 1136 co-

1281 1164 1400 1199 gantur
1421 1153 1612 1196 adscribere,
1641 1166 1748 1199 praeter
1773 1167 1869 1198 quam
1898 1153 1983 1193 nihil
2009 1153 2054 1187 est
2070 1152 2166 1193 boni,

1281 1204 1369 1248 quod
1391 1205 1568 1243 secundum
1591 1207 1702 1240 Deum
1725 1206 1866 1249 quilibet
1887 1205 1990 1238 valeat
2013 1202 2162 1246 operari,

1281 1256 1362 1290 sicut
1389 1255 1508 1289 Beatus
1534 1255 1716 1298 Apostolus
1742 1255 1824 1289 dicit
1851 1266 1860 1286 ε
1898 1259 1993 1287 Omne
2018 1254 2099 1293 quod
2121 1262 2164 1286 en

1276 1307 1339 1349 fide
1366 1317 1424 1339 non
1450 1304 1510 1345 est,
1534 1313 1687 1347 peccatum
1711 1303 1768 1343 eft.
1794 1303 1898 1351 Qod
1923 1301 2000 1336 cum
2027 1301 2073 1335 ita
2098 1301 2139 1336 fit
2147 1323 2163 1341 ‚

1280 1366 1337 1390 aut
1364 1356 1495 1389 nullum
1521 1354 1647 1389 bonum
1675 1353 1786 1398 gratiae
1810 1351 2015 1396 deputabunt
2040 1375 2053 1392 ‚
2077 1351 2100 1385 fi
2126 1351 2161 1385 ei

1281 1406 1379 1443 fidem
1407 1404 1593 1440 subtrahere
1613 1404 1797 1438 moliuntur
1821 1414 1830 1444 ;
1857 1412 1914 1437 aut
1939 1402 1962 1435 si
1989 1401 2078 1446 quod
2104 1399 2167 1437 bo·

1282 1467 1361 1489 num
1387 1455 1448 1488 esse
1475 1454 1590 1490 dicunt
1607 1454 1648 1487 de
1673 1455 1791 1498 gratia,
1818 1454 1882 1496 ipsa
1897 1450 2071 1486 necessario
2082 1451 2166 1485 fides

1281 1506 1341 1538 erit
1367 1505 1477 1548 gratiae
1503 1500 1709 1547 deputanda.
1737 1503 1770 1536 Si
1797 1504 1885 1536 enim
1910 1502 1995 1536 nihil
2022 1499 2163 1535 bonieflz

1280 1555 1345 1589 fine
1372 1554 1458 1595 fide,
1484 1553 1565 1587 fides
1591 1563 1700 1587 autem
1728 1553 1793 1595 ipsa
1821 1552 1931 1587 venire
1956 1560 2097 1596 negetur
2119 1562 2164 1586 ex·

1279 1604 1406 1649 gratia,
1430 1604 1588 1646 nullum,
1607 1602 1698 1648 quod
1720 1602 1802 1636 absit
1825 1626 1837 1643 ,
1858 1601 1985 1637 bouum
2004 1601 2067 1635 erit
2091 1611 2165 1646 gra-

1279 1653 1331 1689 tiz
1352 1654 1573 1697 deputandum
1587 1678 1594 1685 .
1624 1652 1683 1686 Ait
1695 1653 1783 1686 enim
1799 1652 1940 1695 Iacobus
1961 1650 2140 1694 Apostolus
2153 1662 2166 1682 :-

1281 1708 1374 1738 Omne
1402 1705 1510 1739 donum
1536 1703 1642 1736 bonum
1656 1726 1666 1742 ,
1692 1704 1726 1735 (τ
1751 1713 1834 1735 omne
1862 1703 1972 1735 donum
1995 1699 2168 1743 perfeHum

1281 1751 1431 1797 desursum
1456 1754 1494 1793 est
1512 1777 1523 1794 ,
1547 1753 1726 1795 descendens
1751 1753 1771 1784 ἆ
1806 1754 1898 1784 Patre
1922 1751 2068 1784 luminum
2082 1775 2089 1782 .
2118 1750 2164 1783 Et

1283 1803 1337 1846 ipsi
1348 1804 1503 1844 fate-ntur,
1514 1813 1550 1840 ut
1562 1803 1643 1838 dicis
1654 1827 1664 1843 ‚
1672 1803 1760 1837 dona
1773 1811 1883 1836 caetera
1897 1800 2013 1834 donari
2027 1810 2081 1844 pet
2091 1809 2164 1843 gra-

1282 1854 1379 1896 tiam;
1401 1853 1467 1897 ipsa
1491 1863 1601 1888 autem
1611 1852 1697 1887 bona
1710 1852 1775 1885 fide
1786 1850 1950 1885 subsistere
1971 1860 2039 1884 non
2062 1847 2165 1883 ambi·

1281 1914 1364 1947 gunt
1377 1927 1385 1935 .
1410 1904 1577 1938 Universa
1591 1915 1670 1948 ergo
1684 1900 1859 1936 necessario
1871 1899 1949 1935 fides
1969 1900 2029 1934 erit
2052 1898 2170 1944 gratiae,

1284 1954 1484 1998 deputanda,
1497 1952 1590 2002 aqua
1605 1954 1833 1998 bonumquod
1856 1952 1966 1997 gratiae
1987 1947 2167 1988 tribuunt*

1285 2005 1424 2048 separare
1439 2016 1506 2039 non
1521 2004 1731 2048 possuntflis
1744 2006 1853 2048 itaque
1867 2002 2003 2037 breviter
2014 1998 2160 2044 adsigna-

1272 2054 1335 2095 tis,
1349 2064 1464 2089 contra
1477 2055 1615 2100 reliquas
1626 2054 1796 2100 Pelagiani
1808 2053 1923 2088 erroris
1935 2049 2166 2095 ineptimquas

1285 2105 1339 2138 illa
1351 2103 1478 2141 videtur
1492 2105 1636 2149 Epistola
1654 2106 1824 2140 continere
1836 2128 1848 2144 ,
1869 2100 1996 2146 quanta
2017 2099 2170 2145 quodam

1285 2154 1345 2188 tibi
1359 2155 1517 2189 mandasti
1529 2156 1702 2189 Sacerdote
1713 2154 1924 2189 transmissam
1936 2177 1948 2194 ‚
1971 2148 2174 2194 responden*

1284 2203 1364 2237 dum
1380 2214 1448 2237 non
1460 2204 1634 2243 duximus,
1658 2205 1735 2246 quia
1757 2206 1919 2246 speramus
1929 2202 1972 2237 de
1983 2200 2172 2234 misericor·

1286 2253 1341 2287 dia
1351 2252 1465 2287 divina
1479 2277 1492 2294 ,
1511 2253 1602 2297 quod
1618 2253 1662 2286 ita
1675 2264 1729 2296 per
1742 2252 1958 2286 ministerium
1985 2250 2071 2284 Tuae
2094 2249 2170 2282 Fra-

1287 2303 1447 2337 ternitatis
1468 2314 1565 2346 atque
1594 2303 1778 2336 doctrinam·
1799 2325 1810 2341 ‚
1839 2301 1873 2335 in
1897 2299 2051 2333 omnium
2083 2305 2174 2340 quost-

1275 2351 1450 2388 vdissentire
1467 2354 1632 2388 mandasti
1646 2378 1657 2393 ,
1680 2351 1869 2397 dignabitur
1891 2348 2044 2384 cordibus
2056 2357 2170 2390 opera·

1287 2404 1334 2442 ri,
1361 2411 1395 2436 ut
1417 2414 1457 2436 ex
1479 2400 1543 2436 hoc
1565 2412 1700 2437 omnem
1721 2402 1842 2436 bonam
1867 2400 2070 2433 voluntatem
2098 2405 2171 2429 non

1286 2464 1327 2486 ex
1350 2453 1400 2491 se,
1427 2452 1478 2485 sed
1502 2463 1544 2485 ex
1571 2452 1685 2486 divina
1708 2450 1840 2485 credant
1864 2449 1968 2493 gratia
1993 2446 2174 2491 proficisci,

1287 2501 1363 2535 cum
1386 2504 1422 2535 fe-
1438 2501 1592 2536 senserint
1613 2502 1647 2536 id
1669 2502 1736 2545 jam
1761 2501 1844 2535 velle
1865 2494 2170 2540 defendere,quod

1289 2551 1477 2586 nitebantur
1499 2552 1707 2595 pertinaciter
1719 2553 1918 2594 impugnare.
1943 2545 2106 2590 Scriptum
2122 2544 2173 2579 ost

1292 2603 1394 2635 enim:
1421 2605 1620 2642 Praeparatur
1645 2602 1786 2634 voluntas
1812 2602 1832 2632 ἃ
1859 2599 1991 2631 Domino.
2020 2596 2064 2631 Et
2075 2595 2170 2631 aubia

1290 2654 1350 2685 Scio
1369 2657 1441 2693 quia
1464 2663 1521 2684 non
1541 2652 1657 2693 possum
1676 2652 1729 2695 effe
1749 2655 1924 2687 continens,
1949 2645 2005 2688 nist
2027 2651 2110 2680 Deus
2120 2646 2173 2678 de-

1287 2704 1388 2742 derit,
1410 2702 1444 2735 &
1465 2700 1515 2735 hor
1536 2700 1637 2744 ipsum
1658 2711 1724 2735 erat
1739 2699 1910 2742 sapientia,
1932 2696 2010 2739 shira
2030 2698 2116 2737 cujus
2127 2691 2173 2737 es·

1282 2750 1328 2794 set
1349 2753 1476 2786 donum.
1504 2752 1596 2785 Deus
1618 2761 1652 2784 te
1673 2751 1864 2784 incolumen
1887 2746 2071 2786 custodia-t,
2093 2747 2173 2779 Fra.

1289 2812 1336 2836 ter
1360 2801 1543 2835 chariffime
1558 2826 1566 2834 .
1592 2802 1679 2834 Data
1699 2801 1766 2843 viij.
1790 2794 1929 2833 Kalend·
1952 2794 2172 2836 Februarias,

1289 2849 1472 2895 Lampadio
1493 2852 1526 2887 &
1545 2851 1660 2886 Oreste
1681 2850 1758 2886 VV.
1783 2847 1856 2884 CC.
1886 2845 2107 2881 consulibus,

1391 2949 1722 2988 CARISIACA
1760 2944 2070 2986 SYNODUS.

1370 3050 1431 3086 0st
1455 3050 1572 3086 dietam
1600 3051 1815 3086 Valentinam
1851 3045 2024 3092 synodum
2052 3056 2171 3083 omnes

1269 3124 1272 3148 ί
1382 3103 1423 3135 de
1448 3102 1562 3136 Gratia
1583 3111 1621 3135 ac
1643 3101 1745 3135 libero
1765 3099 1899 3134 arbitrio
1912 3097 2105 3141 quaestiones
2117 3109 2171 3144 pet

1269 3150 1357 3185 'duo
1379 3152 1488 3186 saecula
1502 3152 1657 3185 siluerunt
1669 3151 1766 3194 usque
1786 3149 1825 3182 ad
1848 3159 1998 3194 tempora
2022 3147 2170 3182 Severini

1287 3202 1479 3236 Pontificis.
1504 3202 1608 3235 Tunc
1617 3200 1706 3234 enim
1718 3199 1803 3242 apud
1817 3199 1983 3233 Hibernos
2008 3200 2172 3242 resurgere

1286 3251 1408 3284 malum
1422 3252 1560 3285 tentavit
1575 3275 1582 3283 .
1601 3251 1705 3284 Lucet
1717 3261 1759 3282 ex
1772 3249 1874 3282 literis
1885 3274 1896 3290 ,
1916 3259 1996 3293 quas
2011 3249 2169 3283 successot

354 3300 532 3337 retribuetur
544 3298 614 3330 illi?
643 3300 793 3340 ,Quoniam
805 3311 842 3332 ex
856 3299 916 3342 ipso
928 3325 938 3339 ‚
949 3301 982 3334 (9·
987 3308 1041 3342 per
1054 3298 1150 3341 ipsum
1163 3325 1173 3339 ,
1194 3302 1227 3332 (τ
1247 3300 1249 3303 ’
1287 3301 1429 3344 Joannes
1440 3301 1625 3344 IV.scripsit
1637 3298 1676 3333 ad
1686 3298 1778 3332 istius
1792 3299 1937 3333 Ecclefiae
1948 3300 2096 3334 Clerum:
2111 3300 2167 3329 Coa

353 3357 386 3383 in
398 3347 537 3392 ipsosum
546 3351 654 3379 omnia.
670 3347 775 3381 Unde
787 3348 885 3382 nimis
896 3361 951 3383 eos
961 3351 1016 3393 qui
1031 3360 1145 3383 contra
1162 3352 1228 3383 sen·
1269 3348 1272 3370 ⁸
1282 3355 1443 3394 gna-vimus
1471 3352 1552 3393 quod
1570 3355 1655 3384 viru:
1669 3351 1843 3393 pelagiana
1862 3348 2003 3392 baereseos
2013 3347 2097 3390 apud
2106 3356 2162 3379 vos

353 3403 439 3438 tiunt.
449 3422 460 3441 ‚¹
483 3398 679 3437 admiramur
690 3398 788 3444 usque
797 3408 836 3434 eo
848 3400 969 3439 vetusti
991 3400 1106 3438 erroris
1118 3398 1224 3436 adhuc
1267 3389 1273 3438 l
1287 3401 1382 3434 denua
1393 3402 1559 3452 revtvglctt.
1584 3400 1668 3435 Eam
1680 3398 1762 3434 dicit
1771 3399 1789 3434 a
1798 3399 1949 3437 ducentis
1963 3398 2056 3434 annis
2068 3394 2172 3439 aboli2

2030 3455 2096 3483 tam
2106 3468 2120 3489 ,
