2366 3736
720 141 781 171 IN
818 125 1219 171 PELAGIANAM
1256 122 1554 172 HAEREMM.

235 211 287 247 fio
297 217 500 254 regenerata,
527 220 564 243 ac
575 221 628 253 per
652 208 715 242 hoc
727 207 879 242 veraciter
892 206 1036 244 Ecclesiae
1059 207 1106 241 in·

235 256 421 304 corporata,
448 260 480 293 &
502 259 592 302 juxta
612 257 787 293 doctrinam
813 256 1040 299 Apostolicam
1071 257 1103 290 in

234 319 340 347 morte
357 307 479 343 Christi
502 310 683 353 baptizata,
712 309 744 340 in
770 306 836 349 ejus
862 307 1018 350 sanguine
1041 305 1124 349 sithi

233 358 371 401 peccatis
390 360 453 394 suis
470 360 597 398 abluta:
625 357 714 403 Qia
733 367 791 391 nec
812 357 845 391 in
860 357 905 389 eis
927 358 1032 398 potuit
1046 352 1124 390 esse!

233 418 307 444 vera
326 411 543 453 regeneratio,
569 408 626 448 nisi
651 408 737 441 fieret
760 407 792 440 δε
814 418 884 439 vera
901 406 1100 448 redemptio,
1120 385 1124 437 Ι

1924 142 2015 182 199

1167 219 1203 244 ca
1215 206 1368 251 synodus
1379 209 1510 249 professa
1522 210 1565 242 est
1578 232 1588 248 ,
1613 208 1700 252 quod
1712 207 1882 243 beatiffimi
1894 208 2031 244 Pontifi-

1168 269 1218 291 ces
1241 254 1438 299 'Apostolicae
1461 258 1548 292 Sedis
1570 260 1741 295 Catholica
1757 260 1820 293 fide
1832 269 2005 293 tenuerunt
2021 273 2032 292 .-

1170 307 1230 345 Sed
1243 305 1323 341 &de
1338 318 1448 340 natura
1459 309 1490 347 ὃς
1502 309 1602 355 gratia
1616 335 1625 349 ‚
1652 312 1684 342 in
1697 311 1794 344 aliam
1809 318 1928 352 partem
1943 309 2035 341 nullo

1170 357 1271 394 modo
1303 356 1466 394 declinare
1500 358 1716 399 praesumentes
1738 384 1744 391 .
1775 359 1902 402 ineptas
1932 369 2039 392 autem

1169 406 1433 450 quaestiunculas,
1457 407 1489 440 &
1501 407 1598 444 aniles
1612 409 1689 446 pene
1699 409 1822 443 fabulas
1835 434 1844 449 ‚
1857 410 2041 442 Scotorum-

233 456 356 493 cumin
372 458 733 497 EcclesiaeSacramentis
745 456 826 495 nihil
840 456 1031 494 fircsssum,
1061 443 1124 502 ni-l
1170 469 1233 501 que
1257 457 1360 500 pultes
1376 481 1386 496 ,
1413 458 1541 500 puritati
1565 458 1638 490 fidei
1663 461 1812 493 nauseam
1849 460 2041 501 inferentes,

233 507 282 547 hil
293 508 568 551 ludificatorium,
595 507 649 541 sed
665 506 790 551 prorsus
806 516 913 543 totum
925 516 1035 541 verum
1052 529 1061 544 ‚
1074 506 1106 538 δε
1122 509 1124 539 3
1169 518 1238 550 quae
1264 506 1531 548 periculosissimis
1553 507 1586 539 ὅ(
1611 507 1797 550 graviffimis
1820 508 2018 555 temporibus
2032 531 2042 546 ,

1122 545 1125 557 l

235 558 300 601 ipsa
315 558 362 592 sui
372 558 503 593 veritate
510 567 546 591 ac
556 557 739 595 sinceritate
750 555 923 594 subnixum
936 579 943 586 .
973 555 1025 594 Ex
1039 556 1105 597 ipsa

232 617 343 645 tamen
365 605 577 645 multitudine
598 605 757 646 Fidelium
779 606 810 643 ἀ
841 603 1081 647 redemptorum
1097 629 1107 644 ,

232 657 314 694 alios
325 656 436 690 salvari
458 666 574 696 aeterna
589 657 709 702 salute,
736 655 812 707 ,quia
826 666 880 703 per
889 656 1026 702 gratiam
1042 655 1106 688 Dei
1121 680 1125 706 ι

232 708 268 740 in
291 706 514 750 redemptione
535 708 589 740 sua
611 707 748 746 fideliter
767 714 955 752 permanent
977 729 987 743 ‚
1016 705 1107 746 ipsius

1169 556 1209 592 ad
1222 557 1391 589 cumulum
1406 556 1550 589 laborum
1568 557 1747 590 nostrorum
1760 582 1770 597 ‚
1797 559 1894 601 usque
1920 556 1959 591 ad
1973 556 2043 590 scis-

1170 607 1294 640 sionem
1317 605 1479 640 charitatis
1503 606 1725 639 miserabiliter
1747 608 2043 650 &lacrymabiliter

1172 657 1413 695 succreverunt,
1442 669 1480 688 ne
1506 665 1629 688 mentes
1656 656 1846 689 Christianae
1870 657 1944 688 inde
1974 668 2044 695 cor.

1172 716 1360 747 rumpantur
1374 730 1383 745 ,
1404 705 1435 739 ὅ(
1450 705 1602 738 excidant
1614 705 1631 737 ὲ
1642 705 1842 747 simplicitate
1853 706 1887 739 &
1901 706 2046 738 castitate

232 756 375 796 Domini
399 756 446 792 sui
468 769 579 794 vocem
595 757 628 793 in
641 758 738 791 corde
760 757 915 796 ferentes,
943 751 1125 818 ,ἐπίφημι
1171 757 1265 795 fidei,
1292 767 1358 798 quae
1381 755 1424 788 est
1451 757 1483 787 in
1506 754 1639 788 Christo
1663 755 1755 797 Jesu,
1784 754 1907 796 penitus
1931 755 2047 797 respui·

231 811 388 845 vetaverit
399 805 530 849 usquein
548 806 640 850 finem
652 807 701 840 bIc
711 806 820 851 salvus
833 809 911 850 σίν,
939 806 1019 837 alios
1033 805 1107 846 quia
1122 819 1127 840 ῃ
1173 817 1262 845 mus,
1286 807 1318 845 ὅ(
1333 817 1366 838 ut
1379 807 1515 839 fraterna
1528 806 1667 841 charitas
1679 805 1826 840 cavendo
1838 805 1855 837 ὲ
1867 804 1982 837 talibus
1994 816 2046 838 au·

232 855 409 891 noluerunt
421 852 604 902 permanere
616 857 648 890 in
665 858 763 894 salute
776 855 873 894 fidei,
899 864 996 896 quam
1010 854 1107 890 initio
1123 842 1126 864 ‘

233 916 450 954 acceperunt,
476 906 770 953 redemptionisque
787 905 923 950 gratiam
948 903 1056 947 potius
1072 903 1109 936 ir-

233 957 328 993 ritam
339 956 440 994 facere
451 967 545 999 prava
556 955 701 994 dostrina
716 956 762 995 vel
785 956 849 992 vita
863 977 872 992 ‚
896 965 991 997 quam
1014 954 1110 986 serva-

234 1007 465 1050 redegerunt,
492 1005 532 1038 ad
545 1005 783 1048 plenitudinem
798 1004 927 1041 salutis,
945 1003 1028 1037 &ad
1042 1015 1127 1056 per-¹
1175 1005 1293 1044 levium
1317 1003 1489 1042 hominum
1516 1005 1545 1037 se
1566 1004 1728 1038 durissime
1753 1003 1899 1038 suffocari
1923 1028 1930 1035 .

1172 856 1276 888 ditum
1300 855 1456 898 castiget,
1483 856 1623 888 Domini
1652 854 1772 887 Christi
1796 865 1904 888 amore
1931 860 2047 887 mone-

1174 916 1264 938 mus.
1281 904 1482 944 Recordetur
1496 906 1689 939 Fraternitas
1701 905 1793 938 malis
1807 904 1919 938 mundi
1933 904 2048 948 gravis-

1173 955 1258 988 simis
1282 956 1311 987 se
1323 955 1452 999 urgeri,
1478 955 1574 988 messe
1588 955 1687 987 nimia
1699 955 1887 998 iniquorum
1910 955 1941 993 ὃς
1954 954 2049 996 paleis

1971 1004 2051 1036 Haec

233 1056 418 1099 ceptionem
429 1065 550 1095 aeternae
563 1055 775 1092 beatitudinis
789 1055 880 1088 nullo
893 1054 992 1091 modo
1006 1060 1126 1095 pene-l
1175 1054 1302 1088 vincere
1322 1054 1438 1088 ferveat
1450 1077 1460 1092 ,
1484 1052 1550 1088 haec
1561 1056 1722 1099 corrigere
1734 1055 1857 1094 laboret
1870 1079 1881 1095 ‚
1902 1055 1935 1088 &
1950 1055 2052 1096 super-

233 1105 307 1145 nire
320 1130 327 1137 .
354 1104 391 1144 ln
405 1116 542 1147 utroque
555 1105 575 1137 si
592 1105 722 1148 quidem
735 1106 914 1139 dostrinam
928 1104 971 1146 pii
989 1104 1112 1136 Docto·
1174 1104 1247 1145 fluis
1271 1116 1394 1138 coetum
1418 1102 1470 1148 pie
1490 1102 1675 1140 dolentium
1699 1106 1732 1139 &
1751 1104 1954 1150 gementium
1983 1115 2053 1137 non

233 1155 277 1190 ris
287 1154 443 1195 habemus
456 1168 463 1188 z
475 1157 662 1201 ‚Quicumque
673 1153 927 1197 baptizatisumus
936 1160 967 1186 in
980 1154 1112 1188 CHRl·
1126 1164 1127 1167 ’

233 1205 328 1244 sTo
340 1204 452 1248 JESU
465 1229 475 1244 ,
500 1211 532 1238 in
543 1214 634 1241 morte
649 1205 736 1247 ipfius
749 1206 898 1247 baptizati
905 1202 1027 1246 sumus:
1043 1204 1084 1236 Et
1097 1216 1109 1236 .-

235 1251 347 1292 Omner
373 1260 426 1298 qui
447 1261 479 1294 in
502 1254 616 1294 Christo
637 1255 786 1297 baptizati
797 1255 863 1295 estis
876 1277 885 1293 ,
909 1252 1056 1293 Christum
1067 1258 1111 1285 in·

236 1303 338 1344 durstis
351 1330 357 1336 .
387 1305 430 1339 Et
451 1305 567 1343 iterum
583 1318 593 1336 .·
621 1307 795 1339 Accedamus
817 1316 882 1338 cum
893 1315 962 1337 vero
983 1304 1067 1336 corde
1079 1308 1111 1335 in

232 1355 422 1398 plenitudine
444 1354 514 1397 fidei
537 1353 669 1397 adspersi
684 1353 985 1396 cordaaiconfi·tenria
1009 1353 1111 1391 mala,

238 1407 272 1438 v&
283 1405 376 1436 abluti
387 1415 488 1446 corpus
501 1417 579 1446 aqua
598 1407 712 1439 munda
727 1429 737 1443 ‚
764 1414 911 1437 teneamus
926 1402 989 1445 spei
1010 1400 1110 1441 nostra·

236 1454 427 1495 confefflonem
438 1454 688 1486 indeclinabilem.
716 1453 757 1487 Et
770 1452 886 1487 iterum
901 1465 908 1483 :
936 1452 1111 1484 Voluntarie*

232 1503 423 1546 peccantibus
444 1504 526 1535 nobis
547 1502 606 1542 post
629 1511 779 1544 acceptam
795 1507 931 1535 notitiam
944 1508 1086 1534 veritatis
1098 1526 1108 1540 ‚

233 1556 300 1596 jam
315 1564 372 1592 non
383 1550 559 1596 relinquitur
568 1555 761 1594 propeccatis
778 1551 868 1592 hostia
881 1576 887 1583 .
918 1551 959 1584 Et
974 1551 1088 1583 iterum
1100 1564 1110 1583 ,·

238 1606 363 1639 Irritam
371 1608 437 1645 quis
444 1597 565 1644 faciens
575 1604 665 1646 legem
678 1602 771 1644 Moyfis
783 1627 793 1642 ,
810 1601 872 1645 fine
880 1601 941 1635 ulla
953 1598 1110 1642 miseratio·

240 1664 277 1686 ne
288 1652 399 1685 duobus
415 1661 466 1684 aut
475 1653 567 1686 tribus
581 1651 698 1693 testibus
712 1657 847 1685 moritur.
880 1653 1005 1694 ‚Quanto
1015 1655 1111 1692 magis

235 1708 352 1750 putatis
375 1703 519 1739 deteriora
541 1708 646 1747 mereri
663 1700 810 1745 supplicia
820 1726 830 1740 ,
859 1707 908 1743 qui
926 1702 1037 1733 Filium
1058 1702 1113 1733 Dei

238 1753 451 1790 conculcaverit
461 1776 472 1792 ,
499 1754 532 1786 ἐν
548 1754 728 1795 sangumem
740 1751 904 1791 testamenti
909 1752 1054 1793 pollutum
1062 1751 1113 1781 du·

241 1805 323 1839 eterit
334 1827 344 1843 ,
367 1807 399 1837 in
410 1801 670 1845 quosandiificatus
681 1802 718 1843 est
728 1825 738 1844 ‚
749 1804 783 1836 (εν
794 1803 920 1844 Spiritui
926 1806 1040 1845 gratiae
1050 1810 1113 1836 cott-

238 1853 392 1893 tumeliam
397 1851 507 1897 fecerit
521 1852 538 1888 ..ἶ

647 1952 681 1989 V
694 1953 721 1987 1.
939 1957 960 1964 “

438 2052 483 2087 De
494 2052 604 2089 Gratia
616 2050 748 2085 &libero
771 2049 899 2085 Arbitrio
909 2074 917 2085 .

290 2150 372 2189 Item
383 2148 424 2189 de
435 2150 549 2184 Gratia
561 2175 572 2192 ,
594 2161 647 2197 per
659 2161 756 2192 quam
770 2151 932 2186 salvantur
943 2146 1120 2184 credentes,

239 2200 273 2238 &
295 2201 359 2237 sine
371 2211 433 2244 qua
446 2199 613 2234 rationalis
634 2210 778 2235 creatura
792 2209 959 2240 nunquam
973 2196 1065 2230 beate
1076 2196 1121 2228 vi·

240 2250 291 2282 xit
303 2274 314 2290 ‚
340 2250 374 2287 ἀ
387 2249 427 2283 de
440 2248 543 2282 libero
554 2248 688 2285 arbitrio
701 2261 756 2292 per
768 2258 933 2292 peccatum
956 2248 990 2280 in
1017 2247 1121 2289 primo

238 2297 562 2340 homineinfirmam,
574 2298 624 2332 sed
639 2310 693 2342 per
705 2298 840 2342 gratiam
853 2297 992 2335 Domini
1007 2297 1078 2339 Jesu
1089 2295 1123 2328 fi·

243 2347 371 2382 delibus
383 2348 451 2391 ejus
463 2349 682 2393 redintegrato
693 2349 726 2382 ὃ(
738 2350 850 2382 sanato
860 2373 871 2388 ,
894 2348 1032 2390 idipsum
1044 2356 1121 2379 con·

244 2397 471 2436 nantissime&
485 2398 548 2432 fide
559 2399 652 2441 plena
663 2398 802 2432 fatemur
812 2422 823 2439 ‚
843 2398 930 2442 quod
944 2396 997 2430 SS.
1010 2397 1121 2429 Patres

244 2449 434 2482 aufioritate
452 2449 608 2487 sacrarum
629 2449 867 2492 Scripturarum
890 2445 988 2481 nobis
1008 2457 1118 2481 tenen-

245 2497 323 2537 dum
336 2498 531 2543 reliquerunt
542 2510 558 2546 4-
583 2498 672 2548 quod
684 2498 842 2537 Africana
852 2523 863 2540 ,
890 2498 980 2547 quod
992 2496 1120 2532 Arausi-

1173 1165 1314 1197 oneret;
1342 1154 1395 1188 sed
1417 1153 1525 1199 potius
1546 1165 1632 1188 certa
1658 1155 1688 1189 δε
1713 1166 1786 1189 vera
1810 1153 1896 1192 fide,
1921 1153 2009 1196 quod
2034 1153 2053 1191 ὲ

1175 1205 1296 1238 Sanctis
1321 1203 1472 1238 Patribus
1495 1203 1536 1237 de
1558 1201 1607 1238 his
1627 1204 1659 1238 &
1684 1204 1841 1246 similibus
1861 1204 2054 1242 sufficienter

1176 1256 1379 1303 prosecutum
1390 1254 1435 1288 est
1449 1279 1460 1301 ,
1477 1254 1688 1297 ample&atur
1700 1279 1707 1287 .

1176 1352 1354 1388 SANCTI
1382 1351 1583 1388 NICOLAI
1620 1353 1758 1393 PR1M1
1786 1351 2057 1389 PONTIFICIS

1352 1456 1399 1492 De
1420 1451 1468 1486 In's
1490 1452 1694 1501 quaestionibus
1708 1457 1864 1488 Decretum
1876 1476 1884 1486 .

1280 1553 1430 1597 Emigius
1453 1553 1485 1586 ἀ
1510 1552 1712 1587 Hincmarus
1743 1564 1835 1594 erant
1858 1552 1995 1597 grandes
2028 1553 2064 1587 in

1305 1603 1415 1637 Gallia
1430 1603 1582 1646 Episcopi
1598 1616 1610 1637 .·
1625 1603 1816 1637 Arietarunt
1833 1604 1894 1636 sese
1907 1604 2066 1643 invicem,

1177 1652 1365 1697 adeoque&
1379 1664 1514 1690 omnem
1538 1653 1609 1686 istic
1638 1654 1815 1687 Ecclesiam
1841 1654 1873 1687 &
1890 1654 2042 1697 Regnum
2056 1677 2063 1683 .

1178 1703 1292 1737 Finem
1317 1701 1407 1736 dedit
1432 1704 1565 1738 Sanfius
1591 1703 1756 1737 Pontifex
1771 1703 1950 1742 Nicolaus,
1977 1714 2067 1736 anno

1179 1754 1253 1787 dicii
1276 1753 1383 1787 szculi
1409 1754 1680 1796 quinquagesimo
1703 1764 1795 1787 nono
1817 1755 1970 1787 emittens
2001 1753 2068 1786 De-

1180 1813 1303 1836 cretum
1316 1827 1327 1842 ,
1354 1802 1444 1844 cujus
1456 1801 1520 1836 huc
1535 1804 1634 1846 usque
1647 1814 1769 1847 magno
1782 1801 1974 1837 Christianae
1996 1814 2067 1836 eru·

1181 1851 1316 1885 ditionis
1328 1851 1452 1886 damno
1467 1851 1599 1886 latentis
1612 1853 1858 1896 Compendium
1871 1852 1970 1886 habes
1980 1851 2067 1895 apud

1182 1912 1377 1936 memoratos
1390 1902 1535 1936 Annales
1549 1901 1758 1937 Bertinianos
1772 1916 1779 1935 :
1809 1904 1950 1936 Nicolaus
1965 1905 2067 1935 Ponti-

1175 1951 1235 1993 fex
1247 1955 1397 1987 Romanus
1409 1953 1447 1985 de
1458 1955 1569 1984 Gratia
1583 1956 1639 1985 Dei
1652 1955 1684 1986 ὠ·
1701 1953 1791 1987 libero
1804 1954 1928 1986 arbitrio
1937 1978 1947 1992 ,
1969 1954 2006 1985 de
2017 1964 2067 1986 ve·

1183 2007 1273 2034 ritate
1290 2007 1417 2045 geminae
1443 2001 1737 2043 Praedesttnationis,
1766 2005 1957 2047 &Sanguine
1980 2002 2068 2034 chri·

1179 2051 1238 2091 sti,
1264 2061 1297 2084 ut
1316 2060 1371 2093 pro
1392 2052 1575 2087 credentibus
1600 2053 1731 2085 omnibus
1745 2051 1834 2095 fufits
1854 2052 1888 2093 lit
1903 2078 1912 2092 ‚
1936 2053 2067 2095 fideliter

1185 2100 1342 2142 confirmat
1354 2125 1364 2141 ,
1391 2101 1571 2135 &catholice
1583 2104 1711 2135 decernit
1724 2128 1730 2134 .
1762 2102 1948 2137 Valentinae
1962 2105 2068 2145 Syno-

1186 2151 1220 2183 di
1246 2152 1384 2184 Decreta
1403 2152 1559 2185 firmavit.
1588 2153 1671 2199 Qae
1694 2154 1759 2194 ipsa
1773 2153 1865 2186 verba
1891 2153 1976 2191 iuis,
2003 2162 2069 2185 me·

1188 2200 1322 2232 moratis
1330 2199 1371 2232 ab
1384 2201 1566 2234 Hincmaro
1581 2202 1613 2233 in
1624 2203 1739 2235 litteris
1751 2203 1791 2235 ad
1809 2203 1986 2246 Egilonem
2000 2200 2068 2234 Ar·-

1187 2247 1433 2292 chiepiscopum
1443 2251 1664 2284 Senonensem
1681 2251 1864 2285 Annalibus
1877 2251 2009 2285 inseruit
2022 2262 2068 2285 et-

1188 2300 1252 2332 iam
1279 2300 1409 2333 Sanetus
1431 2299 1627 2334 Prudentius
1665 2301 1843 2345 Episcopus
1875 2301 2044 2335 Trecensis
2057 2326 2064 2333 .

1189 2349 1330 2382 Peffimae
1351 2349 1421 2382 lites
1441 2350 1482 2384 sic
1506 2351 1622 2384 iterum
1635 2351 1787 2385 siluerunt
1804 2365 1810 2383 :
1839 2352 1941 2398 Qod
1955 2350 2068 2393 nempe

1187 2399 1228 2433 de
1242 2399 1438 2446 Apostolicae
1447 2399 1616 2438 decisionis
1629 2402 1864 2436 infallibilitate
1876 2412 1974 2435 nemo
1988 2411 2067 2435 tunc

1190 2449 1224 2488 in
1236 2449 1346 2486 Gallia
1358 2449 1537 2487 dubitaret..

1550 3003 1582 3056 it,

1577 3025 1621 3088 22<-

1918 3500 2027 3539 Dls.
