2366 3736
637 138 721 185 De
758 136 1028 185 sisinum
1063 134 1624 184 MONAs-rnn‘tonum.

189 236 296 266 ratote
315 226 470 262 Romano
483 224 506 258 1.
533 224 589 270 qui
601 223 642 259 ad
664 222 783 257 decimi
808 221 911 256 saeculi
934 234 1058 262 annum

192 280 378 324 vigesimum
389 295 399 301 -
413 277 551 320 primum
564 273 741 319 proscripsit
756 283 793 306 ac
812 271 997 307 exsufflavit
1010 283 1062 306 va·

192 330 255 364 tias
280 351 291 368 ‚
317 326 509 371 pauperibus
529 325 680 359 onerosas
702 347 712 363 ,
737 322 978 356 alienationum
1000 323 1062 365 spe·

193 378 280 417 cies,
307 378 390 411 inter
404 387 483 418 quas
493 374 554 409 suit
574 373 608 406 δε
626 371 712 406 haec:
740 375 799 406 Per
821 370 987 412 occasionem
1008 374 1066 405 ali-

191 430 297 469 cujus,
323 434 375 469 qui
396 424 555 460 Monachus
566 422 673 464 fadus
695 422 733 462 est
755 447 766 463 ‚
799 430 850 454 aut
868 420 935 463 fieri
957 423 1024 456 vult
1053 446 1063 461 ,

193 478 229 511 ὁ·
246 477 400 518 praedium
415 476 503 519 suum
527 472 642 508 Scholae
663 474 761 506 sacrae
795 473 918 506 addixit
942 496 953 513 ,
990 472 1065 506 nile

194 530 323 560 Decreta
342 523 530 567 confufionem
551 524 684 565 aliquam
707 529 833 564 recipere
865 530 921 563 per
953 523 1066 563 dijudi-

194 583 339 610 cationem
356 573 533 617 praesentem
552 574 673 607 minime
691 574 799 606 debent
820 597 827 604 .
854 574 1010 605 Nimirum
1032 581 1065 605 ut

189 627 301 669 justum
323 625 527 664 estimationis
562 631 692 665 pretium
723 628 846 664 recipiat
872 647 879 654 .
918 623 1067 665 Siquidem

197 676 249 709 hoc
269 674 349 708 abeo
371 674 475 707 reverti
485 672 594 716 salutis
607 672 694 716 causa
706 697 716 712 ,
742 684 799 705 non
810 672 873 705 dolo
887 697 897 712 ,
923 684 981 705 non
989 681 1071 713 prae-

190 725 310 769 ftths,
336 735 394 757 non
418 722 478 764 astu
494 723 616 765 sallum
634 723 671 763 est
687 722 884 764 fraudulento
906 747 912 754 .
941 724 980 755 Id
997 724 1068 754 verb

195 786 255 809 non
278 775 376 807 minus
397 775 443 807 ad
455 772 612 817 sacraruni
630 775 766 805 domuum
784 797 795 812 ‚
832 775 921 815 quam
952 780 1070 813 paupe-

196 837 263 859 rum
285 825 448 858 utilitatem
462 823 598 867 specqare
615 823 773 865 putabitur
798 847 809 862 ,
846 825 918 856 dum
937 828 1016 854 rixis
1038 822 1071 854 (9

197 875 451 915 contentionibus,
479 875 513 907 (ν
534 872 674 906 illiberali
684 872 869 914 acquifitione
893 873 1071 910 liberantur,

198 927 233 959 (⁸5
259 929 444 960 inventiones
467 933 501 957 ac
519 923 698 955 detentione:
721 929 826 955 vitant
847 947 857 963 ,
892 925 926 956 δ’
949 933 1005 954 non
1029 927 1073 954 in-

198 983 322 1009 currunt
337 985 403 1016 quae
429 977 549 1016 negotiis
574 972 697 1010 molestis
718 971 869 1012 occafiones
904 971 1041 1014 praebent
1065 995 1073 1003 .

199 1025 245 1058 Et
265 1024 383 1058 iterum
404 1023 444 1056 ad
466 1022 605 1065 ejusdem
620 1022 723 1056 saeculi
747 1034 872 1057 annum
886 1023 1074 1066 vigefimum

200 1075 351 1109 ostavum
367 1086 374 1107 :
402 1077 440 1105 Ut
460 1072 633 1111 Monasteria
649 1074 852 1114 praediorum,
879 1084 946 1115 quae
957 1071 1026 1113 ipsis
1039 1077 1076 1103 ti-

200 1125 263 1159 tulo
283 1127 512 1157 renuntiationis
535 1123 644 1155 mundo
661 1122 759 1163 fadae
779 1125 892 1156 dantur
916 1125 927 1162 ζ
953 1121 1078 1162 aestima-

201 1179 298 1207 tiones
320 1176 355 1210 Θ
374 1178 492 1216 pretia,
518 1184 575 1205 non
587 1171 664 1215 ipsos
681 1172 800 1214 fundos
820 1177 989 1214 accipiant.
1018 1172 1079 1205 Ea-

202 1223 277 1258 dem
302 1223 445 1258 Novella
467 1222 536 1256 Lex
549 1222 645 1255 habet
661 1222 749 1256 hunc
769 1223 974 1257 Articulum:
1001 1223 1080 1254 Nul-

205 1274 250 1307 lus
271 1271 450 1316 imposterum
487 1284 538 1305 nec
556 1273 716 1311 Illustrium
748 1272 955 1316 Magistrorum
980 1297 990 1312 ‚
1028 1281 1081 1305 aut

208 1326 430 1360 patriciorum,
457 1333 507 1355 nec
529 1322 753 1365 Magistratibus
776 1346 787 1362 ,
812 1333 866 1355 aut
893 1325 1043 1356 Praeturis
1071 1345 1082 1360 ,

208 1380 261 1406 aut
274 1372 424 1406 Civilibus
447 1373 498 1405 vel
519 1371 699 1403 militaribus
715 1372 911 1415 dignitatibus
932 1371 1083 1403 bonorato-

207 1434 275 1456 rum
287 1447 298 1463 ,
325 1432 376 1455 nec
395 1433 491 1454 eorum
504 1423 619 1452 omnino
640 1427 691 1461 qui
701 1422 871 1453 5enatorum
893 1431 1010 1452 numero
1021 1431 1082 1453 cen-

205 1469 332 1516 sentur,
357 1481 409 1503 nec
433 1469 664 1502 Provincialium
691 1468 853 1510 Praefidum
874 1471 926 1502 vel
936 1473 1085 1503 Ere-Proe-

204 1520 302 1563 sidum
313 1544 324 1560 ,
351 1530 401 1553 nec
411 1519 666 1564 amantiffimorum
679 1522 734 1551 Dei
745 1521 1000 1561 Metropolitarum
1014 1544 1023 1559 ,
1036 1520 1089 1554 vel

208 1567 542 1613 Archi-Episcoporum‚
566 1570 619 1602 vel
628 1567 856 1611 Episcoporum‚
882 1570 934 1603 vel
944 1570 1087 1603 abbatum

209 1618 270 1665 five
292 1623 445 1658 Priorum,
482 1620 532 1652 vel
549 1618 804 1660 Ecclefiasticorum
830 1619 1013 1661 Praelidum,
1039 1621 1091 1653 vel

212 1680 308 1704 eorum
319 1675 369 1712 qui
392 1668 523 1713 religiofis
546 1669 684 1701 AEdibus
695 1693 706 1709 ‚
732 1679 786 1703 aut
798 1669 926 1712 augustae
938 1672 1025 1703 alicui
1039 1673 1088 1702 do-

213 1725 275 1753 mui
291 1730 356 1752 cum
374 1719 514 1761 potestate
534 1717 688 1760 praesunt3
716 1725 748 1752 in
772 1719 898 1762 persona
920 1718 975 1762 sua
989 1745 1000 1761 ,
1038 1720 1090 1754 vel

213 1775 330 1803 nomine
349 1774 529 1811 patrimonii
557 1771 706 1810 Principis
728 1793 739 1808 ,
778 1769 830 1803 vel
850 1769 983 1812 Ecclefiae
1002 1794 1012 1810 ,
1037 1778 1090 1812 per

214 1818 245 1863 se
271 1828 324 1852 aut
344 1828 399 1861 per
417 1817 582 1861 subjetlam
590 1817 748 1861 personam
767 1821 879 1852 audeat
900 1821 1029 1862 amplius
1059 1826 1091 1853 in

198 1870 361 1913 praedium
384 1871 435 1904 vel
443 1881 548 1911 agrum
559 1892 570 1908 ,
598 1867 766 1911 insolidum
779 1870 877 1903 velex
886 1878 975 1911 parte
996 1868 1092 1912 succe-

215 1921 305 1959 dere,
330 1920 381 1953 vel
399 1924 555 1960 emptionis
568 1941 578 1958 ,
606 1920 661 1952 vel
683 1920 851 1952 donationis
865 1945 875 1960 ,
902 1922 953 1954 vel
967 1919 1091 1953 baeredi-

218 1973 318 2007 ταώ,
343 1970 393 2002 vel
413 1967 564 2009 occasionis
586 1968 714 2002 alterius
739 1966 942 2011 cujuscumque
970 1971 1056 2002 titulo
1084 1994 1090 2000 .

217 2019 366 2052 Omnem
404 2019 650 2060 qualiscumque
686 2019 912 2061 acquisitionis
952 2020 1091 2063 speciem

218 2067 371 2102 exsufflat
383 2091 393 2107 ,
421 2068 453 2100 ὅ(
465 2066 686 2110 acquirentem
698 2069 789 2113 cogit
802 2094 812 2109 ‚
838 2070 936 2104 etiam
962 2081 1027 2103 non
1043 2081 1093 2103 re·-

219 2128 318 2160 cepto
356 2117 460 2160 pretio
480 2141 492 2157 ,
517 2116 557 2151 ad
585 2117 822 2152 restitutionem
838 2143 845 2151 .
874 2121 965 2153 Dura
991 2121 1092 2153 fames

222 2169 328 2201 fuerat
351 2168 485 2210 grassata
505 2190 515 2205 ‚
544 2175 640 2208 atque
662 2167 707 2200 ita
728 2169 824 2201 multi
849 2169 882 2201 in
906 2169 1090 2212 pauperiem

220 2218 280 2251 asti
291 2216 491 2260 cogebantur
515 2215 568 2247 sua
581 2215 693 2257 ptaedia
706 2215 878 2251 distrahere
890 2231 900 2251 .-
927 2218 960 2251 in
974 2218 1090 2252 horum

221 2267 359 2311 gratiam
372 2266 552 2308 Imperator
564 2265 733 2300 Romanus
751 2268 857 2301 emisit
880 2268 953 2302 istas
966 2269 1070 2312 Leges
1084 2292 1091 2300 .

222 2317 381 2349 Attamen
393 2313 602 2348 Monasteriis
624 2316 731 2358 quoad
752 2328 852 2351 unam
873 2319 1093 2361 acquisitionis

217 2467 245 2500 ti
269 2467 369 2508 pretia
391 2490 398 2497 .
425 2465 529 2513 Qud
553 2465 668 2509 nempe
694 2467 751 2499 ista
772 2469 943 2510 acquifitio
962 2467 1091 2503 haberet

219 2516 446 2549 authenticum
459 2515 591 2548 titulum
608 2539 617 2554 ‚
644 2516 677 2548 ἀ
691 2516 809 2552 nullius
825 2519 946 2552 fraudis
971 2519 1088 2562 peticu-

54 2562 128 2598 Lib.
150 2574 178 2597 ῐ.
220 2565 254 2597 10
281 2566 356 2599 esset
380 2565 547 2598 obnoxia.
578 2564 701 2599 Extant
726 2565 792 2600 haec
818 2569 932 2602 omnia
952 2569 986 2601 in
1019 2568 1091 2611 Jure

51 2613 204 2660 FoL157.
221 2614 339 2648 Graeco
351 2614 528 2660 -Romano
543 2638 550 2645 .

273 2664 335 2697 Hae
358 2664 463 2708 Leges
486 2663 638 2697 videntur
660 2675 726 2698 non
749 2666 842 2701 fuisse
858 2667 875 2701 ὲ
897 2668 1026 2711 populis
1039 2668 1090 2702 ad·

221 2715 318 2750 miffae
331 2715 362 2747 in
376 2724 481 2747 mores
495 2738 505 2754 ,
526 2723 581 2747 aut
592 2716 677 2748 cette
689 2725 754 2749 non
770 2718 990 2760 perseverasse.
1017 2718 1091 2751 Ete-

221 2766 292 2800 nim
314 2763 546 2807 lmpetatorem
573 2764 800 2807 Nicephorum
830 2765 997 2806 Phocam,
1032 2768 1089 2809 qui

221 2815 261 2849 ad
275 2813 416 2855 ejusdem
439 2813 546 2847 saeculi
568 2813 666 2848 finem
685 2817 833 2858 regnavit
849 2841 859 2857 ,
897 2817 938 2851 de
958 2818 1090 2851 avaritia

52 2905 116 2943 1⁷01
133 2901 199 2952 6⁵8
223 2863 1089 2957 ‘ffdffisslsseissz‘st‘1542‘2022335‘ffff‘322‘ss02‘³3⁰¹'

120 2930 127 2939 ·
201 2929 208 2936 ·
486 2938 497 2955 ,
763 2928 771 2948 ι
798 2928 805 2948 :
872 2928 886 2950 e
909 2929 942 2950 ue
976 2929 1005 2950 oc
1038 2929 1092 2950 an-

223 2926 308 3003 tgum‚
330 2961 615 3007 sed&donationes
634 2926 815 3005 Monastgeriis
839 2929 929 3009 atqiie
956 2966 1089 3007 Ecclefiis

224 3013 339 3057 legatas
375 3015 395 3046 ἃ
415 3012 593 3056 quibusdam
626 3019 690 3057 piis
711 3017 940 3057 Imperatoribus
965 3018 1090 3059 prorsus

226 3064 351 3096 abolevit
364 3087 374 3103 ,
401 3067 478 3107 Lege
497 3070 588 3097 etiam
601 3066 665 3098 iata
687 3075 723 3098 ne
743 3064 876 3108 Ecclefiae
895 3067 1090 3100 immobilibus

226 3112 469 3153 locupletarentur
503 3113 587 3147 bonis
615 3139 626 3154 ,
659 3115 793 3157 causatus
831 3115 990 3158 Epifhopos
1013 3118 1092 3149 male

223 3163 376 3204 prodigere
397 3174 432 3196 ea
453 3188 462 3203 ‚
489 3174 557 3206 quae
583 3164 762 3206 pauperibus
780 3166 923 3199 darentur
945 3191 956 3206 ‚
994 3167 1093 3199 militi-

228 3211 282 3243 bus
295 3215 411 3244 interim
431 3212 649 3253 deficientibus.
680 3215 834 3249 Affirmat
854 3218 956 3259 ipsum
970 3216 1014 3250 ob
1027 3216 1094 3250 isti·

228 3259 356 3294 usmodi
378 3259 482 3296 Edicta
502 3263 596 3297 fuisse
615 3266 737 3298 cunctis
757 3263 890 3308 invisum
911 3277 945 3299 ac
965 3266 1094 3304 detesta-

227 3309 328 3342 bilem.
359 3309 400 3342 Et
420 3311 500 3343 infra
526 3315 747 3357 prosequitur:
776 3316 956 3349 Patriarcba
980 3318 1093 3355 Polyeu-

228 3360 291 3393 θαι
313 3359 391 3399 juffit
416 3358 557 3401 conscindi
580 3364 725 3396 Libellum
739 3366 866 3405 Edie‘li,
891 3367 1093 3409 quidadcon-

223 3408 399 3450 fundendas
411 3420 456 3442 res
471 3411 675 3450 Ecclesiasticus
704 3416 895 3456 Nicephorus
923 3418 1057 3449 ediderat
1083 3440 1090 3448 .

229 3459 345 3495 Statim
361 3458 429 3501 post
443 3457 622 3500 Nicephori
635 3473 773 3497 mortem
786 3486 795 3496 .
823 3466 865 3501 Et
887 3465 957 3510 ejus
977 3468 1011 3500 iu
1025 3465 1095 3500 Im-

328 3507 435 3549 christ.
449 3511 529 3551 Lupi
538 3512 636 3552 Opera
645 3514 724 3547 Tom.
735 3514 792 3546 XI.

223 2366 365 2409 speciem
392 2365 468 2399 fecit
497 2364 619 2409 aliquid
646 2367 772 2409 gratiae:
802 2369 942 2410 permisit
964 2368 1006 2402 ab
1028 2368 1093 2402 illis
1154 2382 1184 2403 m
1347 2371 1412 2413 ipsa
1437 2369 1571 2405 fundare
1594 2372 1802 2412 volentibus,
1831 2372 1964 2405 mandat
1991 2381 2028 2404 ut

217 2415 421 2456 fundorum,
447 2425 529 2457 quos
542 2416 730 2458 profitentes
752 2417 957 2458 inferebant,
1023 2429 1065 2460 qu
1154 2419 1411 2463 superfluasopes
1422 2419 1562 2454 fundant
1591 2422 1623 2454 in
1652 2433 1825 2465 pauperes.
1855 2420 1990 2466 Qiinto
2017 2443 2029 2460 ,

1121 223 1244 267 perium
1266 223 1423 257 successor
1444 223 1583 266 Ioannes
1595 222 1780 258 Tzemisces
1791 220 1986 257 Patriarchae

1121 275 1239 307 fastum
1251 274 1457 307 confirmavit
1470 297 1475 303 .
1505 274 1632 308 Diserte
1644 274 1707 308 hoc
1719 274 1826 308 scribit
1840 272 1985 306 Michael

1125 324 1266 365 Glycas-
1298 322 1449 357 Edistum
1467 327 1603 365 exponit
1628 347 1639 364 ‚
1663 336 1701 358 ac
1722 322 1887 367 adjungit:
1916 325 1986 355 Tze-

1123 372 1222 416 misces
1233 379 1325 407 etiam
1351 373 1480 406 libellum
1501 374 1583 405 illum
1605 375 1768 415 dilacerat,
1805 385 1888 416 quem
1913 371 1988 405 Pbo-

1123 435 1173 457 cas
1186 425 1231 456 ad
1237 423 1477 465 perturbandam
1491 423 1649 463 Ecclefiam
1660 423 1797 466 conscribi
1807 432 1968 457 curaverat
1981 447 1988 454 .

1125 477 1187 506 Has
1199 474 1234 506 ob
1257 474 1332 506 resa
1353 472 1495 510 Polyeut‘lo
1506 473 1675 506 diademate
1695 481 1816 517 ungitur
1828 487 1846 507 .’
1861 471 1992 516 Nempe

1127 523 1324 565 Polyeuc‘ius
1336 521 1428 555 illurn
1443 546 1454 562 ,
1478 522 1536 554 nisi
1553 522 1697 557 Ecclesiae
1710 525 1796 557 suam
1811 523 1992 557 libertatem

2011 298 2095 333 Part.
2103 309 2136 341 4.

2010 350 2080 384 Fol.
2085 345 2160 397 308,

1127 583 1302 617 repararet,
1329 572 1435 606 noluit
1454 582 1627 605 coronare.
1656 573 1827 606 Consonat
1840 583 1994 616 compen·

1127 622 1227 657 diaria
1253 622 1353 664 Joelis
1374 622 1622 665 Chronologia:
1645 626 1786 666 Joannes
1799 622 1993 664 Tzemiscesa

1130 672 1275 712 Polyeuc‘lo
1298 670 1477 706 patriarcha
1503 676 1696 713 Imperatoris
1719 670 1873 715 infing'bus
1903 672 1996 703 dona-

1129 733 1199 762 tur,
1226 723 1289 755 cum
1298 728 1384 764 prius
1405 723 1451 755 illi
1474 721 1691 764 obtemperaffet
1703 745 1712 760 ,
1739 730 1900 763 tomumque
1912 732 1998 763 quem

1130 773 1315 814 nicephorus
1330 772 1439 805 Pbocas
1453 796 1463 811 ‚
1489 781 1522 805 ut
1546 783 1592 805 res
1617 769 1826 811 Ecclefiasticas
1849 770 2001 812 transver-

1126 821 1181 866 sas
1202 832 1325 866 ageret,
1353 819 1580 865 conscripserat,
1607 822 1803 863 dilacerasset.
1835 820 2001 854 Laudatus

1133 871 1301 906 Cedrenus
1313 872 1354 905 de
1365 871 1481 905 eodem
1496 883 1584 905 novo
1594 871 1791 915 Imperatore
1812 869 1961 914 adjungit
1987 881 2002 910 ,⁰
2034 902 2045 909 ,

1133 923 1261 955 Reditus
1282 928 1375 955 etiam
1397 923 1535 955 decretus
1551 923 1598 961 jis
1621 946 1631 961 ‚
1664 933 1735 964 quos
1764 920 1946 962 Nicephorus
1957 918 2004 961 sit-

1133 974 1193 1005 lum
1205 981 1322 1006 vertere
1339 973 1463 1014 jusserat
1476 995 1486 1011 ,
1513 971 1704 1014 Pontificibus
1718 969 1884 1014 praesertim
1891 977 2008 1012 prima·

1135 1029 1190 1056 riis
1202 1048 1212 1063 ,
1239 1022 1344 1064 quibus
1356 1021 1532 1061 ostendimus
1550 1023 1585 1054 id
1604 1023 1727 1064 eveniffe
1739 1045 1749 1061 ‚
1778 1022 1855 1063 quod
1864 1020 2008 1059 Constitu·

1137 1073 1260 1106 tioniab
1280 1084 1333 1112 eo,
1354 1070 1520 1114 spoliandae
1542 1096 1552 1112 ‚
1590 1074 1624 1106 <⁶5
1646 1074 1821 1104 contumelia
1844 1070 2008 1112 afficiendae

1138 1121 1269 1164 Ecclefiae
1292 1120 1379 1164 causa
1394 1122 1511 1163 fac‘lae,
1540 1122 1692 1164 noluissent
1709 1120 1903 1164 subscribere.
1934 1120 2010 1154 Pri·-

1140 1183 1241 1206 mates
1261 1171 1413 1216 Episcopi
1437 1171 1589 1205 Edictum
1615 1171 1798 1215 Nicephori
1835 1169 1917 1205 ade&
1955 1170 2014 1203 im-

1142 1221 1345 1266 probabant,
1370 1232 1406 1257 ut
1428 1221 1561 1266 relegari
1577 1222 1771 1261 maluerint,
1797 1222 1894 1265 quam
1907 1220 2012 1264 ipsum

1141 1271 1311 1306 admittere
1326 1296 1333 1303 .

1193 1321 1358 1365 integrum
1381 1319 1559 1364 Nicephori
1585 1320 1736 1354 Edictum
1760 1321 1855 1355 nobis
1872 1321 1908 1354 in
1941 1321 2016 1363 Jure

1145 1371 1446 1405 Graeco-Romano
1466 1371 1643 1404 custodivit
1680 1371 1823 1413 Joannes
1860 1371 2018 1405 Leuncla-

1146 1421 1234 1454 vius.
1265 1422 1306 1454 Et
1320 1420 1404 1454 istud
1420 1421 1501 1454 dicit
1522 1422 1630 1454 varia.
1658 1419 1796 1460 Primo,
1822 1420 1912 1465 quod
1937 1420 2020 1453 divi·
2076 1453 2084 1462 ‚
2150 1450 2156 1457 ,

1146 1472 1196 1506 tiae
1208 1470 1946 1515 fintChtisiianaeperfestionimagnusobex,
1974 1482 2018 1505 re·
2045 1452 2163 1488 L¹b·²'·

1147 1532 1236 1555 mota
1250 1544 1261 1560 ,
1280 1532 1316 1554 ac
1328 1522 1597 1564 impedimentum
1609 1545 1617 1553 .
1648 1521 1779 1555 Etenim
1792 1521 1939 1555 Christus
1953 1521 2020 1554 Do-
2046 1504 2137 1541 F⁰¹·¹
2148 1512 2200 1549 ¹3·

1149 1572 1257 1606 minus
1270 1569 1362 1605 nobis
1375 1570 1542 1605 interdixit
1554 1582 1621 1604 non
1634 1571 1843 1605 solummodo
1854 1571 2023 1610 baculum,

1149 1622 1349 1661 manticam,
1370 1622 1403 1655 &
1418 1621 1595 1656 secundam
1620 1622 1788 1663 tunicam3
1817 1622 1869 1655 sed
1894 1623 2022 1665 insuper

1149 1683 1283 1706 omnem
1296 1682 1405 1705 curam
1427 1671 1558 1705 crastini
1573 1695 1584 1711 ‚
1610 1671 1688 1706 licet
1709 1671 1986 1705 neceffariivistus
2014 1697 2022 1704 .

1150 1722 1302 1756 Secundo
1313 1721 1452 1765 graviter
1465 1720 1660 1763 queriturde
1683 1722 1930 1755 Monachorum
1952 1733 2024 1756 ava-

1151 1772 1242 1805 ritia.
1271 1772 1423 1805 Affirmat
1449 1773 1602 1814 antiquos
1614 1771 1655 1805 ab
1677 1772 1737 1804 isto
1760 1772 1842 1805 vitio
1866 1772 1958 1806 fuisse
1979 1783 2025 1805 re-

1151 1822 1368 1861 motissimos,
1395 1821 1571 1855 hodiernos
1582 1822 1644 1854 esse
1669 1822 1723 1865 ipsi
1750 1821 1877 1865 penitus
1898 1823 2025 1855 involu-

1152 1883 1222 1906 tos.
1253 1871 1383 1904 Etenim
1403 1871 1524 1913 infinita
1562 1880 1651 1905 terrae
1681 1874 1817 1915 jugera,
1853 1873 2023 1905 strullurar

1151 1919 1341 1964 ambitiosas,
1364 1934 1466 1966 greges
1490 1932 1645 1963 equorum,
1672 1922 1757 1954 boum
1780 1947 1790 1963 ,
1817 1924 1990 1956 camelorum
2012 1946 2024 1961 ‚

1136 1988 1139 2008 i
1145 1974 1349 2012 jumentorum
1367 1974 1491 2005 aliorum
1516 1971 1774 2006 innumerabilium
1796 1971 1919 2017 fingulis
1941 1973 2025 2004 horis

1137 2023 1140 2096 s
1153 2027 1300 2064 acquirere
1306 2020 1426 2060 student
1439 2045 1448 2060 ,
1475 2029 1623 2064 totamque
1633 2027 1727 2054 animi
1739 2033 1838 2055 curam
1850 2030 1881 2055 in
1895 2023 1957 2055 baec
1971 2029 2023 2053 in-

1154 2072 1278 2105 tendunt
1293 2096 1303 2112 ,
1330 2073 1405 2104 adei
1418 2072 1536 2113 quidem
1548 2082 1580 2104 ut
1593 2071 1747 2110 istaffudia
1766 2073 1926 2112 Monafiica
1944 2071 2022 2105 nibil

1137 2100 1173 2153 aa
1194 2128 1262 2153 vita
1273 2123 1447 2158 mundana,
1473 2123 1574 2154 multis
1583 2120 1832 2162 sollicitudinibus
1844 2123 1985 2161 aestuante
2010 2146 2022 2160 ,

1153 2170 1295 2210 differant
1306 2194 1313 2202 .
1342 2170 1463 2204 Tettio
1475 2194 1485 2210 ,
1514 2170 1599 2204 hanc
1612 2173 1780 2204 avaritiam
1793 2170 2027 2205 mordaciffime

1155 2221 1344 2253 insectatur.
1372 2220 1503 2266 Quarto
1514 2221 1650 2254 affirmat
1673 2221 1783 2263 jamin
1796 2222 1953 2255 Romano
1967 2221 2028 2254 lm·

1154 2273 1244 2313 perio
1267 2271 1330 2303 esse
1352 2270 1615 2304 sufficientiffima
1631 2271 1832 2306 Monasteria
1849 2296 1859 2312 ‚
1886 2271 2028 2315 ideoque

1155 2330 1242 2353 vetat
1256 2331 1340 2354 nova
1354 2321 1466 2354 instrui
1478 2331 1533 2354 aut
1549 2321 1675 2354 fundari
1688 2346 1696 2353 .
1722 2322 1899 2364 Opulentis
1920 2320 2026 2354 homi-

1152 2471 1264 2504 omnia
1287 2472 1420 2514 antiqua
1445 2471 1646 2504 Monasteria
1671 2472 1803 2505 mandat
1825 2471 1987 2504 restaurari
2016 2496 2028 2512 ‚

1152 2521 1184 2554 ὅ(
1211 2520 1250 2554 ad
1262 2521 1439 2564 opulentos
1460 2521 1591 2559 fideles,
1619 2522 1674 2564 qui
1703 2532 1787 2554 nova
1807 2520 1941 2555 fundare
1957 2532 2031 2554 am-

1154 2570 1248 2603 biunt
1260 2594 1270 2609 ,
1297 2570 1405 2603 scribit
1419 2583 1429 2603 .·
1449 2574 1481 2614 J
1483 2570 1603 2603 ubemus
1617 2580 1650 2603 ut
1660 2581 1758 2603 curam
1764 2577 1896 2612 priorum
1907 2573 1941 2605 (ν
1964 2577 2029 2612 opis

1152 2621 1351 2664 indigentium
1374 2619 1612 2659 Monasteriorum
1641 2619 1805 2663 suscipIant
1827 2645 1838 2661 ‚
1865 2633 1921 2654 non
1942 2633 2029 2664 agros

1151 2675 1194 2702 eis
1219 2671 1355 2702 donando
1367 2694 1377 2709 ‚
1404 2680 1454 2703 nec
1465 2670 1526 2702 loca
1538 2671 1721 2711 quaedam&
1744 2672 1891 2713 aedificia;
1919 2673 2028 2713 quippe

1145 2721 1216 2760 jam
1237 2729 1308 2752 ante
1319 2720 1393 2752 data
1408 2718 1555 2762 sufficiunt
1569 2744 1579 2759 ,
1606 2722 1640 2753 δ’
1652 2731 1720 2762 qua·
1731 2721 1770 2754 ab
1780 2722 2026 2763 initiopoffident‚

1147 2767 1202 2811 sed
1213 2768 1276 2802 baec
1288 2769 1432 2812 neglellas
1465 2780 1516 2802 nec
1529 2769 1686 2803 elaborata
1696 2796 1706 2811 ‚
1735 2773 1893 2805 &inculta
1903 2779 2026 2812 propter

1150 2826 1236 2859 opum
1247 2818 1394 2860 defec‘lum
1399 2822 1537 2860 jacentia
1546 2842 1556 2858 ,
1582 2820 1740 2864 quibusvis
1764 2822 1928 2854 mundanis
1953 2831 2027 2854 ven-

1151 2869 1248 2901 dendo
1254 2867 1370 2909 fundos
1389 2894 1399 2909 ,
1425 2870 1458 2903 O
1481 2871 1544 2903 ioca
1566 2881 1633 2911 quae
1652 2871 1792 2912 poffident
1800 2895 1811 2911 ,
1838 2875 2027 2904 conveniente

1150 2929 1223 2952 cura
1232 2918 1435 2960 acprovifione
1444 2921 1603 2963 dignentur
1618 2918 1725 2962 servos
1745 2926 1788 2953 eis
1813 2922 1848 2955 Θ
1870 2926 2021 2962 mancipia

1145 2966 1374 3010 suppeditantes
1389 2994 1400 3009 ‚
1425 2971 1458 3003 (a
1471 2970 1581 3010 boves,
1610 2971 1645 3003 6·
1663 2981 1769 3014 greges
1782 2995 1793 3010 ,
1819 2972 1853 3005 ό·
1873 2973 1936 3004 alia
1956 2982 2026 3013 quae

1143 3019 1344 3059 jumentorum
1364 3030 1480 3053 numero
1500 3025 1685 3052 continentur
1698 3045 1705 3049 .
1733 3025 1820 3054 Nam
1836 3020 1920 3062 ficos
1946 3020 2026 3063 ipsos

1144 3067 1259 3109 fundos
1269 3090 1280 3107 ‚
1304 3080 1396 3111 eaque
1408 3070 1468 3102 loca
1478 3080 1546 3111 quae
1570 3067 1710 3103 babemus
1721 3095 1732 3112 ‚
1758 3077 1802 3104 eis
1823 3073 1987 3115 largiamur
2014 3095 2026 3112 ,

1150 3119 1384 3160 quandoquidem
1396 3119 1471 3151 bona
1484 3118 1697 3162 Religiosarum
1722 3122 1861 3162 domuum
1876 3123 1909 3154 (5
1930 3122 2025 3154 Eccle-

1145 3166 1255 3209 siarum
1265 3168 1390 3209 distrahi
1402 3171 1452 3202 lex
1461 3169 1598 3210 probibet
1614 3193 1624 3209 ‚
1650 3175 1682 3202 in
1694 3173 1775 3204 idem
1786 3183 1850 3204 cum
1859 3178 1961 3213 priore
1980 3177 2025 3203 in-

1150 3219 1324 3251 commodum
1334 3219 1514 3252 incurremus
1521 3244 1531 3259 ,
1549 3220 1582 3252 Θ
1591 3221 1669 3252 male
1680 3220 1800 3262 adfecqa
1812 3233 1845 3254 ac
1854 3219 1970 3262 ruinosa
1981 3230 2025 3252 re-

1151 3268 1317 3309 linquemus
1331 3269 1455 3308 inculta,
1473 3270 1507 3302 cit
1517 3275 1579 3310 opis
1592 3276 1739 3310 expertia,
1750 3272 1814 3304 cum
1823 3276 1956 3313 pecuniae
1967 3280 2025 3302 non

1152 3316 1246 3358 adfini
1256 3342 1266 3358 ‚
1278 3330 1328 3351 nec
1335 3329 1370 3350 ea
1380 3330 1485 3350 manus
1496 3330 1565 3360 quae
1575 3321 1692 3360 aliquid
1702 3332 1799 3353 eorum
1812 3321 1921 3354 habeat
1932 3343 1942 3358 ,
1957 3329 2026 3361 quae

1153 3373 1343 3408 requiruntur
1354 3394 1363 3408 ,
1386 3369 1418 3400 (5
1424 3368 1567 3408 praestare
1580 3371 1735 3411 quidpiam
1743 3372 1835 3412 poffit.
1870 3375 1973 3410 Itaque
1984 3366 2024 3400 ab

1154 3415 1203 3449 boc
1214 3424 1342 3459 tempore
1354 3424 1466 3451 nemini
1477 3420 1565 3452 liceat
1577 3430 1626 3452 nec
1636 3419 1751 3460 fundos
1774 3430 1827 3453 aut
1839 3430 1925 3462 agros
1938 3440 1948 3456 ,
1975 3428 2027 3451 nee

1159 3466 1221 3502 loca
1232 3467 1412 3508 Monasteriis
1423 3492 1435 3509 ,
1462 3478 1516 3502 aut
1538 3472 1712 3503 Gerocomiis
1726 3493 1737 3509 ‚
1763 3479 1814 3503 aut
1827 3466 2026 3502 xenodochus

1559 3519 1590 3551 G
1643 3530 1663 3555 2
1865 3531 1992 3562 quocum-
