2366 3736
406 160 476 216 64
890 143 1629 192 >numerario

367 239 443 276 dum
463 235 537 275 mihi
552 235 651 285 spatio
662 258 674 276 ‚
700 234 746 269 ad
765 229 968 275 monasterium
986 235 1057 280 jam
1067 244 1129 267 cum
1147 237 1250 268 Mona·
1310 232 1562 277 Metropolitam
1573 225 1748 266 Sardiniae:
1774 231 2112 281 Quiaingreaiiemgbu,
2130 239 2191 269 Mo,
2210 222 2287 282 Πὸ..
2303 235 2335 271 7.

369 289 433 323 chis
447 284 600 326 ambulare
615 284 728 324 coallus
741 282 828 326 sum.
856 285 940 321 Unde
949 289 1021 328 quia
1032 283 1111 317 nihil
1122 294 1214 318 antea
1239 309 1250 327 ,
1312 285 1467 325 nasterium
1477 282 1668 317 convertendi
1686 286 1792 325 gratia
1807 304 1816 320 ,
1843 281 1966 317 ulterius
1991 287 2073 320 nulla
2087 286 2126 329 fit
2148 296 2189 320 te·
2208 274 2359 312 indust-2.

369 341 453 382 quod
460 341 496 372 de
502 335 695 382 substantiola
719 346 786 368 mea
800 340 922 368 occurrit
935 329 957 376 ,'
969 340 1054 375 potui
1077 335 1216 369 ordinare
1241 358 1252 375 ,
1305 335 1408 374 standi
1423 334 1542 367 licentia
1556 356 1566 372 ,
1589 330 1645 375 sed
1655 343 1702 364 res
1713 342 1810 364 eorum
1823 329 1951 373 ejusdem
1964 336 2132 380 Monasserii
2141 339 2191 378 iu·
2210 325 2272 369 ΕΡ·
2297 335 2328 370 7·

300 1155 321 1160 »·
350 1135 441 1176 quod
464 1134 644 1169 solitarium
669 1145 760 1172 extra
794 1134 959 1169 Coenobia
992 1133 1235 1172 Monachatum

325 1234 577 1282 ,nnissrationem
588 1235 648 1267 suae
661 1233 860 1281 substantiae.
875 1232 1028 1267 Secunde>
1039 1257 1049 1274 ,
1067 1232 1155 1276 quod
1169 1233 1235 1276 pos·

334 1283 408 1318 >'sint
421 1284 565 1318 condere
589 1282 839 1318 testamentum.
867 1281 1011 1326 Tertio,
1039 1283 1128 1327 quod
1155 1283 1230 1325 ipfis

300 1632 306 1639 '
347 1647 409 1668 rem
413 1638 445 1680 J
448 1645 557 1667 oannes
572 1631 731 1666 Monachus
743 1633 867 1675 quidam
879 1637 1005 1668 moriens
1016 1638 1047 1666 in
1056 1630 1112 1675 sex
1123 1638 1228 1665 uncias

296 1682 303 1688 ”
345 1684 491 1723 haercdem
503 1683 612 1725 dimifit
622 1707 629 1715 .
657 1686 716 1716 Cui
731 1682 781 1721 hoc
794 1684 913 1727 quidem
924 1684 1005 1725 quod
1026 1682 1174 1726 dimissum
1189 1681 1227 1722 cst

338 2833 423 2874 ¹nim
435 2832 521 2866 circa
542 2829 634 2865 istam
656 2829 732 2863 fasti
759 2828 899 2872 speciem
922 2827 1122 2870 Iustinianus
1144 2826 1228 2864 nihil

369 391 476 426 idcirco
488 385 737 424 lachrymabiliter
743 382 876 428 supplico
886 408 897 424 ,
924 393 956 417 ut
972 383 1092 425 conceffa
1107 393 1164 426 per
1174 389 1252 418 Con-

365 438 547 480 stitutionem
559 434 648 473 vestri
661 438 778 474 Decreti
788 435 904 470 licentia
915 458 927 475 ‚
946 435 1004 477 fas
1016 433 1133 475 mihifit
1144 437 1182 468 de
1192 447 1248 468 om-

365 488 453 522 nibus
463 485 547 519 rebus
559 491 632 518 meis
643 486 828 522 voluntatem
850 495 945 517 meam
970 482 1124 527 disponere
1136 509 1146 524 ,
1173 498 1246 528 qua·

367 538 454 571 tenus
468 546 517 569 nec
528 534 601 571 mihi
613 535 779 568 obedientia
789 546 855 568 mea
868 536 972 580 officiat
989 558 998 573 ‚
1024 545 1074 567 nec
1094 534 1155 576 filio
1161 544 1243 578 pau-

360 592 428 630 peri
450 586 531 627 poffit
552 585 601 628 effe
621 583 763 628 damnosa
781 609 788 617 .
817 589 902 618 Nam
915 583 1025 617 cunetis
1047 595 1146 617 notum
1168 585 1206 627 est
1232 609 1243 626 ‚

362 641 434 679 quia
449 637 512 670 illos
530 637 652 678 Legalis
664 635 785 668 sanHio
796 636 958 677 quidquam
970 635 1006 666 de
1012 632 1176 676 substantia
1184 634 1243 678 sua

359 685 499 731 probibet
510 710 522 727 ‚
544 681 697 729 postquam
707 684 917 725 Monasterium
928 683 1165 728 ingreffifuerint
1178 709 1189 725 ‚
1201 696 1242 717 or-

359 738 466 772 dinare
478 760 490 776 ,
516 736 620 778 quibus
635 734 887 778 disponendarum
900 746 995 768 rerum
1002 732 1127 777 suarum
1137 733 1240 776 suppe-

357 793 399 821 tit
408 795 479 819 ante
490 786 610 819 licentia
623 810 633 826 ‚
647 797 704 818 non
715 794 814 819 autem
828 796 873 828 eos
886 796 957 827 quos
971 784 1069 817 adhuc
1079 786 1156 826 quod
1166 797 1239 818 nun-

357 847 450 878 quam
474 835 683 871 trat‘Javerant
703 859 713 879 ‚
755 834 977 877 Praepofitorum
995 832 1113 877 suorum
1132 842 1240 876 parere

355 890 428 928 cogit
439 885 584 927 instantia
595 909 603 917 .
631 887 714 929 ‚Quia
719 884 792 927 ficut
805 889 894 929 Legis
911 886 1051 919 voluntas
1064 883 1114 918 boc
1123 895 1160 918 ex
1184 886 1239 918 dc-

354 936 532 969 liberatione
538 935 724 982 facientibus
747 938 945 979 contradicit,
973 939 1017 967 ita
1029 941 1071 968 eis
1093 940 1145 982 qui
1167 946 1238 969 com-

349 986 506 1031 pelluntur
513 1010 525 1029 ,
548 987 610 1027 maj
616 989 659 1018 ori
665 986 866 1027 providentia
873 983 1018 1028 succurrit
1027 1009 1034 1016 .

403 1036 466 1070 Hae
478 1046 585 1080 preces
604 1035 711 1079 palam
736 1035 916 1069 fundantur
931 1037 962 1068 in
986 1034 1123 1069 laudatis
1146 1033 1237 1077 Juni-

351 1085 445 1120 niani
472 1085 617 1130 Legibus
629 1108 639 1125 ,
664 1085 699 1119 &
722 1095 783 1121 nos
806 1085 926 1119 docent
950 1086 1053 1118 varia.
1083 1083 1196 1118 Primo
1222 1108 1232 1124 ,

349 1184 476 1227 profeffi
486 1185 647 1221 retineant
663 1184 790 1226 plenam
804 1186 837 1220 ὅ(
851 1184 1079 1227 proprietatem
1092 1183 1123 1217 ἀ
1136 1183 1239 1216 admi·

347 1333 505 1368 intestatis
519 1344 625 1379 neque
638 1332 777 1370 Ecclesia
790 1356 800 1373 ,
828 1342 933 1378 neque
947 1332 1089 1380 quodvis
1113 1332 1232 1367 Coeno-

347 1383 439 1417 bium
451 1382 625 1423 succedat,
651 1382 703 1416 sed
718 1382 803 1423 filii,
831 1386 886 1416 a'ut
906 1382 962 1415 alii
985 1383 1033 1421 sui
1058 1381 1196 1417 haeredes
1223 1407 1231 1419 .

341 1434 477 1481 =Qart6
487 1456 497 1473 ,
523 1432 613 1477 quod
629 1431 767 1467 iaudatae
780 1432 887 1479 Leges
898 1432 939 1466 de
951 1431 1018 1465 istis
1031 1431 1115 1466 nihil
1125 1431 1229 1476 dispo-

348 1494 430 1518 nant
440 1508 447 1516 .
474 1483 517 1517 Et
529 1482 608 1517 hinc
620 1482 769 1526 intellige
779 1481 1066 1527 laudatiGregorii
1082 1482 1228 1526 Rescrip-

347 1533 468 1572 tumad
482 1532 615 1571 Petrum
637 1530 884 1569 Subdiaconum
901 1556 911 1573 ,
939 1532 1111 1566 Rectorem
1138 1531 1229 1575 Apo-

347 1584 453 1618 ssolici
471 1584 504 1618 in
517 1583 627 1628 Sicilia
643 1582 841 1617 Patrimonii
853 1596 864 1616 .·
892 1585 1061 1628 Frentinum
1086 1580 1225 1625 Defensa

345 1737 432 1772 trade
447 1759 457 1776 ,
467 1733 527 1777 sed
534 1731 693 1773 contestare
705 1745 771 1768 eum
781 1757 791 1773 ,
818 1743 851 1766 ut
862 1732 1020 1775 hocfacere
1033 1735 1156 1767 ulterius
1171 1743 1228 1766 non

341 1783 526 1833 prasumat.
554 1785 615 1821 sed
617 1792 675 1825 pro
685 1783 783 1816 labore
789 1782 840 1826 suo
857 1782 953 1822 statue
967 1785 1044 1827 quid
1064 1788 1191 1825 accipiat
1217 1806 1229 1829 ,

344 1846 379 1871 ut
393 1842 420 1869 ei
431 1845 544 1874 vacuus
554 1833 639 1871 labor
642 1832 716 1879 suus
727 1835 777 1877 effe
789 1844 846 1867 non
860 1833 968 1874 debeat
981 1857 991 1873 ,
1018 1834 1052 1867 Q&
1066 1832 1116 1866 hoc
1129 1838 1226 1868 memi-

345 1890 446 1926 nerit,
471 1895 505 1918 ut
518 1890 569 1928 qui
584 1883 715 1925 Ecclefiae
731 1882 892 1927 stipendiis
910 1881 1033 1927 subfistit
1046 1907 1057 1925 ,
1082 1884 1128 1916 ad
1146 1883 1228 1916 lucra

341 1941 468 1982 propria
481 1946 537 1968 non
547 1934 666 1968 anhelet
680 1959 688 1970 ,
714 1929 924 1977 Rescriptum
936 1934 1005 1978 agit
1020 1933 1061 1970 de
1083 1932 1227 1967 solitario

346 1985 544 2025 Monacho.¹
574 1984 617 2021 Et
638 1984 797 2024 Romanae
818 1983 968 2023 Ecclefiae
993 1982 1233 2024 Defensoribus,

345 2034 517 2080 praescribit
528 2058 540 2075 ‚
571 2045 612 2068 ne
623 2032 664 2066 ab
678 2032 858 2066 istiusmodi
872 2041 1031 2067 venentur
1053 2033 1158 2077 legata
1172 2042 1226 2066 aut

344 2085 558 2124 testamenta.
587 2081 731 2117 Proinde
751 2083 925 2126 Justiniani
948 2082 1053 2127 Leges
1078 2081 1225 2116 sanciunt

344 2146 383 2169 ac
396 2135 575 2177 disponunt
587 2132 627 2167 de
640 2132 715 2166 solis
731 2133 922 2166 CoenobitIs
936 2156 943 2164 .
974 2130 1107 2178 Quinto
1127 2132 1225 2165 disci-

347 2195 421 2219 mus
441 2209 451 2225 ,
480 2182 569 2226 quod
587 2182 712 2216 Probus
735 2181 847 2215 Abbas
874 2181 1034 2215 censuerit
1057 2180 1227 2219 adversum

347 2233 425 2270 istas
437 2234 540 2278 Leges
551 2232 619 2269 dari
633 2231 745 2271 locum
765 2231 969 2275 exceptionis
980 2254 991 2271 ,
1019 2229 1217 2276 dispensatio

348 2284 400 2319 nis
412 2293 466 2317 aut
482 2280 640 2326 epykejae.
673 2280 934 2324 DispensationiS
943 2279 1054 2319 locum
1068 2281 1130 2314 effe
1141 2278 1206 2313 illis
1218 2303 1228 2319 ,

348 2334 406 2379 qui
423 2344 478 2378 per
489 2333 679 2372 Romanurn
693 2330 892 2370 Pontificem
901 2329 1001 2367 essent
1023 2329 1170 2373 abrepti,
1198 2330 1229 2363 &

350 2384 437 2427 quafi
448 2381 611 2423 detrustin.
635 2380 838 2417 Coenobium
852 2405 865 2422 ‚
889 2380 922 2413 &
945 2377 1077 2427 quidem
1101 2381 1136 2415 in
1162 2379 1229 2413 offi-

350 2434 440 2469 cium
453 2444 490 2467 ac
502 2430 616 2469 Sedem
633 2430 791 2471 Abbatis.
816 2430 999 2470 Praesertim
1026 2429 1051 2474 si
1074 2427 1228 2463 haberent

350 2483 456 2519 filios.
487 2483 599 2516 Etiam¹
618 2480 737 2522 horum
753 2480 966 2516 substantiam
979 2478 1109 2513 Probus
1131 2478 1231 2513 admi-

351 2533 391 2570 fit
403 2534 539 2575 spectare
546 2532 586 2566 ad
600 2530 801 2565 Coenobiurn
813 2554 827 2571 ‚7
853 2529 979 2564 addidit
991 2539 1100 2563 tamen
1112 2529 1175 2563 effe
1185 2528 1230 2562 di-

350 2593 439 2627 gnos
465 2581 582 2624 quibus
619 2591 675 2615 aut
700 2580 870 2615 deberetur
882 2604 895 2626 t
921 2589 978 2613 aut
999 2577 1231 2622 dispensatorie

350 2633 570 2679 impartiretur
592 2630 686 2673 plena
706 2631 845 2664 facultas
864 2628 1019 2673 testandi.
1046 2628 1168 2663 Saltem
1194 2628 1228 2662 in

350 2682 491 2728 gratiam
504 2680 648 2719 filiorum
661 2704 668 2712 .
698 2679 770 2714 Nec
780 2679 917 2714 dubium
934 2678 979 2712 est
1001 2679 1080 2723 quin
1103 2678 1231 2713 Probus

350 2732 438 2767 hanc
448 2731 584 2776 gratiam
597 2728 638 2763 ab
648 2730 777 2772 optimo
790 2729 952 2762 Pontifice
963 2726 1228 2774 extraSynodum

352 2781 540 2829 poposcerit
557 2805 565 2813 .
594 2779 719 2817 Verum
733 2788 800 2813 erat
813 2778 980 2820 implicata
994 2779 1142 2822 quaestio.
1159 2778 1230 2813 Ete-

352 2883 516 2916 sanxerat.
543 2880 638 2914 Hinc
660 2879 716 2913 fibi
743 2878 805 2914 soli
831 2889 901 2917 uon
913 2878 1015 2911 fidens
1038 2877 1193 2912 Pontifex
1218 2902 1228 2918 ,

354 2932 564 2975 quaestionem
577 2929 688 2964 retulit
700 2928 739 2963 ad
753 2927 926 2972 Synodum
940 2952 947 2960 .
972 2928 1039 2961 Hic
1052 2927 1176 2962 Probus
1191 2928 1233 2961 νὶ-

1311 391 1351 417 ris
1359 386 1438 427 fiant
1452 408 1464 424 ‚
1489 391 1597 425 aperta
1608 384 1699 425 Legis
1712 379 1879 422 definitione
1890 381 2035 418 decretum
2043 387 2096 427 est:
2111 389 2191 430 quod

1308 436 1372 468 cum
1381 435 1458 477 pene3
1470 431 1603 466 omnibus
1615 434 1715 464 notum
1719 429 1758 471 fit
1769 455 1779 470 ,
1806 436 1838 464 in
1849 443 1990 475 magnam
2000 446 2053 468 nos
2076 440 2189 471 Gravi-

1310 496 1358 524 ηις
1371 483 1530 526 Abbatiffae
1542 479 1888 521 Monasternsanaorum
1901 485 2036 516 Gravini
2047 487 2080 519 Θ·
2092 489 2188 521 Luao.

1308 539 1348 567 rii
1363 559 1374 574 ‚
1385 532 1543 574 insinuatio
1553 533 1784 574 admirationem
1794 534 1955 573 perduxit.
1970 535 2050 577 ,ραι
2062 537 2081 566 5
2084 542 2186 569 inicam

1309 583 1477 624 Monasterii
1488 581 1538 627 sui
1551 581 1733 624 Abbatiffam
1742 604 1752 620 ‚
1764 581 1917 624 postquam
1928 586 2049 627 regendi
2056 583 2187 628 suscepit

1308 635 1430 680 officium
1443 656 1453 672 ,
1476 634 1590 666 condito
1600 630 1771 671 testamento
1782 655 1792 671 ‚
1818 633 1918 674 legata
1930 632 2109 677 quibusdam
2120 636 2188 678 affe-

1306 689 1365 716 ruit
1375 683 1518 728 reliquisse
1530 708 1536 714 .
1565 685 1610 715 Et
1622 681 1686 714 cum
1698 681 1735 713 de
1745 681 1922 714 5anc¹i¹itatis
1946 684 2051 723 vestra-²
2061 683 2187 727 solicitu-

1305 735 1375 768 dine
1388 744 1586 776 quaereremus
1598 756 1609 772 ,
1634 742 1684 764 cur
1696 742 1744 763 res
1759 731 1929 771 Monasterio
1939 742 2134 776 competentes
2147 736 2187 769 ab

1304 785 1377 818 aliis
1387 784 1545 826 pertulerit
1555 783 1684 816 detineri
1695 786 1854 814 communis
1863 782 1946 821 fillus
1972 785 2165 826 Epiphanius
2177 810 2187 824 ‚

1305 834 1403 868 Archi·
1413 833 1566 872 Presbyter
1580 832 1673 872 vester
1685 855 1695 871 ‚
1718 829 1851 873 praesens
1863 837 2007 870 inventus
2032 833 2185 877 respondit

1299 892 1562 928 praemcmoratam
1577 881 1757 924 Abbatiffam
1770 880 1859 924 usque
1871 883 1916 914 ad
1924 883 2003 915 diem
2017 884 2118 917 obitus
2133 891 2185 918 in-

1300 936 1353 968 dui
1361 933 1394 977 se
1407 933 1579 967 Monaehica
1591 932 1667 972 veste
1677 932 1790 974 noluiffe
1804 956 1814 972 ,
1832 930 1928 974 sedin
1940 932 2070 974 vestibus
2085 958 2095 973 ‚
2122 940 2186 976 qui-

1301 982 1354 1017 bus
1365 985 1447 1018 illius
1465 986 1647 1017 lociutuntur
1673 982 1856 1021 Prosbyterae
1871 1006 1881 1020 ‚
1903 983 2088 1026 permanfiffe
2101 1009 2108 1016 .
2136 986 2186 1018 Ad

1301 1033 1364 1067 haec
1374 1033 1539 1076 replicabat
1546 1031 1698 1076 pradilia
1710 1034 1852 1066 Gravina
1866 1031 1918 1065 hoc
1923 1035 2004 1075 pene
2013 1045 2051 1067 ex
2071 1033 2188 1077 consue-

1300 1085 1404 1116 tudine
1415 1084 1520 1127 licuiffe
1529 1109 1540 1124 ,
1566 1083 1639 1116 adeo
1649 1091 1682 1115 ut
1704 1082 1889 1125 Abbatlffam
1911 1106 1923 1122 ‚
1951 1094 2018 1125 quae
2040 1093 2113 1117 ante
2133 1083 2184 1127 su-

1295 1133 1468 1175 pradiciam
1479 1135 1604 1166 siricam
1618 1131 1745 1174 fuerat,
1768 1133 1881 1165 talibus
1906 1131 1989 1176 usam
1992 1133 2085 1177 fuiffe
2098 1134 2187 1173 vesti-

1299 1183 1354 1216 bus
1368 1184 1511 1226 allegaret
1521 1209 1528 1215 .
1557 1184 1634 1226 Cum
1642 1193 1707 1226 ergo
1728 1183 1765 1215 de
1778 1184 1925 1225 qualitate
1935 1183 2058 1219 vellium
2069 1196 2119 1218 nec
2131 1196 2185 1217 nos

1298 1235 1490 1267 mediocriter
1502 1234 1676 1276 coepiffemus
1687 1232 1836 1276 ambigere
1845 1257 1855 1273 ,
1883 1233 2074 1276 necessarium
2086 1233 2184 1276 visum

1295 1282 1333 1323 est
1345 1283 1427 1316 nobis
1439 1305 1449 1321 ,
1475 1292 1540 1316 tam
1552 1294 1616 1316 cum
1638 1281 1820 1323 Confiliariis
1844 1282 1950 1323 nostris
1973 1308 1983 1323 ‚
2014 1285 2105 1325 quam
2118 1295 2184 1317 cum

1295 1335 1362 1366 altit
1376 1333 1464 1374 hujus
1477 1330 1625 1365 Civitatis
1638 1331 1730 1363 doc‘iis
1744 1337 1824 1364 viris
1834 1356 1843 1371 ,
1856 1334 1930 1374 quid
1939 1334 2004 1374 effet
2019 1334 2183 1376 agendum,

1294 1384 1330 1416 de
1343 1386 1420 1426 Lege
1433 1383 1564 1415 trac‘lare
1578 1407 1585 1415 .
1599 1384 1666 1425 ‚Qui
1678 1381 1845 1413 tractantes
1858 1380 2073 1424 responderunt
2086 1395 2097 1416 .·
2107 1382 2177 1423 post-

1294 1445 1385 1476 quam
1392 1431 1519 1475 solemni
1533 1443 1609 1464 more
1640 1430 1793 1473 Abbatiffa
1812 1431 1850 1463 ab
1873 1431 2017 1473 Episcopo
2039 1434 2185 1466 ordinata

1298 1482 1335 1523 est
1346 1507 1356 1523 ,
1384 1485 1417 1516 Θ
1431 1489 1463 1515 in
1477 1481 1645 1522 Monallerii
1655 1485 1793 1523 regimine
1801 1488 1858 1521 per
1869 1492 1963 1513 annos
1972 1483 2121 1522 plurimos
2135 1481 2183 1525 us²

1293 1544 1347 1575 que
1359 1533 1403 1565 ad
1413 1538 1487 1567 vitae
1493 1530 1558 1574 suae
1569 1527 1723 1571 tranfitum
1730 1528 1862 1571 praefuit
1873 1555 1882 1570 ,
1895 1531 1984 1572 vestis
1996 1533 2183 1573 qualitatem

1292 1584 1336 1615 ad
1342 1584 1458 1624 culpam
1467 1582 1550 1623 fone
1563 1579 1705 1623 Epiftopi
1724 1578 1882 1622 respicere,
1910 1587 1961 1622 qui
1977 1593 2044 1615 eam
2061 1581 2103 1623 fic
2127 1583 2181 1626 effi!

1287 1631 1457 1676 permiserit
1473 1656 1484 1671 ,
1511 1642 1568 1664 non
1576 1640 1678 1664 tamen
1686 1631 1806 1674 potuisse
1830 1631 2000 1671 Monasterio
2023 1635 2183 1674 praejua'i-

1290 1688 1366 1715 cium
1379 1689 1507 1732 irrogare
1520 1706 1530 1721 ,
1551 1679 1607 1724 sed
1618 1692 1664 1714 res
1691 1679 1782 1722 tpfius
1801 1682 1895 1715 eidem
1916 1682 1977 1715 loco
1988 1706 1998 1722 ,
2026 1694 2064 1714 ex
2080 1693 2111 1714 eo
2124 1693 2188 1730 quo⁶

1291 1734 1358 1772 illuc
1367 1733 1490 1777 ingressa
1502 1733 1535 1765 θ
1548 1730 1700 1774 Abbatiffa
1709 1730 1865 1769 constituta
1879 1731 1917 1766 eff
1928 1755 1939 1771 ‚
1951 1731 2107 1773 manifhsto
2118 1734 2188 1773 Ju·'

1291 1794 1322 1815 re
1334 1792 1493 1825 competere
1516 1807 1523 1814 .
1549 1778 1597 1814 Et
1607 1781 1671 1814 ideo
1687 1785 1760 1824 quia
1770 1792 1809 1815 ex
1822 1782 1940 1822 dimtffis
1961 1784 2064 1816 illicite
2087 1781 2180 1816 rebus·

1291 1832 1513 1866 Xenodochium
1521 1832 1709 1875 poffifflonem
1730 1832 1828 1875 afferit
1851 1832 1983 1867 indebite
2007 1837 2141 1866 retine—re
2164 1857 2178 1874 ‚

1292 1883 1337 1915 his
1352 1895 1405 1916 vos
1417 1883 1566 1916 hortamur
1579 1881 1724 1922 affatibus
1741 1906 1752 1923 ,
1778 1891 1813 1929 ut
1823 1889 1895 1924 quia
1908 1885 1942 1917 6*
1967 1882 2184 1924 Monasterium

1291 1935 1324 1967 Θ
1337 1932 1561 1967 Xenodochium
1573 1930 1668 1975 ipsum
1679 1938 1713 1965 in
1729 1931 1828 1972 vestra
1839 1932 1879 1973 est
1892 1937 2032 1968 civitate
2037 1932 2189 1977 pofitung

1292 1988 1369 2016 omni
1384 1995 1456 2017 cura
1465 1996 1499 2016 ac
1505 1983 1603 2023 studio
1621 1982 1783 2022 providere
1807 1983 1940 2018 debeatis
1952 2008 1964 2024 ,
1991 1987 2143 2026 quatenus
2156 1980 2188 2024 fi

1289 2032 1408 2075 poffefflo
1420 2031 1486 2075 ipsa
1498 2044 1536 2069 ex
1549 2032 1626 2063 nullo
1629 2033 1814 2073 praecestenti
1836 2031 2007 2071 contraHu,
2029 2031 2130 2075 sedete
2145 2043 2182 2069 eo

1291 2092 1462 2117 memorarat
1473 2084 1492 2114 5
1494 2087 1572 2114 iricae
1585 2081 1681 2123 legato
1694 2077 1844 2122 descendit
1855 2105 1866 2121 ,
1893 2083 2042 2116 antedidlo
2074 2085 2183 2115 Mona-

1287 2132 1374 2171 sterio
1383 2156 1393 2171 ,
1416 2129 1565 2172 postpofico
1574 2129 1704 2171 strepitu
1717 2131 1770 2166 vel
1780 2130 1969 2174 excusatione
1980 2157 1991 2174 ,
2017 2134 2179 2166 reddatur.

1292 2183 1324 2213 Si
1340 2183 1410 2213 vero
1422 2192 1460 2214 ex
1474 2181 1534 2213 alio
1537 2179 1623 2221 fort?
1639 2181 1753 2211 dicitur
1775 2180 1920 2224 obveniffe
1944 2182 2097 2218 contraEu
2108 2207 2120 2223 ,
2146 2191 2183 2216 ue

1293 2234 1488 2263 Fraternitas
1503 2229 1603 2269 vestra
1615 2234 1694 2261 inter
1701 2236 1808 2270 partes
1822 2236 1941 2274 cognita
1954 2234 2184 2274 veritatefflwd

1294 2281 1414 2323 Legalit
1424 2277 1553 2322 suaserit
1564 2278 1638 2312 vordo
1648 2304 1659 2320 ‚
1685 2278 1811 2319 definias
1823 2289 1882 2312 aut
1894 2291 1993 2314 mutuo
1998 2281 2052 2321 fibi
2065 2280 2182 2324 consen-

1290 2329 1325 2373 su
1336 2329 1466 2362 arbitros
1480 2330 1592 2373 eligant
1605 2352 1616 2369 ,
1642 2334 1695 2372 qui
1705 2339 1803 2361 corum
1833 2330 1958 2363 valeant
1983 2332 2180 2376 allegationem·

1293 2378 1435 2423 discutere
1444 2403 1451 2411 .
1483 2383 1507 2411 A
1519 2379 1625 2421 quihus
1640 2379 1790 2421 quidquid
1793 2378 1895 2420 fuerit
1900 2379 2054 2421 statutum
2072 2387 2116 2413 ita
2125 2393 2183 2415 ve*

1288 2429 1313 2469 fl
1317 2443 1352 2462 ra
1360 2428 1523 2471 provisione
1530 2427 1672 2472 servemr
1684 2452 1696 2469 ,
1722 2437 1755 2461 ut
1765 2430 1879 2461 nullum
1892 2434 1971 2465 inter
1983 2431 2180 2465 venerabilia

1291 2481 1351 2513 ioca
1355 2481 1492 2523 jurgium
1504 2487 1658 2511 remaneat
1673 2503 1684 2518 ,
1712 2488 1781 2521 quae
1793 2482 1968 2524 magnopere*
1989 2484 2109 2525 alterna
2117 2490 2178 2523 pa-

1292 2534 1333 2561 cis
1339 2528 1415 2572 sunt
1418 2528 1559 2570 fovenda
1571 2530 1723 2561 concordia
1737 2553 1745 2560 .
1774 2530 1842 2561 Alia
1853 2535 1944 2573 igitur
1957 2538 2057 2565 omnia
2072 2556 2083 2571 ,
2111 2532 2180 2573 q'uae

1291 2591 1329 2613 ex
1354 2577 1529 2618 testamento
1543 2577 1688 2620 praefatae
1710 2580 1729 2611 5
1731 2584 1810 2612 iricae
1835 2580 2008 2614 detinentur
2018 2607 2030 2623 ,
2068 2582 2182 2624 quipp?

1292 2630 1370 2671 quod
1382 2629 1494 2661 nullum
1505 2628 1556 2671 esse
1568 2629 1657 2672 legali
1664 2627 1818 2670 sanctione
1824 2635 2015 2670 permittitur
2027 2656 2039 2672 ,
2064 2629 2182 2674 necess?

1290 2678 1327 2719 est
1340 2688 1372 2712 ut
1375 2680 1443 2720 juri
1455 2678 1632 2717 Monasterii,
1648 2683 1869 2712 Fraternitatts
1885 2679 1991 2719 vestrae
1998 2679 2180 2723 sollicitudi⁶

1294 2740 1329 2761 ne
1341 2753 1351 2768 ,
1379 2731 1399 2762 5
1401 2730 1563 2762 acerdotalt‘
1582 2738 1638 2770 per
1648 2735 1748 2762 omnia
1757 2728 1856 2769 studio
1871 2737 2051 2771 reparentur
2066 2744 2074 2764 ι
2102 2735 2179 2772 quia

1293 2780 1445 2820 Imperiali
1471 2777 1683 2818 Constitutione
1705 2779 1810 2821 aperte
1824 2776 1977 2820 sancitum
2001 2778 2038 2818 est
2051 2803 2062 2819 ,
2087 2784 2122 2812 ut
2142 2791 2180 2813 ea

1290 2841 1359 2871 quae
1382 2838 1484 2861 contra
1508 2831 1601 2871 Leges
1620 2830 1698 2871 fiunt
1708 2854 1718 2869 ‚
1745 2839 1803 2860 non
1822 2827 1919 2870 solum
1939 2830 2064 2862 inutilia
2077 2853 2087 2869 ,
2121 2827 2182 2872 sed

1290 2883 1382 2911 etiam
1395 2887 1450 2919 pro
1464 2878 1583 2920 infee‘lis
1594 2878 1733 2911 habenda
1741 2877 1815 2917 fint.
1845 2879 1880 2912 N
1883 2878 2005 2912 otanda
2017 2880 2050 2912 su
2058 2889 2093 2912 nt
2107 2890 2179 2913 ver-

1292 2927 1332 2961 ba
1346 2942 1357 2961 :
1386 2933 1499 2969 aperta
1509 2929 1582 2972 legis
1595 2928 1765 2971 definitione
1778 2929 1925 2961 decretum
1946 2928 1986 2968 est
1997 2953 2005 2962 .
2033 2929 2125 2972 ,Quid
2136 2927 2180 2971 cs}-

354 2982 450 3015 detur
463 2980 729 3019 fuiffesucceffor
741 2977 887 3012 Candidi
899 3002 906 3009 .
936 2977 1067 3011 Etenim
1081 2978 1143 3011 fuit
1167 2970 1235 3012 Ab}
1285 2977 1334 3025 set
1345 2979 1507 3022 agendum,
1537 2979 1575 3012 de
1587 2981 1665 3022 Lege
1675 2978 1804 3010 tractare
1819 3004 1825 3011 .
1852 2979 1945 3021 ‚Quid
1954 2978 2062 3023 legalis
2070 2977 2176 3021 suase·

356 3031 414 3069 bas
427 3029 550 3068 Urbici
577 3028 618 3063 ad
650 3029 799 3064 Sanctum
812 3027 980 3066 Andream
1004 3027 1195 3062 Monasterii
1221 3053 1235 3069 ‚

355 3079 445 3123 quod
458 3079 639 3124 Gregorius
649 3078 790 3123 appellat
804 3080 918 3116 suum,
946 3086 1060 3119 utpote
1083 3078 1101 3111 ὸ.
1117 3078 1147 3111 se
1169 3089 1231 3112 ere-

355 3130 484 3169 Qum&
495 3127 669 3167 fundatum
691 3129 726 3163 in
749 3129 877 3172 propria
901 3125 1022 3161 domo.
1051 3127 1128 3170 Ejus
1155 3128 1232 3164 item

353 3179 504 3224 precibus
518 3178 674 3212 Pontifex
687 3177 781 3222 plene
798 3178 915 3213 annuit
927 3202 936 3210 .
966 3177 1007 3210 Et
1029 3177 1165 3211 adduxit
1181 3189 1232 3212 va-

353 3230 418 3265 rias
427 3229 588 3267 tationes.
616 3227 719 3274 Qod
733 3227 847 3271 nempe
862 3228 994 3272 plenum
1007 3228 1155 3272 vigorem
1179 3227 1230 3262 ha·

354 3279 466 3318 betent
479 3278 544 3315 istae
555 3278 658 3323 Leges
671 3302 682 3317 ‚
695 3278 834 3322 ideoque
846 3278 912 3310 fine
924 3277 1025 3311 firmis
1038 3277 1230 3322 fundamen·
1258 3291 1260 3295 ⁴

354 3330 398 3363 tis
408 3339 476 3363 non
498 3327 623 3378 possent
643 3327 842 3376 dispensari.⁴
868 3327 1020 3371 synodus
1037 3327 1080 3361 est
1105 3322 1230 3373 integre

356 3377 495 3463 leggass
506 3403 623 3469 'timuis
640 3428 823 3473 Gregorius
855 3428 1022 3473 insigniter
1056 3426 1229 3462 confirmat

356 3475 392 3515 in
403 3477 518 3515 litteris
528 3475 769 3524 casamarium
781 3477 1005 3515 Calaritanum
1016 3477 1231 3526 Episcopum¹¹

1291 3034 1332 3061 rit
1347 3029 1416 3060 ordo
1440 3052 1451 3067 ,
1476 3027 1622 3069 definiat.
1651 3030 1755 3071 Legali
1774 3026 1925 3069 sanllione
1940 3034 2136 3069 permittitur
2164 3053 2172 3061 .

1291 3079 1445 3120 Imperial}
1467 3078 1677 3118 Constitutione
1700 3079 1803 3119 aperte*
1823 3075 1975 3120 sancitum
1996 3077 2035 3118 est
2053 3102 2065 3118 .,
2092 3078 2175 3112 Alto

1291 3129 1435 3162 clamant
1457 3127 1602 3162 laudatas
1627 3127 1733 3171 Leges
1756 3137 1836 3161 tunc
1863 3128 1956 3162 fuisse
1985 3127 2175 3163 solemniffi-

1291 3190 1381 3211 mam
1403 3179 1527 3212 Latinae
1541 3177 1686 3212 Ecclefiae
1700 3176 1863 3222 Regulam
1877 3202 1889 3215 .,

1342 3227 1510 3270 Trajanus,
1524 3228 1557 3261 in
1572 3227 1704 3261 Valeria
1727 3227 1905 3262 Provincia
1918 3252 1928 3268 ‚
1955 3239 1993 3262 ac
2005 3228 2040 3261 in
2053 3226 2168 3263 funda-

1291 3287 1326 3311 to
1336 3289 1390 3320 per
1402 3278 1492 3311 suum
1506 3288 1628 3320 patrem
1648 3276 1816 3311 Coenobio
1837 3277 2023 3312 Monachus
2045 3279 2078 3312 &
2102 3277 2173 3311 Ab-

1293 3328 1366 3365 bas,
1391 3326 1409 3359 ὲ
1425 3325 1564 3372 paganis
1576 3338 1613 3360 ac
1627 3326 1774 3360 Barbaris
1789 3327 2019 3373 Longobardis
2030 3328 2094 3361 fuit
2108 3325 2173 3369 eje-

1291 3379 1359 3411 ctus
1371 3388 1447 3410 cum
1460 3378 1523 3410 suis
1536 3376 1700 3411 Fratribus
1713 3402 1723 3417 ,
1750 3390 1787 3411 ac
1798 3377 1882 3422 fugit
1904 3379 1944 3413 ad
1959 3377 2147 3410 Melitenses
2160 3401 2170 3413 2

1293 3427 1335 3460 Et
1350 3426 1433 3460 varia
1446 3426 1637 3460 Monasterii
1652 3428 1759 3460 secum
1770 3426 1899 3462 abstulit
1911 3452 1919 3462 .
1945 3425 2100 3460 Tandem
2124 3427 2171 3459 asa

1293 3477 1438 3524 sumptus
1449 3477 1513 3512 fuit
1529 3476 1563 3512 in
1576 3476 1665 3511 istius
1677 3477 1794 3512 Insulae
1817 3478 2017 3524 Episcopum
2031 3500 2043 3518 ,
2067 3485 2169 3517 atque

2080 3524 2127 3564 ita.
