2366 3736
614 118 697 163 De
733 118 995 164 SIMONiA
1030 116 1589 164 MONAsrekioituM.

205 210 325 254 ingreffu
336 204 503 244 Monah'erii
515 215 571 237 non
583 205 651 238 licet
662 204 780 244 aliquid
795 207 921 243 accipere
942 201 993 233 vel
1013 207 1075 234 exi·-

201 272 269 303 gere
291 256 373 300 quasi
383 263 533 297 pretium:
556 254 688 296 fitamen
710 250 963 292 Monasteriumfit
973 259 1072 292 tenue,

204 305 413 349 nonfitfficiens
435 308 477 338 ad
498 303 684 346 totpersonas
705 303 882 335 nutriendas
895 325 906 341 ‚
931 302 998 334 licet
1024 312 1073 334 ex·

199 356 294 390 bibere
307 356 456 399 ingressum
466 357 583 397 quidem
587 358 688 396 gratis
700 374 711 391 ,
735 351 794 393 sed
813 358 940 392 accipere
961 352 1076 403 aliquid

190 415 248 449 pro
258 406 340 439 vie‘lu
349 405 482 449 personat
495 403 669 444 recipiendae
681 424 691 440 ,
710 400 740 442 fi
747 403 792 434 ad
800 401 851 434 hoc
864 413 921 434 non
928 399 1074 444 sufficiam

195 465 259 497 opes
274 457 455 495 Monaflerii.
486 457 554 487 Haec
564 464 600 485 ex
609 453 658 485 illo
669 476 676 484 .
705 454 750 484 Et
760 453 890 494 intellige
901 453 981 493 quod
990 452 1074 483 liceat

195 513 344 546 accipere,
370 507 406 537 id
414 505 476 544 est,
502 508 632 545 exigere*
663 503 792 535 Undein
803 510 943 543 quartum
965 502 1036 534 dicit
1064 525 1075 541 ,

195 558 273 597 quod
281 553 447 595 tuncpotest
459 557 541 595 exigi
554 553 591 584 ab
602 563 632 585 eo
643 575 652 591 ,
679 557 730 594 qui
742 558 773 584 in
784 554 840 584 loco
851 552 900 583 illo
923 552 991 583 vult
1015 554 1075 583 Deo

193 605 218 648 s
213 612 310 639 ervire
320 629 328 644 ‚
362 615 418 635 non
429 602 513 644 quast
515 609 647 644 pretium
658 602 819 645 Religionis
831 626 840 640 ‚
849 599 906 642 sed
914 610 948 632 ut
959 600 1071 634 habeat

194 653 424 694 Monasterium,
451 654 530 685 unde
545 653 624 693 poffit
648 653 692 685 illi
710 651 886 693 providere.
917 653 947 682 5i
973 660 1073 684 autem

189 705 251 747 fine
257 708 440 750 gravamine
452 705 482 733 E
484 702 584 743 cclefiae
591 703 671 743 poffit
694 707 806 742 recipi,
832 703 1022 733 simoniacum
1036 700 1073 740 est

196 755 313 796 aliquid
318 762 375 795 pro
387 759 552 794 receptione
565 758 683 796 exigere
696 776 703 783 .
730 755 798 784 Haec
810 751 859 784 ille
871 775 878 782 .
906 754 952 782 Et
968 750 1007 792 sic
1023 759 1071 792 po·

195 802 246 841 test
257 802 414 846 secundum
436 814 521 843 eum,
542 801 642 841 stante
665 800 841 835 rec‘litudine
866 805 1038 833 intentionis
1064 822 1074 838 ,

191 851 366 896 paciscipro
391 853 491 885 villu.
519 852 678 894 Sylvestet
699 849 832 884 adducit
856 851 960 892 plures
984 850 1073 883 istius

195 905 365 946 opinionis
378 913 515 947 magnos
526 901 724 935 defensores.
756 901 798 935 Et
811 901 909 934 rediit.
939 900 1072 933 Etenim

194 954 244 986 uti
261 954 439 997 Episcopus
452 950 598 996 legitime
610 952 775 984 neminem
798 952 927 984 ordinat
951 950 984 982 in
1008 961 1070 983 ma-

195 1004 297 1046 jorem
312 1002 479 1035 Clericum
494 1026 505 1041 ‚
535 1002 591 1034 nifi
606 1001 747 1035 adfuerit
759 1001 800 1034 ad
825 1000 994 1034 honestam
1005 1001 1073 1043 ejus

195 1051 467 1086 sustentationem
490 1051 650 1085 sufficiens
670 1050 873 1084 Beneficium
892 1062 946 1084 aut
970 1052 1072 1094 patri-

194 1100 371 1143 monium‚·
400 1101 442 1134 ita
473 1101 582 1143 inopis
611 1100 765 1135 Coenobii
794 1101 964 1134 Praefestus
990 1099 1073 1134 recte:

196 1163 265 1186 non
286 1152 452 1192 admittit,
480 1151 536 1184 nifi
559 1152 614 1194 qui
635 1151 782 1185 attulerit
793 1152 900 1184 eidem
923 1149 1072 1184 sustenta·

196 1202 281 1235 tioni
304 1201 516 1235 sufficientem
542 1201 673 1234 dotem.
704 1201 770 1235 Uti
808 1203 890 1235 resta
919 1201 1069 1244 Episcopi

197 1252 338 1285 intentio
352 1263 417 1285 non
436 1263 491 1294 pro
506 1253 602 1285 Sacro
616 1251 744 1285 Ordine
755 1275 765 1291 ‚
796 1253 837 1284 ita
857 1252 938 1283 resta
963 1250 1071 1284 Praefe·

198 1301 236 1341 ξὶὶ
263 1301 404 1334 intentio
423 1313 490 1334 non
505 1302 608 1344 exigit
625 1313 681 1343 pro
705 1301 890 1334 Monastica
913 1301 1074 1333 admissio-

198 1363 255 1385 ne.
289 1351 435 1384 Prudens
447 1350 611 1383 Praeiecius
632 1351 713 1384 olim
734 1351 926 1384 admittebat
950 1350 982 1382 in
1007 1350 1074 1383 haec

200 1401 311 1435 verba:
343 1405 408 1432 Nos
420 1401 545 1432 libenter
567 1403 706 1441 &gratis
721 1406 876 1441 recipimus
897 1408 926 1431 te
950 1400 993 1431 ad
1010 1411 1074 1431 con-

197 1449 322 1493 sortium
347 1449 520 1492 spirituale,
546 1447 601 1490 sed
618 1449 682 1480 cum
701 1449 776 1480 bona
795 1450 890 1488 nostra
915 1460 972 1481 non
991 1447 1075 1490 suffi-

199 1506 281 1533 ciant
305 1500 385 1532 nobis
400 1501 433 1532 (ei
446 1499 522 1538 tibi,
546 1506 638 1539 porta
657 1508 748 1531 tecum
759 1501 837 1532 unde
855 1499 938 1540 poffis
962 1510 1092 1534 vivere:

1907 123 1966 179 85

1137 199 1374 234 Monasterium
1401 224 1412 239 ‚
1448 201 1614 246 obligetur
1638 201 1694 246 ipsi
1719 202 1806 235 suam
1826 201 2009 246 legitimam

1136 251 1338 294 relinquere,
1365 249 1410 283 est
1444 252 1534 294 supr&
1555 252 1810 286 demonstratum
1843 263 1883 285 ex
1914 255 2009 287 variis

1136 298 1332 334 authenticis
1353 299 1501 334 fontibus
1531 325 1537 332 .
1565 303 1664 336 Hanc
1697 302 1835 346 quodvis
1861 326 1872 341 ,
1908 303 2010 336 etiam

1134 350 1329 392 opulentum
1342 375 1353 391 ‚
1381 350 1619 383 Monasterium
1634 354 1735 395 potest
1751 352 1878 396 exigere
1890 363 2009 393 ‚atque

1135 400 1179 434 ita
1202 401 1242 433 de
1264 402 1330 443 ipsa
1352 402 1450 433 etiam
1476 400 1650 443 transigere
1672 414 1710 436 ac
1734 402 1880 446 stipulari
1902 427 1909 434 .
1936 401 2012 435 Per-

1133 450 1182 493 git
1205 450 1385 493 Syivester:
1415 448 1553 492 Religiost‘
1566 449 1727 492 succedunt
1750 459 1781 485 in
1803 452 1879 484 bona
1899 461 2010 495 paren-

1134 510 1211 532 tum.
1240 504 1286 532 Et
1309 498 1477 542 hujusmodi
1500 510 1549 531 nec
1577 499 1766 534 exhaeredari
1786 503 1900 544 poffunt
1922 509 2011 544 prop·

1132 558 1178 582 ter
1209 550 1364 591 admissum
1396 555 1506 582 crimen
1536 552 1767 591 ingratitudinis
1799 557 1832 584 in
1871 551 1977 594 saeculo
2002 576 2010 583 .

1134 602 1246 635 Omne
1282 599 1462 632 istiusmodi
1500 599 1625 645 crimen
1660 603 1769 634 censet
1801 604 1928 644 purgari
1954 612 2008 645 per

1140 649 1365 692 professionem
1390 649 1632 682 Monassicam.
1665 648 1707 682 Et
1725 652 1830 684 censet
1852 652 1896 683 ita
1912 653 2013 685 sanci-

1134 700 1158 732 ri
1178 701 1195 732 32
1222 699 1394 741 Justiniani
1410 698 1569 743 Legibus.
1603 698 1773 733 Hodierna
1788 711 1901 734 manus
1925 713 2011 735 mor-

1105 795 1108 797 .
1134 759 1194 782 tuae
1215 750 1281 782 Lex
1298 749 1381 783 istud
1395 748 1670 782 Monasteriomm
1684 748 1732 791 jus
1745 751 1904 793 expungit
1920 775 1929 790 ‚
1956 760 2013 784 aut

1135 799 1242 841 potius
1267 798 1344 831 fistit
1358 823 1365 830 .
1392 799 1483 831 Hinc
1497 800 1636 842 quodvis
1651 799 1928 834 monasteriorum
1944 802 2012 842 pos-

1133 851 1167 882 fit
1189 849 1229 881 de
1252 849 1322 891 ipso
1344 848 1487 891 stipulati
1514 875 1521 881 .
1564 850 1606 882 Et
1628 848 1707 882 *huc
1730 850 1835 883 lucide
1873 852 2014 884 tendunt

1133 900 1243 933 omnia
1268 898 1418 939 Sylvesti·i
1431 899 1611 941 principia.
1641 899 1875 933 Verumtamen
1901 900 2015 933 abistiu

1133 948 1257 982 ul'modi
1273 949 1484 982 Monasteriis
1499 948 1651 982 servanda
1663 950 1706 982 est
1721 950 1873 992 Apostoli
1897 952 2015 995 regula:

1133 1003 1242 1032 Omnia
1255 997 1428 1031 nihillicent
1447 1023 1457 1039 ,
1480 998 1600 1041 sednon
1612 1007 1709 1032 omnia
1726 1001 1911 1042 expediunt.
1937 1001 2018 1033 Haec

1132 1048 1242 1082 omnia
1261 1049 1419 1090 Sylvesser
1446 1060 1558 1091 repetit
1572 1059 1668 1083 etiam
1689 1052 1721 1083 in
1734 1053 1762 1083 ai
1778 1062 1800 1084 ο
1815 1063 1905 1085 :ocoz
1928 1055 2019 1095 Jura

1134 1100 1237 1132 dicunt
1249 1123 1258 1137 ‚
1285 1100 1365 1140 quod
1373 1099 1480 1143 ingriffi
1489 1099 1655 1142 religionem
1664 1099 1697 1143 se
1710 1102 1743 1133 (9⁰
1750 1099 1805 1143 sua
1821 1104 2018 1138 dedicentDeo

1134 1155 1179 1181 ita
1192 1150 1273 1191 quod
1288 1155 1384 1182 omnia
1405 1161 1499 1182 eorum
1521 1150 1596 1181 bona
1619 1151 1791 1190 Monasterio
1812 1152 2017 1195 intelligantur·

1133 1199 1183 1240 effe
1195 1200 1316 1232 collata.
1347 1203 1391 1231 Et
1404 1198 1454 1232 boc
1465 1201 1638 1241 intelligitur
1649 1203 1686 1233 de
1696 1203 1818 1244 ingressu
1828 1202 1913 1243 profe
1932 1207 2015 1235 ionis.

1135 1251 1178 1280 Et
1209 1247 1265 1288 nisi
1289 1248 1344 1288 ipſs
1364 1250 1451 1281 aliter·
1474 1248 1656 1291 deposuerint
1689 1260 1762 1283 ante
1792 1251 2015 1292 proseffionem.

1135 1301 1180 1329 Et
1194 1297 1222 1337 fi
1239 1300 1259 1328 ti
1279 1307 1369 1338 patre
1393 1301 1443 1331 vel
1460 1309 1556 1330 matre
1575 1297 1656 1339 filiui·
1679 1302 1731 1331 vel
1747 1301 1814 1342 filia
1833 1310 1953 1342 poterat
1966 1313 2019 1334 cx-

1136 1347 1284 1380 haeredari
1302 1355 1423 1388 propter
1447 1355 1557 1379 vitiam
1592 1351 1821 1390 ingratitudinis
1836 1374 1845 1390 ,
1866 1352 1935 1390 jam
1960 1362 2017 1383 non

1133 1406 1291 1439 poterunt:
1319 1403 1389 1439 quia
1410 1396 1461 1429 hoc
1494 1403 1605 1429 vitium
1637 1398 1748 1430 tollitur
1776 1407 1832 1440 per
1864 1402 2017 1444 religionis

1136 1448 1289 1490 ingressum
1302 1471 1309 1478 .
1340 1447 1453 1480 Alicubi
1466 1457 1567 1480 tamen
1580 1447 1617 1486 est
1630 1446 1801 1489 consuetudo
1812 1475 1821 1489 ,
1847 1453 1930 1492 quod
1942 1455 2018 1485 Pro-

1134 1503 1242 1539 pinqui
1265 1507 1404 1538 occupent
1415 1497 1491 1530 bona
1515 1497 1680 1530 immobilia
1696 1500 1825 1542 ingrcffi:
1854 1499 1940 1542 nist‘fi
1955 1514 2017 1544 qua

199 1549 244 1582 Et
266 1549 424 1591 sylvester
448 1548 596 1591 adjungit
612 1561 622 1580 .·
648 1550 727 1591 ,Quae
738 1549 832 1582 verba
842 1555 874 1581 in
895 1548 1015 1588 effec‘lu,
1043 1543 1094 1599 &J
1138 1550 1220 1580 dedit
1243 1547 1415 1586 Monasterio
1462 1551 1508 1578 Et
1519 1547 1592 1579 alibi
1604 1554 1696 1580 etiam
1708 1549 1842 1583 mobilia.
1871 1553 1951 1593 ,ραι
1971 1551 2020 1595 se-

198 1611 295 1634 coram
311 1602 370 1633 Deo
385 1597 515 1640 sonant,
544 1596 599 1639 nist*
618 1597 741 1639 adferas
754 1610 846 1631 tecum
868 1608 987 1631 tantum
998 1602 1077 1632 unde

200 1655 295 1683 vivas
305 1674 315 1688 ,
343 1659 371 1682 te
383 1659 439 1680 non
451 1654 621 1689 recipiemus
635 1672 640 1678 .
669 1651 762 1691 ‚Quod
770 1649 808 1688 eli
817 1648 948 1691 pacifti.

249 1699 407 1741 Sylvester
430 1698 531 1741 pergit
561 1711 567 1729 :
606 1699 637 1730 Si
655 1708 753 1732 autem
779 1700 990 1739 Monaflerium
1010 1702 1076 1742 esset

1137 1598 1263 1630 cundiam
1288 1599 1496 1636 Raymundum
1519 1598 1621 1636 valet,
1647 1597 1677 1639 fi
1692 1598 1728 1637 est
1751 1599 1871 1633 obtenta
1883 1601 2015 1642 quadra·

1133 1654 1223 1692 ginta
1245 1655 1353 1687 annis,
1383 1660 1439 1689 quo
1464 1656 1593 1689 tempore
1616 1647 1824 1691 praeftribitur
1844 1661 1947 1684 contra
1960 1656 2020 1686 Ec-

1138 1697 1266 1739 cleſsam.
1294 1699 1354 1730 Sed
1359 1707 1431 1740 puto
1442 1700 1525 1740 quod
1548 1709 1605 1730 non
1619 1701 1721 1731 valeat
1735 1707 1849 1734 ratione
1856 1701 2019 1744 preescrip-

200 1751 386 1790 opulentum,
408 1747 569 1790 sectandum
593 1759 690 1781 omnes
714 1749 874 1791 praedillos
893 1750 958 1792 effer
986 1752 1094 1783 simo-¹
1139 1751 1246 1781 tionis.
1277 1750 1352 1780 Tum
1362 1755 1432 1790 quia
1451 1754 1484 1781 in
1508 1747 1594 1781 rebus
1609 1749 1720 1790 invafis
1743 1760 1798 1782 aut
1810 1751 1945 1791 furtivis
1959 1765 2017 1786 non

201 1806 273 1838 nia,
296 1797 350 1839 sed
369 1798 501 1841 intellige
524 1796 740 1841 praesumptive
764 1825 771 1832 .
800 1800 880 1833 Sicut
897 1799 1013 1842 semper
1029 1799 1094 1841 fe-·
1139 1804 1230 1831 currit
1249 1797 1457 1841 praescriptio.
1486 1802 1561 1830 Tum
1588 1805 1659 1840 quia
1681 1799 1804 1841 Ecclefia
1823 1825 1833 1841 ,
1871 1813 1939 1843 quae
1970 1803 2017 1835 hic

200 1858 319 1889 cerunt,
348 1850 381 1881 (θ’
399 1847 522 1888 faciunt
543 1850 680 1890 quaedam
705 1850 868 1888 Mantala,
895 1862 964 1893 quae
987 1862 1023 1883 ex
1035 1847 1094 1883 cii-¹
1120 1871 1122 1889 χ
1135 1847 1285 1892 spoliatur
1304 1872 1314 1887 ,
1356 1859 1413 1880 tion
1435 1848 1472 1887 est
1496 1849 1590 1891 digna
1606 1857 1702 1889 paena
1726 1873 1737 1889 ‚
1762 1851 1826 1882 cum
1854 1864 1911 1884 non
1927 1851 1963 1892 fit
1983 1858 2017 1885 in

202 1904 290 1931 vitiis
309 1898 510 1940 superbientes
526 1922 535 1936 ,
573 1902 682 1940 quanto
698 1898 771 1941 sunt
791 1902 911 1933 dinotet
934 1926 948 1941 ,
975 1901 1094 1934 volunt}
1120 1896 1220 1946 imora
1233 1900 1440 1943 negligentiae,
1462 1897 1519 1940 sed
1534 1900 1683 1931 violentiae
1707 1925 1713 1931 -
1754 1904 1820 1934 Nec
1839 1913 2016 1944 quocumque

203 1950 286 1980 dotes
315 1960 464 1981 maiores.
492 1951 542 1979 Ita
563 1950 599 1980 de
619 1947 699 1986 statu
726 1952 886 1993 Religionis
902 1974 912 1988 ,
939 1951 1021 1992 quast
1042 1936 1095 1984 dei
1120 1948 1239 1993 modo.
1269 1951 1355 1992 ‚Quia
1375 1948 1411 1987 est
1433 1958 1534 1981 contra
1558 1950 1650 1991 legem
1671 1951 1837 1983 naturalem
1853 1977 1861 1991 ‚
1883 1959 2017 1994 privant

195 1998 275 2038 statu
298 1998 443 2028 mundani
468 1996 565 2038 sponfi
575 1999 749 2037 judicantes
762 2023 769 2029 .
799 1999 840 2032 Et
856 1999 928 2031 talis
952 2001 1077 2033 exactio
1120 1995 1285 2042 {hominem
1292 1998 1442 2037 facultate
1455 1997 1631 2039 disponendi
1642 1997 1748 2040 defuis
1760 2000 1846 2034 honis
1864 2027 1870 2033 .
1901 2003 2014 2036 Palam

200 2051 242 2080 eli
269 2045 436 2079 manifeste
462 2046 588 2088 peffima
613 2047 760 2079 simonia
788 2071 795 2078 .
837 2048 878 2081 Et
899 2048 1012 2082 omnia
1038 2049 1078 2082 ab
1121 2044 1250 2081 'scribit
1268 2047 1304 2080 'in
1329 2046 1453 2091 Legem
1476 2058 1591 2081 manus
1613 2059 1769 2088 mormae,
1797 2063 1867 2093 quae
1887 2054 2016 2087 tuncIn

200 2098 360 2139 opulento
381 2095 585 2129 Monaiterio
608 2097 689 2129 faeta
721 2099 850 2131 exastio
878 2098 1077 2139 praesumitur
1139 2097 1334 2139 quibusdam
1358 2097 1550 2140 regionibus
1563 2099 1648 2131 nasci
1670 2111 1810 2142 coeperat
1825 2125 1832 2133 .
1863 2102 2016 2136 Affirmat

200 2145 382 2180 istiusmodi
405 2170 414 2184 ‚
443 2145 500 2178 nifi
535 2145 639 2187 palam
662 2144 737 2178 adiit
763 2146 908 2190 legitime
937 2158 1077 2189 purgans

201 2199 318 2230 titulus
342 2195 458 2227 .Hinc
480 2196 583 2237 pergit
612 2195 792 2236 sylvester:
819 2199 1078 2239 Circaingreffum

203 2248 363 2288 Religionis
378 2269 387 2282 ‚
412 2246 445 2277 (9
471 2249 561 2275 etiam
581 2250 659 2277 circa
684 2253 893 2286 promotionem
915 2249 958 2279 ad
979 2250 1076 2281 Eccle-

196 2295 339 2337 fiasticam
362 2296 540 2337 dignitatem
571 2295 666 2327 multa
685 2292 757 2337 sunt
786 2298 952 2329 simoniaca
978 2297 1065 2339 secun

202 2347 272 2378 ditm
297 2345 452 2384 Dodhres,
490 2354 555 2385 quae
582 2346 785 2388 intelliguntur
819 2347 871 2379 vel
885 2346 1075 2389 praesumpti-

203 2398 243 2428 ve*
267 2395 409 2436 quamam
432 2396 475 2425 ad
489 2393 596 2434 forum
621 2396 829 2437 contentiosum
853 2421 863 2436 ‚
890 2399 944 2429 vel
960 2403 993 2429 in
1012 2410 1062 2431 con

1140 2146 1296 2179 Eccleiias
1318 2157 1355 2179 ac
1377 2146 1577 2180 Monasteria
1602 2159 1654 2190 per
1680 2151 1779 2190 ipsam
1804 2161 1869 2183 non
1896 2152 2016 2193 privari

1139 2195 1356 2239 suisjuribus:
1385 2194 1463 2228 hinc
1476 2195 1626 2239 deipsis,
1653 2209 1695 2231 ne
1711 2199 2017 2241 penitusexcidan13

1139 2246 1232 2290 poffit
1244 2246 1374 2289 transigi
1387 2245 1577 2288 &stipulati
1591 2271 1598 2278 .

1189 2297 1313 2329 Eadem
1333 2296 1374 2329 de
1398 2306 1430 2328 re
1453 2296 1562 2330 scribit
1587 2297 1619 2330 in
1644 2299 1816 2333 aiioloco:
1846 2302 2018 2344 ,Qum-itur,

1137 2347 1238 2380 utrum
1273 2346 1349 2378 bona
1381 2349 1574 2387 ingredientis
1606 2349 1809 2388 Monafieri‘um
1839 2358 2014 2391 pertineant

1137 2398 1180 2429 ad
1195 2397 1275 2429 illud
1288 2396 1304 2427 ἓ
1331 2399 1376 2428 Et
1397 2407 1451 2437 quo
1462 2398 1534 2435 jure
1555 2399 1567 2430 ‚2
1594 2401 1639 2431 Et
1660 2401 1721 2431 dico
1745 2402 1823 2441 quod
1842 2409 2005 2441 pertinent.

200 2444 325 2487 scientia
338 2469 347 2483 ‚
387 2443 411 2484 fi
439 2443 582 2476 habeatur
617 2442 763 2486 respec‘lus
787 2458 844 2479 non
863 2447 907 2478 ad
923 2448 1037 2480 vitium
1063 2472 1072 2487 ‚
1118 2434 1121 2455 Ι
1137 2450 1205 2490 ‚Quo
1225 2449 1296 2479 vero
1310 2449 1379 2486 jure
1396 2455 1591 2486 pertineant,
1632 2449 1669 2488 est
1689 2461 1798 2492 magna
1821 2449 2013 2491 controverfict

201 2494 259 2537 sed
279 2497 322 2526 ad
345 2493 437 2536 ipsum
460 2495 611 2536 ingressum
624 2518 634 2533 ,
656 2494 719 2535 five
739 2498 929 2530 elevationem
951 2500 994 2530 ad
1009 2501 1062 2531 Cle
1118 2493 1213 2530 {inter
1245 2497 1383 2528 Doe‘lores
1407 2498 1440 2528 (9'
1466 2498 1637 2537 Gloffatores
1649 2502 1742 2542 Juris
1778 2502 1890 2532 civilis
1911 2523 1920 2532 .
1956 2505 2012 2533 Dic

204 2551 327 2577 ricatum
352 2566 358 2573 .
398 2544 595 2585 Purganti-m
620 2545 751 2576 titulum
773 2548 903 2580 adducit
931 2549 970 2580 ad
1008 2559 1074 2581 ver·
1118 2541 1241 2580 ‘verius
1264 2548 1332 2588 effe,
1361 2547 1439 2587 quod
1453 2547 1524 2584 jure
1538 2545 1710 2588 succeffionis
1734 2574 1740 2581 .
1780 2548 1932 2592 Tamenfi
1952 2553 2011 2583 lae-

205 2594 283 2627 bum
298 2617 308 2632 ,
333 2594 462 2634 Religio,
491 2592 557 2625 haec
582 2593 721 2627 scribens
746 2607 757 2627 .·
794 2598 909 2637 siquis
934 2598 1071 2637 Monafie-
1131 2595 1198 2639 sum
1215 2596 1312 2638 fuerit
1331 2596 1552 2634 Monasi'erium,
1579 2603 1689 2638 poterit
1709 2599 1843 2639 restitui,
1869 2603 1915 2632 ad
1930 2600 2012 2641 fimi-

203 2652 281 2675 rium
299 2645 462 2686 ingreditur
483 2644 598 2674 condito
621 2644 787 2682 testamento
812 2670 822 2684 ,
859 2653 891 2678 in
925 2658 978 2688 quo
997 2648 1076 2681 nihil
1117 2648 1292 2690 ilitudinem
1313 2650 1434 2678 minoris
1471 2669 1478 2676 .
1517 2646 1620 2693 Qod
1655 2648 1797 2682 omnino
1818 2660 1928 2684 verum
1962 2652 2009 2685 est

203 2694 323 2735 reliquit
349 2691 522 2732 Monasterio
542 2716 552 2731 ,
585 2690 641 2734 secl
663 2692 811 2727 haeredem
833 2704 1006 2730 extraneum
1025 2703 1073 2729 in-
1117 2697 1234 2735 §etiarn
1256 2697 1296 2730 de
1322 2694 1590 2728 traniastionibus
1613 2697 1702 2741 super
1724 2701 1892 2743 profeffuri
1918 2700 2012 2734 haere-

198 2743 318 2784 stituit,
344 2740 380 2782 est
393 2743 650 2785 distinguendum.
678 2744 808 2784 Namsi
826 2755 954 2787 tempore
965 2746 1075 2791 ingres-
1117 2746 1234 2780 {ditae
1255 2770 1265 2785 ,
1294 2756 1373 2788 quas
1396 2744 1441 2778 ob
1461 2756 1578 2779 manus
1600 2758 1735 2782 mortuae
1772 2750 1897 2794 Legem
1920 2750 2011 2794 cogi-

200 2792 273 2837 sus,
298 2793 477 2834 nullafalla
500 2799 644 2825 mentione
675 2794 711 2825 de
738 2795 925 2835 testamento,
952 2796 1074 2839 expres-
1117 2808 1207 2854 imur
1233 2795 1332 2829 inire.
1364 2794 1487 2828 Verum
1512 2796 1546 2829 in
1572 2796 1799 2841 Regmnibus,
1827 2799 1881 2833 ubi
1907 2801 2010 2833 istius-

205 2845 238 2876 .σὲ
267 2842 388 2875 contulit
434 2842 602 2882 Monasterio
635 2842 709 2875 bona
745 2842 803 2886 sun
834 2852 867 2877 in
917 2853 1076 2880 continenti

202 2893 262 2934 post
283 2891 504 2932 testamentum,
534 2903 590 2924 non
613 2901 730 2925 revocat
752 2896 854 2935 illud,
882 2907 932 2930 nec
957 2898 1009 2929 illa
1031 2898 1075 2930 bo-

206 2954 245 2975 na
264 2951 348 2975 erunt
371 2942 560 2982 Monasterii‚
583 2940 639 2983 sed
667 2943 864 2985 praesumitur
890 2948 942 2979 illa
964 2949 1077 2980 collatio

200 2991 288 3033 fat‘la
308 2994 352 3023 ad
371 3001 483 3033 tempus
508 2991 651 3034 vitaesuae
665 3018 672 3026 .
703 2995 785 3036 ,Quia
810 3007 867 3027 non
881 2998 1001 3029 videtur
1011 3003 1075 3039 quis

207 3047 395 3074 incontinenti
418 3054 548 3074 animum
567 3052 700 3075 mutare.
732 3047 762 3076 si
783 3048 853 3077 vero
876 3046 924 3079 hoe
939 3046 1019 3087 feeit
1042 3059 1078 3079 ex

207 3094 364 3124 imeri-ailo
379 3092 439 3134 post
461 3093 607 3125 conditum
643 3091 858 3131 Testamentum
880 3120 889 3134 ,
923 3095 1079 3139 praesumi-

209 3150 256 3173 tur
278 3143 393 3182 mutaffe
413 3154 546 3174 animum
560 3143 671 3183 favore
688 3144 872 3187 Religionis:
902 3148 934 3179 δ’
953 3146 991 3186 fis
1004 3159 1077 3179 rum—

206 3196 292 3232 pitur
311 3189 531 3228 testamentum.
557 3196 599 3224 Et
623 3194 675 3225 illa
696 3194 772 3226 bona
792 3205 879 3227 erunt
903 3195 1078 3236 Monasteri'i.

210 3242 336 3272 sivero
360 3251 414 3272 non
446 3246 564 3275 contulit
586 3241 723 3284 expresie*
753 3268 763 3284 ‚
798 3246 963 3279 remanebit
995 3246 1077 3285 tella·

210 3299 362 3327 mentum,
390 3289 422 3321 (θ’
443 3293 643 3331 Monasterium
660 3292 844 3335 solummodo
881 3305 961 3337 petet
990 3295 1079 3339 suam

188 3348 390 3381 -pmwnem,
420 3340 507 3371 aliter
531 3345 622 3383 quim
651 3347 815 3385 rumpendo
841 3346 1046 3385 testamentum
1073 3370 1079 3378 .

213 3389 260 3422 Ita
281 3394 377 3420 docet
397 3399 436 3420 ex
465 3389 611 3424 Antonio
632 3394 670 3425 de
704 3394 819 3428 Butrio
844 3421 850 3428 .
889 3397 929 3429 Et
963 3395 1045 3429 ῐεέῖὲ
1075 3421 1080 3427 .

217 3438 317 3485 de
341 3440 426 3470 enim
453 3438 553 3471 homo
575 3443 770 3482 opulentus,
796 3443 875 3481 dum
898 3446 1081 3491 ingreditur

313 3487 421 3528 christ.
436 3491 515 3530 Lupi
526 3492 623 3529 Opera
633 3493 711 3525 Tom.
723 3495 780 3526 XI.

1118 2847 1227 2906 ‘modi
1251 2845 1439 2889 quaestiones
1462 2845 1734 2891 dirimunturiper
1759 2849 1863 2893 Regia
1885 2849 2009 2883 Tribu-

1118 2897 1223 2929 inalia
1244 2921 1254 2937 ,
1281 2897 1340 2929 erit
1359 2893 1493 2930 difficile
1524 2898 1653 2939 perduci
1681 2899 1854 2933 adfelicem
1887 2900 2010 2934 senten-

1118 2932 1234 2980 itiam.
1262 2947 1457 2980 Notandum
1488 2945 1531 2977 est
1570 2971 1580 2986 ,
1609 2948 1642 2980 ὅ(
1680 2950 1719 2982 ad
1751 2947 1815 2983 hoc
1839 2949 1972 2984 verbum
1997 2974 2010 2992 ,

1138 2998 1290 3036 simonia,
1316 2997 1470 3038 sylvestri
1491 2996 1728 3032 documentum
1754 3013 1760 3031 :
1786 3002 1831 3031 Et
1860 3002 1970 3034 revera
1997 3023 2011 3040 ,

1120 3069 1122 3071 .
1132 3045 1162 3088 Ji‘
1178 3052 1303 3079 intentio
1315 3045 1354 3087 fit
1372 3056 1466 3088 pura,
1499 3046 1651 3080 laudabile
1673 3049 1709 3089 est
1725 3055 1840 3093 exigere
1862 3052 1882 3081 ἃ
1909 3052 2010 3084 volen-

1119 3097 1219 3154 'tibus
1246 3098 1386 3140 ingredi,
1413 3096 1523 3129 vic‘ium
1539 3121 1547 3134 ,
1575 3099 1693 3138 quando
1716 3100 1924 3140 Monasterium
1947 3113 2011 3133 ma-

1121 3156 1123 3188 j
1132 3149 1228 3187 jorem
1251 3158 1402 3179 numerum
1426 3157 1481 3177 non
1507 3146 1598 3187 potest
1636 3151 1782 3183 commode
1813 3149 1975 3192 sustentare
1999 3174 2009 3183 .

1120 3209 1123 3241 ᾗ
1142 3198 1227 3240 ,Quia
1250 3197 1399 3229 dilatatur
1424 3200 1477 3228 Dei
1498 3197 1615 3237 cultus,
1642 3200 1675 3231 Θ
1694 3194 1851 3243 servorum
1873 3203 1938 3241 ejus
1960 3210 2011 3233 nu·

1121 3249 1239 3287 imerus
1265 3257 1408 3289 augetur.
1439 3247 1521 3289 Agit
1542 3247 1582 3280 de
1605 3246 1798 3283 Canouibus
1818 3274 1829 3290 ‚
1856 3250 2012 3283 mandan-

1122 3296 1227 3329 ³tibus
1249 3299 1286 3329 ad
1314 3295 1553 3328 Monasterium
1578 3307 1643 3330 non
1666 3300 1766 3342 recipi
1790 3301 1880 3343 supra
1902 3310 2012 3333 nume-

1123 3340 1126 3380 ἒ
1143 3357 1229 3385 rum,
1255 3346 1311 3389 qui
1325 3346 1417 3388 possit
1438 3345 1479 3379 ab
1492 3346 1562 3389 ipfis
1576 3345 1923 3383 honestealimentari.
1950 3349 2013 3383 Af-

1124 3425 1127 3437 2
1142 3397 1245 3430 firmat
1260 3398 1364 3439 plui-es
1379 3398 1670 3438 iupernumei·.·2rios
1682 3401 1768 3442 posse
1785 3398 1915 3433 admitti
1936 3408 2013 3434 cum

1121 3440 1311 3487 iexactione
1324 3446 1427 3481 dotis.
1455 3445 1499 3481 Et
1521 3447 1612 3482 istam
1636 3449 1838 3484 exactionem
1863 3450 1924 3481 effe
1947 3459 2017 3485 non

1609 3496 1646 3529 H
1844 3497 1969 3535 dumta-
