2366 3736
375 97 468 146 346
961 76 1598 130 Drsstnrkrro

323 172 423 215 igitur
451 167 603 204 Domino
633 168 730 207 Deo,
756 165 813 209 qui
835 175 875 201 ex
899 177 999 209 parvo
1019 166 1200 201 maximum
1265 165 1326 200 fint
1350 167 1462 202 omnia
1482 191 1494 209 ,
1520 177 1589 211 quae
1615 166 1717 210 ipsam
1738 166 1857 211 poffint
1884 164 2060 205 distrahere
2083 177 2143 206 aut

321 224 467 260 fecerat,
492 218 624 253 studens
646 228 713 251 non
724 216 949 260 effeingratus
962 240 974 256 ‚
989 217 1201 253 festivitatem
1266 215 1409 251 turbare.

319 273 354 306 ὅ(
382 269 614 315 ptoceffionem
648 266 837 300 zelosxffime
874 266 1038 308 promovit
1062 277 1116 310 per
1133 277 1201 301 om·
1317 266 1469 310 synodus
1493 267 1615 312 pergit.
1642 272 1710 301 Nec
1736 269 1776 301 Β.
1792 271 1923 312 Virginis
1942 283 1955 310 ·,
1971 278 2024 304 aut
2046 265 2144 311 cujus·

322 333 399 361 nem
418 319 650 356 Germaniam.
678 316 722 352 Et
744 317 753 350 i
759 317 835 360 pse,
861 316 974 360 &ejus
982 316 1200 353 successores.
1262 316 1335 351 libet
1358 317 1479 351 alterius
1499 316 1621 359 SanRi,
1643 319 1744 360 piures
1764 330 1856 362 quam
1867 323 1960 362 imago
1968 331 2028 354 una
2041 317 2140 362 unius:

1263 365 1400 410 cujusque
1421 367 1663 409 circum-feratur
1682 391 1692 407 ‚
1719 379 1755 402 ne
1776 369 1939 402 videamur
1954 382 2082 414 magnas
2106 371 2142 405 θ

1259 423 1378 457 parvas
1400 442 1411 458 ‚
1435 420 1531 452 cultas
1555 420 1589 452 G*
1610 421 1738 452 incultas
1763 418 1880 459 statuas
1898 417 2045 462 suspicere
2067 442 2079 459 ‚
2105 421 2141 459 (3

1262 476 1318 499 non
1339 465 1457 510 sursum
1478 477 1575 502 mente
1594 473 1626 500 in
1644 468 1746 501 coelum
1761 467 1907 510 subdubia
1925 480 1987 503 rem
1990 467 2141 512 fignifica-

1263 524 1327 549 tam
1342 518 1443 558 potius
1465 524 1603 562 cogitare.
1633 518 1749 552 Sancta
1774 518 1983 553 Coloniensis
1998 519 2143 555 Ecclesia.

1262 566 1295 599 in
1331 568 1385 600 sua
1418 568 1504 603 sacra
1526 566 1746 611 Theophoria
1775 568 1960 603 circumfert
1991 579 2107 602 omnes
2126 592 2140 611 ,

1263 617 1356 651 sacris
1375 614 1479 652 thecis
1499 618 1847 659 iuclusas&ornatas,
1872 619 2064 655 Sanstorum
2076 619 2141 652 Re-

1262 666 1377 709 liquias
1389 691 1397 701 .
1427 668 1559 713 Qaevis
1571 668 1770 712 Collegialis
1781 667 1915 702 Basilica
1927 693 1938 710 ,
1950 669 2066 711 quaevis
2078 667 2142 703 Pa·

1260 716 1414 750 rochialis
1437 717 1579 752 Ecclesia
1599 741 1610 757 ,
1643 729 1744 753 omne
1765 717 2004 753 Monasterium
2035 717 2141 754 defert

1262 768 1350 801 suas.
1377 765 1560 802 Piiffimum
1584 768 1617 803 &
1636 767 1900 811 jucundiffimum
1913 767 2137 813 spectaculum.

1260 816 1341 850 Non
1375 816 1420 852 ita
1454 829 1563 852 tamen
1586 817 1772 852 circumfert
1805 828 1919 853 omnes
1946 819 2138 854 Sanstorum

1260 859 1438 912 lmagine‘s.
1467 867 1650 911 Cujuslibet
1671 879 1739 902 non
1764 868 1822 902 nisi
1847 870 1977 903 unicam
1992 892 2001 900 .
2029 869 2072 903 Et
2093 879 2140 902 re·

1257 915 1323 951 ae.
1350 917 1463 952 Plures
1485 919 1574 952 enim
1599 917 1740 961 eJusdem
1763 918 1870 953 Sancti
1895 919 1929 953 in
1943 918 2057 953 eadem
2069 928 2142 965 pro-

1258 967 1397 1005 cessione
1429 968 1593 1014 Imagines
1614 992 1626 1009 ‚
1662 969 1739 1002 licet
1771 980 1838 1002 non
1865 968 1978 1004 nostro
1998 966 2141 1012 fimplici

1259 1017 1382 1061 populo
1400 1041 1412 1058 ,
1437 1027 1548 1052 tamen
1569 1017 1766 1053 Lutheranis
1788 1018 1864 1052 dare
1887 1019 2005 1063 posfint
2028 1019 2140 1053 ansam

1257 1068 1477 1113 malignarum
1491 1067 1734 1113 cogitationum
1745 1094 1752 1102 .
1783 1067 1965 1104 Lutherani
1977 1068 2066 1104 enim
2077 1067 2141 1102 haeq

1257 1128 1328 1151 rent
1350 1118 1523 1153 carnaliter
1541 1118 1576 1151 in
1597 1118 1718 1164 signis,
1741 1114 1907 1163 nequeunt
1930 1130 2075 1153 mentem
2098 1114 2141 1152 ad

1258 1167 1435 1212 significata
1458 1167 1608 1210 attollere
1623 1193 1630 1202 .
1656 1169 1788 1203 Deinde
1814 1169 1994 1212 aliquando
2015 1166 2141 1203 audivi-

1258 1229 1329 1251 mus
1363 1218 1448 1261 ipsos
1470 1216 1668 1252 Catholicos
1693 1218 1734 1252 de
1768 1218 1921 1252 similium
1949 1217 2142 1261 imaginum

1258 1268 1465 1312 praerogativa
1485 1268 1668 1302 animaliter
1698 1267 1913 1311 disceptantes
1935 1291 1947 1308 ,
1974 1278 2049 1302 cum
2072 1264 2145 1300 Ad«

1259 1318 1468 1352 versariorum
1489 1319 1552 1352 risu
1573 1318 1607 1352 δι
1620 1316 1773 1356 scandalo
1785 1318 1975 1362 pufillorum
1990 1339 1999 1350 .
2027 1314 2143 1353 Plures

1257 1378 1369 1403 tamen
1404 1368 1555 1404 Ecclesia:
1582 1379 1721 1412 pergunt
1755 1368 1967 1404 circumferre
1999 1366 2147 1410 ejusdem.

1258 1418 1356 1452 etiam
1390 1418 1498 1454 Sansti
1530 1418 1636 1462 plures
1663 1418 1832 1463 Imagines
1857 1444 1864 1452 .
1893 1415 1996 1466 Qod
2024 1414 2143 1460 nempe

1260 1471 1413 1512 ignorent
1435 1469 1565 1512 praefata
1589 1468 1823 1503 incommoda.
1853 1468 1993 1503 Ecclesia
2017 1465 2143 1502 Catho-

1259 1519 1320 1553 lica
1341 1518 1387 1553 est
1411 1518 1542 1563 Regina
1566 1519 1807 1553 circumamiiia
1828 1517 2042 1559 'varietatibus
2061 1530 2069 1550 ε
2099 1514 2153 1556 Ε(

515 414 1008 453 CAPUT‘V.

346 525 390 555 An
411 524 445 551 in
463 515 805 561 sacris.Proceffionibus
828 541 839 558 ‚
867 529 934 559 quae
958 515 1175 560 Sacrosane‘lum

378 572 600 604 sacramentum
620 567 741 600 circum-
756 566 864 611 farrum
888 591 899 607 ,
923 568 999 602 reik*
1021 569 1140 602 circum·

439 618 586 663 ferantur
603 623 694 650 etiam
712 615 809 660 sacrae
829 617 1001 651 sanaorum
1020 621 1076 652 Re-

581 669 683 711 liquit
704 670 756 701 aut'
769 672 912 712 lmagines,
925 668 941 702 ἓ

411 769 545 805 Uidam
569 768 670 803 hodie
689 776 808 811 negant
824 793 831 801 .
860 767 902 802 Et
923 767 1026 802 edunt
1050 767 1198 811 strepitus

433 832 470 855 ac
493 829 603 855 motus
621 844 628 851 .
649 818 694 852 Et
713 817 897 861 adjungunt
925 818 1103 851 rationem:
1132 823 1198 851 Nec

311 872 432 912 aliquas
464 869 635 903 sanc‘lorum
657 868 845 901 venerandas
870 869 1024 910 Reliquias
1045 876 1100 900 aut
1120 872 1196 900 Ima-

306 926 395 964 giner
420 945 431 960 ,
452 926 548 953 etiam
571 921 611 951 B.
635 922 745 951 Mariae
768 922 900 961 Virginis
924 943 933 958 ‚
958 929 1025 951 cum
1047 916 1108 960 ipso
1125 916 1193 961 san-

308 970 419 1010 Htffimo
449 972 634 1002 Sacramenta
657 967 814 1009 conferant
828 993 839 1008 ,
864 978 916 1001 aut
927 967 1110 1008 circumferri
1126 977 1192 1010 per·

308 1025 434 1054 mittant
456 1044 466 1060 ‚
493 1028 526 1052 ut
543 1020 646 1061 populi
672 1030 730 1051 non
753 1017 937 1056 distrahatur
971 1020 1015 1051 ad
1033 1020 1124 1060 plura
1148 1019 1197 1052 de-

307 1075 408 1112 votio,
433 1071 467 1103 (7
487 1077 520 1103 ut
543 1074 596 1102 uni
613 1067 668 1111 s⁰l¹
690 1073 750 1102 Deo
763 1092 774 1108 ,
799 1073 845 1101 cui
867 1068 986 1102 debetur
1007 1080 1040 1101 m
1056 1067 1195 1111 solidum,

299 1117 372 1165 suus
394 1121 538 1153 reddatur
557 1119 646 1152 bonor
670 1120 702 1152 <w
727 1120 848 1162 gloria.
877 1118 1074 1162 Respondeo
1085 1128 1193 1152 tamen

307 1171 407 1213 longe
432 1169 523 1204 aliud
548 1169 705 1202 censuisse
732 1178 770 1202 ac
803 1168 941 1202 sanxisse
965 1167 1129 1202 laudatam
1153 1169 1194 1202 A·

305 1218 424 1262 dolphi
452 1219 658 1253 Coloniensis
702 1217 951 1261 Archiepiscopi
985 1218 1157 1260 synodum
1187 1243 1193 1251 .

304 1269 438 1303 Etenim
459 1269 619 1313 postrema
646 1269 701 1302 sua
725 1266 817 1302 verba
841 1291 851 1308 ,
876 1268 1090 1302 (mirantibus
1112 1267 1194 1311 disci-

301 1319 384 1360 pulis
408 1344 419 1360 ,
443 1329 672 1354 commentans
698 1318 922 1362 prosequitur:
950 1319 1196 1363 Quamobrem&

303 1371 356 1401 55.
379 1371 538 1412 Reliquias
564 1393 575 1409 ,
601 1370 635 1402 (9
655 1373 803 1412 Imagines
835 1378 933 1402 eorum
955 1393 966 1408 ,
995 1374 1046 1412 qui
1071 1369 1195 1412 vestigia

306 1421 371 1459 esus
390 1418 482 1462 secuti
497 1418 572 1462 sunt
596 1443 606 1458 ‚
627 1417 716 1458 fimul
736 1418 973 1460 circumferimus
998 1443 1009 1459 ‚
1030 1416 1193 1463 significan·

302 1480 347 1502 ies
373 1470 436 1504 illos
459 1479 536 1502 nunc
553 1479 616 1501 cum
639 1466 700 1511 ipso
723 1480 851 1512 regnare
882 1471 917 1503 Θ
951 1469 1136 1511 triumphare
1164 1474 1196 1502 in

300 1520 379 1553 coelis
404 1544 411 1551 .
451 1522 532 1563 ,Quae
565 1526 703 1553 memoria
735 1518 822 1552 debet
840 1523 903 1560 piis
924 1519 976 1561 effe
993 1520 1135 1560 „iucunda
1161 1521 1195 1552 (ν

300 1569 397 1604 leta.
425 1571 578 1604 Affirmat
599 1569 687 1602 varia
716 1593 724 1600 .
751 1568 865 1601 Primo
887 1592 898 1607 ,
924 1568 1014 1608 quod
1040 1570 1074 1602 in
1100 1568 1196 1602 sacris

301 1619 559 1662 processionibus
581 1617 665 1651 reste
691 1617 937 1651 circumferatur
951 1617 1194 1653 Sacrosanaum

304 1669 520 1702 Eucharistiae
547 1669 794 1703 Sacramentum
806 1691 814 1700 .
841 1667 960 1701 Sanxit
978 1669 1068 1701 enim
1085 1670 1118 1702 in
1133 1669 1194 1702 Lu-

302 1718 515 1752 theranorum
538 1717 765 1766 impietatem,
789 1726 888 1758 quam
915 1717 1070 1760 Augustae
1095 1728 1195 1760 patra-

303 1780 369 1802 tam
393 1768 482 1811 supra
505 1767 711 1800 audivimus.
739 1766 856 1800 sanxit
881 1775 924 1799 ex
951 1764 1107 1799 mandato
1130 1765 1194 1800 Im·

303 1819 459 1861 peratoris
500 1816 613 1852 Caroli
651 1816 693 1849 V.
723 1814 781 1848 ista
814 1815 981 1858 impietate
1012 1815 1196 1860 gravissima

302 1868 438 1902 offensi.
464 1867 616 1901 Secundo
639 1865 917 1908 affirmat,›qu0d
942 1865 999 1899 ista
1020 1866 1197 1910 circumge-

304 1918 401 1953 statio
430 1916 525 1952 nobis
550 1917 749 1960 repraesentet
776 1915 863 1949 varia
894 1914 1019 1950 Christi
1044 1916 1197 1949 'Domini

306 1981 366 2012 pro
385 1968 494 2002 nostra
517 1968 618 2001 salute
641 1967 776 2001 itinera.
804 1963 953 2006 Tertio,
979 1965 1070 2009 quod
1091 1967 1197 2000 Sacra·

307 2030 422 2052 mento
456 2018 568 2062 paffirn
597 2017 631 2052 ἀ
668 2014 756 2051 reae,
768 2015 991 2060 adjungantur
1011 2015 1200 2050 veneranda

308 2070 362 2104 SS.
390 2069 555 2113 Reliquiae-
573 2079 610 2102 ac
632 2066 818 2111 Imagines.
846 2066 1001 2111 Qarto,
1026 2065 1116 2110 quod
1142 2066 1199 2100 ista

309 2120 472 2163 adjunctio
497 2130 562 2152 non
588 2128 693 2152 careat
714 2114 915 2150 rationibus.
945 2116 1078 2150 Etenim
1099 2115 1198 2150 nobis

311 2167 657 2212 repraesentatsChristi
685 2167 828 2200 Domini
851 2166 1032 2209 discipulos
1054 2191 1065 2206 ,
1093 2166 1198 2209 ipsum

312 2220 393 2260 olim
420 2211 595 2252 comiiatos
621 2218 654 2250 in
682 2212 819 2261 praefatis
846 2215 1019 2251 itineribus
1041 2240 1052 2256 ,
1077 2217 1110 2250 &
1135 2215 1199 2257 jam

314 2270 531 2310 comitantes,
560 2279 597 2301 ac
626 2278 681 2309 per
701 2276 836 2300 omnem
863 2266 1076 2301 aeternitatetn
1101 2266 1202 2300 comi-

313 2329 439 2354 taturos
476 2311 512 2351 fn
550 2317 743 2359 sempiterna
769 2316 876 2359 gloria
898 2339 905 2348 .
932 2316 1016 2363 Qae
1042 2317 1199 2350 memoria

313 2367 469 2404 omnibus
491 2366 552 2410 piis
571 2366 615 2399 est
641 2366 795 2399 veraciter
807 2365 951 2408 jucunda
965 2377 1001 2398 ac
1016 2365 1108 2406 laet23
1125 2364 1203 2399 Piis-

314 2422 393 2454 fima
411 2430 449 2452 ac
476 2416 706 2460 jucundiffima
727 2427 783 2459 per
802 2426 936 2451 omnem
969 2414 1202 2459 proceffionem

315 2469 506 2504 meditatio.
598 2494 600 2498 .

370 2520 412 2553 Et
435 2517 514 2551 hinc
535 2516 688 2560 Synodus
709 2514 876 2550 reetiffime
902 2515 1054 2558 adjunxit
1075 2529 1086 2549 .-
1113 2513 1206 2548 Nihil

313 2572 409 2613 prope
444 2576 508 2601 tam
534 2565 674 2610 sanHum
695 2566 734 2608 est
757 2591 767 2607 ,
800 2566 881 2607 quod
897 2564 1090 2608 saeeularium
1111 2565 1203 2597 homi·

318 2632 390 2654 num
412 2623 539 2653 vanitas
561 2629 619 2650 non
640 2616 744 2650 trabat
765 2621 797 2649 in
815 2614 938 2658 abusum
951 2640 958 2648 .
985 2616 1027 2650 Et
1051 2616 1108 2652 ista
1133 2625 1202 2649 eve-

320 2671 371 2706 nit
395 2668 480 2703 circa
503 2667 594 2700 istam
619 2667 706 2710 piam
726 2677 763 2700 ac
784 2664 962 2708 jucundam
989 2665 1203 2700 memoriam.

322 2724 400 2753 Hinc
418 2717 575 2762 saecularis
589 2716 743 2757 stultorum
767 2715 915 2749 bominum
940 2722 1067 2750 vanitas
1078 2714 1205 2757 irrepfit,

321 2773 356 2805 (vs
381 2768 563 2802 adhibemur
591 2772 684 2800 etiam
716 2766 781 2799 ludi
799 2765 948 2807 prophani
966 2792 977 2808 ,
1016 2768 1049 2800 ὦ*
1068 2764 1204 2808 scurriles

321 2831 427 2863 magno
444 2818 569 2860 strepitu
593 2840 603 2857 ,
641 2817 676 2851 cb·
697 2814 783 2857 quasi
795 2818 840 2849 ad
858 2815 966 2849 bellum
986 2816 1206 2858 procedendum

322 2870 389 2913 effet
411 2893 422 2908 ,
448 2877 589 2909 tympana
610 2864 771 2909 pulsantur
804 2889 815 2907 ‚
855 2867 890 2899 6*
922 2867 1013 2912 otiosa
1039 2865 1207 2909 speciae-ula

323 2921 474 2959 eduntur,
499 2918 588 2951 rebus
610 2917 675 2957 istis
696 2928 753 2949 non
775 2920 964 2959 congruentia
988 2941 998 2957 ,
1025 2916 1132 2958 quibus
1157 2923 1208 2958 po·

324 2971 414 3012 palus
444 2968 609 3003 deleHatus
631 2968 652 2999 ἃ
674 2966 760 3000 rebus
784 2977 853 3006 quae
870 2966 1035 3007 proceffione
1055 2973 1207 3010 aguntur,

325 3028 471 3053 avocatur
495 3043 502 3051 .
544 3018 725 3050 Mandamus
755 3017 863 3049 idcirce
884 3039 894 3055 ‚
929 3024 962 3049 ut
989 3017 1085 3057 Juxta
1110 3009 1226 3052 Sacrael

326 3066 475 3111 casareae
496 3067 663 3108 Maiestatir
694 3066 963 3108 reformationem,
990 3067 1143 3108 quidquid
1152 3053 1229 3121 non}

327 3120 413 3154 valet
436 3118 478 3150 ad
497 3118 682 3151 devotionem
710 3117 925 3155 excitandam,
951 3117 971 3148 ἃ
992 3115 1230 3188 procefflonibus⁴

329 3177 518 3203 removeatur
540 3191 550 3207 ‚
573 3165 630 3209 sed
645 3166 704 3207 fini
723 3167 909 3209 proceffiones
930 3163 1087 3210 compofitTe
1108 3188 1118 3204 ‚
1141 3177 1212 3209 gra·
1270 3168 1319 3202 Iiae
1341 3168 1411 3199 Rex
1439 3162 1581 3207 praestitit
1611 3169 1644 3198 in
1675 3165 1927 3197 Sacramentarios
1961 3166 2118 3195 Haereticos
2139 3184 2161 3200 ,-

330 3231 387 3254 ves
412 3242 423 3258 ‚
448 3216 580 3257 modeflae
603 3241 610 3248 .
639 3216 737 3257 Abfint
759 3215 838 3260 risus
864 3241 875 3257 ‚
895 3217 976 3258 J'oci,
1001 3214 1214 3257 confabulatio·
1270 3227 1392 3259 quorum
1416 3213 1646 3258 Antofignanus
1668 3215 1703 3248 (5
1718 3218 1888 3255 praecipuus
1910 3218 2068 3244 innovator
2084 3210 2156 3254 fuit

331 3281 404 3303 nes.
433 3271 477 3302 Et
497 3275 581 3301 orent
602 3265 734 3299 homines
752 3291 762 3306 ‚
788 3275 841 3300 aut
858 3265 996 3310 suaviter
1018 3267 1105 3300 corde
1118 3267 1211 3301 &vo-
1273 3266 1431 3300 Calvinus
1456 3289 1464 3297 .
1487 3267 1603 3299 Eorum
1622 3263 1755 3296 nonnulli
1778 3287 1789 3303 ‚
1822 3273 1886 3295 cum
1910 3260 2005 3304 mense
2034 3259 2162 3306 ombri-

330 3329 361 3356 ιι
384 3319 569 3352 modulentur
587 3342 594 3350 .
621 3316 774 3350 Haereant
797 3318 832 3350 in
856 3316 915 3351 ista
936 3317 1050 3361 pia&
1070 3312 1213 3360 jucunda
1271 3319 1425 3360 praeterito
1446 3313 1578 3356 infames
1598 3313 1710 3347 libellos
1733 3313 1883 3346 adversus
1894 3314 2015 3345 sacram
2028 3309 2154 3353 Eucha-

329 3368 487 3407 memoria
510 3380 517 3403 z.
547 3366 599 3405 Ex
629 3367 696 3415 ipsa
721 3376 818 3417 erent
844 3377 900 3403 aut
935 3365 1074 3415 psallant
1096 3392 1104 3401 .
1143 3365 1214 3404 Ab·
1275 3366 1388 3411 rzstiam
1404 3386 1416 3406 ,
1449 3365 1484 3400 <r
1504 3370 1631 3412 receptes
1661 3367 1796 3409 antiquos
1819 3361 2066 3446 cbrssianoruztu
2075 3363 2155 3392 ritus

2067 3418 2108 3443 u·

1257 1668 1372 1712 ginum
1384 1669 1475 1702 simul
1486 1679 1562 1702 cum
1579 1669 1775 1713 sacrosancta
1790 1667 1992 1709 Eucharistia
2004 1668 2143 1704 circum·

1258 1720 1337 1751 latio
1359 1717 1404 1752 est
1428 1717 1562 1762 antiqua
1585 1718 1687 1760 pietas
1712 1718 1815 1752 totius
1841 1716 2040 1753 Germaniae.
2067 1717 2146 1751 Ete-

1259 1767 1327 1800 nim
1350 1765 1390 1801 de
1412 1767 1564 1801 Domino
1585 1766 1714 1810 Joanne
1740 1766 1875 1803 Adamo
1894 1793 1906 1809 ‚
1920 1766 2146 1812 >Mognntinae

1261 1814 1408 1848 Ecclefiae
1431 1814 1693 1858 Archiepiscopo
1708 1839 1720 1856 ,
1745 1815 1856 1853 scribit
1876 1815 1911 1852 in
1924 1816 2067 1858 ejusdem
2082 1814 2146 1857 Ec—

1259 1865 1362 1898 clesiae
1384 1863 1518 1899 historia
1545 1863 1707 1898 Nicolaus
1725 1863 1887 1900 serarius.-
1916 1862 2116 1907 D'iegpostero,
2133 1887 2150 1907 ,

1261 1914 1376 1960 Augusti
1397 1915 1507 1948 decimo
1528 1923 1635 1958 quarto
1647 1939 1659 1955 ,
1685 1914 1808 1949 Urbana
1828 1915 1955 1957 procefflo
1971 1916 1991 1949 ἃ
2006 1916 2091 1954 clero
2101 1922 2152 1957 tae

1235 2002 1239 2007 .
1260 1973 1288 1998 to
1307 1964 1431 2006 perucia
1454 1990 1462 1998 .
1490 1969 1638 1999 Intererat
1664 1965 1928 2005 Reverendtffimus
1947 1990 1959 2007 ‚
1988 1966 2022 1999 Θ
2047 1963 2150 2008 prisca

1261 2027 1338 2049 more
1361 2019 1464 2049 Variae
1485 2017 1535 2049 55.
1560 2015 1707 2058 Reliquiae
1731 2017 1765 2049 cb·
1790 2017 1938 2048 Protomae
1962 2039 1977 2056 ,
2004 2026 2070 2058 quq
2093 2015 2149 2050 dtu

1260 2067 1432 2106 latuerant,
1456 2076 1528 2099 cum.
1544 2064 1731 2110 Augustiffimo
1753 2064 1952 2107 Eucharistiae
1972 2059 2149 2105 Sacramen-

1262 2126 1290 2148 ιο
1312 2117 1490 2149 circumlatae
1507 2113 1578 2159 sunt
1591 2139 1599 2147 .
1627 2114 1752 2150 Lucide
1773 2115 1879 2156 dicite
1906 2113 2009 2159 Prisco
2031 2126 2110 2148 more
2137 2138 2146 2147 .

1264 2166 1392 2201 Laudat
1416 2166 1688 2201 non,solemnem
1711 2165 1745 2198 in
1772 2165 1895 2206 laudati
1923 2165 2070 2209 mysterii
2089 2165 2151 2199 Fe-

1263 2215 1404 2255 stivitate
1420 2215 1674 2259 proceffionem,
1702 2215 1757 2248 sed
1782 2216 1928 2250 votivam
1950 2216 1984 2250 δε
2007 2215 2150 2259 singula·

1264 2277 1351 2306 rem,
1378 2267 1497 2300 factam
1521 2265 1567 2300 ob
1591 2265 1817 2309 Indulgentias
1837 2266 1957 2300 datas&
1970 2265 2146 2300 Clemente

1265 2315 1356 2350 VIII.
1388 2315 1572 2350 Pontifice.
1601 2315 1691 2350 Idem
1709 2315 1854 2358 Scriptor
1875 2316 1910 2349 in
1923 2315 2094 2358 Opusculo
2107 2313 2149 2348 de

1263 2365 1366 2400 Sacris
1387 2363 1648 2400 Proceffionibus
1667 2375 1836 2399 enumerat
1852 2365 1966 2398 omnia
1993 2389 2004 2404 ,
2029 2362 2148 2405 quibus

1265 2415 1461 2450 Germanica
1488 2414 1628 2451 Ecclesia
1650 2413 1817 2448 consuevit
1839 2413 2016 2454 solemnem
2030 2411 2149 2447 Domi-

1267 2465 1332 2498 nici
1358 2465 1516 2508 Corporis
1535 2463 1818 2499 circumlationem
1843 2464 1878 2498 in
1900 2463 1966 2506 ejus
1989 2461 2071 2496 festo
2085 2461 2150 2496 ho-

1268 2525 1381 2548 norare
1401 2538 1409 2546 .
1449 2514 1494 2548 Et
1530 2514 1614 2550 inter
1643 2514 1708 2548 alia
1730 2514 1825 2556 ponit
1849 2514 1935 2548 varia
1961 2511 2148 2547 Dominicae

1267 2563 1424 2599 Paffionis
1445 2563 1661 2599 instrumenta
1685 2588 1692 2595 .
1714 2564 1866 2597 Affirmat
1893 2563 1960 2606 ipsa
1976 2562 2071 2597 simui
2085 2561 2147 2597 cit-

1266 2613 1419 2649 cumferri
1439 2639 1446 2646 .
1475 2611 1519 2647 Et
1548 2612 1682 2647 adducit
1710 2614 1838 2647 causam
1871 2625 1879 2645 :
1911 2610 2155 2656 [fiper-<sensae⁴

1266 2663 1342 2708 ipsos
1365 2668 1526 2698 excitentur
1547 2668 1675 2697 omnium
1695 2663 1738 2696 ad
1752 2661 1918 2705 salutarem
1952 2664 2034 2696 illius
2055 2673 2154 2703 rectora,

1267 2716 1442 2756 dationem,
1463 2711 1604 2756 ipfiusque
1621 2719 1672 2755 qui
1692 2714 1794 2756 passus
1813 2712 1852 2753 est
1868 2737 1880 2754 ‚
1903 2724 2056 2759 amorem,
2078 2713 2171 2755 laur..

1266 2766 1332 2799 dem
1348 2789 1358 2806 ,
1382 2766 1416 2801 (τ
1435 2765 1560 2801 cultum.
1589 2763 1748 2798 Germani
1772 2763 2031 2806 semetipsosjta
2049 2761 2152 2813 exci-

1267 2825 1338 2849 tant
1361 2814 1401 2848 ad
1431 2813 1630 2858 explendum
1651 2811 1793 2848 Domini
1821 2813 2055 2851 Mandatum-z
2074 2815 2152 2851 Hm

1268 2864 1362 2910 facite
1384 2870 1418 2899 in
1441 2876 1538 2898 mnam
1557 2868 1875 2907 commemorationem.
2083 2891 2087 2896 .
2114 2886 2119 2894 ι.
2148 2883 2150 2886 v

1319 2914 1442 2951 Eadem
1466 2913 1566 2958 pietas
1588 2914 1713 2957 semper
1729 2913 1835 2957 viguit
1849 2912 1882 2951 in
1904 2913 2076 2948 Gallicana
2089 2911 2150 2945 Ec-

1268 2965 1360 3001 clefia
1381 2990 1389 2998 .
1415 2964 1547 2999 Etenim
1567 2963 1608 2997 ad
1629 2963 1724 3007 elapfi
1750 2962 1853 2997 fieculi
1881 2975 2004 3006 annum
2029 2961 2152 3005 trigesi-

1269 3024 1359 3051 mum
1380 3015 1534 3058 quintum
1554 3012 1663 3049 scribit
1686 3013 1908 3048 Continuator
1930 3011 2160 3060 Eminentisli-‚

1269 3066 1315 3100 mi
1339 3063 1480 3099 Domini
1505 3064 1691 3099 cardinalis
1703 3064 1835 3098 caesaris
1846 3062 2005 3096 Baronii:
2029 3061 2153 3095 Lauda-

1270 3116 1325 3151 bile
1347 3116 1440 3150 valde
1457 3113 1494 3155 est
1509 3138 1521 3154 ‚
1537 3115 1618 3156 quod
1636 3118 1710 3148 anni
1728 3117 1877 3155 principio
1890 3111 2066 3154 Franciscus
2078 3111 2150 3152 Gal<

1095 3515 1116 3525 c«.

1257 1569 1391 1611 pacifica
1413 1567 1552 1603 charitas
1574 1569 1734 1612 permittit
1753 1578 2018 1612 unumquemque
2031 1569 2064 1601 in
2083 1567 2142 1601 suo
2162 1556 2235 1594 Lib·
2259 1568 2292 1604 ς·

1258 1619 1348 1653 sensu
1371 1617 1535 1653 abundare
1548 1642 1556 1650 .
1576 1620 1744 1654 Sacrarum
1768 1618 1995 1662 Reliquiarum
2010 1629 2047 1652 ac
2058 1617 2141 1659 Ima·
2161 1622 2189 1645 0·
2217 1616 2265 1643 20
