2366 3736
629 127 714 177 Dr.
749 130 1017 176 Stuouitt
1051 126 1621 175 MoNAsrcmoRum.

213 220 362 264 exempla
373 242 394 254 .,
409 216 502 252 Hinc
514 216 554 252 de
568 216 663 261 Rege
676 216 895 251 sannarum,
924 211 980 257 qui
1005 211 1096 246 Chil-

218 272 315 317 perici
337 280 472 314 regnum
487 294 497 309 ,
524 268 687 302 &Filium
711 264 921 304 Clotarium,
949 262 1094 307 puellum

155 360 160 365 ,
218 319 497 364 quadrimestrem,
536 318 571 351 in
593 319 681 350 suam
718 314 853 348 tutelam
889 322 1058 356 acceperat
1085 336 1096 355 ,

41 1730 118 1767 Lib.
139 1742 173 1767 2.

45 1781 197 1828 Ep.1.31.

204 371 324 414 ·pergit
347 369 493 403 laudatus
515 365 707 411 Gregorius:
737 367 938 398 Santramnus
953 366 1019 395 Rex
1041 374 1095 394 om·

217 425 270 454 nia
283 444 292 458 ‚
321 432 389 462 quae
396 420 501 462 fideles
510 421 597 460 Regis
611 415 774 456 chilperici
788 426 846 449 non
871 412 949 448 reHe‘
974 412 1095 453 diverfis

217 470 423 509 abstulerant,
440 468 559 510 justitia
585 467 783 500 intercedente
811 463 935 504 restituit
949 488 957 495 .
998 464 1096 499 Multa

218 522 254 553 (at
266 519 327 562 ipse
342 518 472 560 Ecclefiis
483 516 635 558 conferens
648 541 658 555 ,
685 516 859 556 testamenta
868 524 978 556 quoque
989 512 1096 556 defun-

218 569 351 608 e‘lorum,
376 574 428 611 qui
450 566 596 608 Ecclefias
618 565 752 600 baeredes
775 564 963 605 instituerant
985 588 995 604 ,
1023 565 1057 597 (tt
1072 564 1096 598 ‘d

218 619 385 659 chilperico
395 617 550 661 compressa
554 616 686 659 fuerant
695 641 705 656 ,
733 614 913 655 restauravit
925 638 932 644 .

270 669 350 701 Haec
387 667 600 701 Ecclesiarum
641 666 769 701 libertas
789 665 845 698 diu
870 663 1040 707 permansit
1060 661 1095 695 in

213 717 348 751 Gallia.
380 718 512 751 Etenim
527 728 629 761 neque
643 727 697 762 per
711 715 898 749 successores
920 713 1094 747 Mei-ovin-

215 766 304 812 εἰει,
333 768 519 807 Carolinae,
545 776 601 800 aut
640 764 803 808 Capetinae
831 762 963 798 familiae
988 762 1096 806 Reges

218 818 285 851 fuit
298 817 461 852 ullatenus
472 818 542 852 laesa
554 841 565 857 ,
592 817 626 853 ἀ
639 817 761 850 sanetus
769 814 961 849 Ludovicus
973 812 1047 845 Rex
1063 812 1094 844 in

218 868 275 901 sua
290 867 492 912 pragmatica
505 866 677 901 Sanstione
690 866 795 908 posuit
809 862 898 898 hunc
909 862 1095 897 articulum:

220 917 397 951 Libertates
415 942 425 957 ,
438 915 634 960 Francbigias
646 939 656 955 ,
682 919 893 950 Immunitates
907 936 917 952 ,
945 915 1095 955 Praeroga-

216 972 308 1001 aivas
320 991 331 1006 ,
350 969 425 1007 jura
435 991 446 1006 ,
473 968 508 1001 ὁ*
521 967 690 1009 Privilegia
702 990 711 1006 ,
737 973 791 1006 per
803 966 915 1005 inclyta
926 963 1097 999 recordatio·

217 1022 270 1050 πυ
281 1020 465 1050 Francorum
475 1020 570 1063 Reges
580 1038 591 1054 ‚
611 1016 828 1061 praedeceffores
841 1013 949 1052 nostros
961 1037 973 1053 ,
994 1010 1097 1055 &suc-

217 1066 315 1106 ceffive
324 1073 378 1107 per
389 1077 440 1099 nos
454 1065 586 1108 Ecclefiis
597 1091 607 1106 ,
632 1065 817 1105 Monafieriis
829 1089 839 1105 ,
865 1071 953 1106 atque
962 1064 1030 1096 locis
1039 1066 1098 1103 piis

219 1115 360 1159 religiosis
369 1141 379 1158 ‚
407 1127 516 1152 necnon
526 1114 660 1159 personis
671 1113 872 1157 Ecclefiasticis
885 1117 980 1158 Regni
992 1112 1080 1153 nostri
1090 1134 1100 1150 ,

219 1165 360 1207 concessas
376 1167 410 1200 &
431 1166 553 1211 concessa
566 1191 576 1206 ,
602 1167 785 1205 laudamus,
812 1165 1010 1208 approbamus
1033 1185 1044 1202 ‚
1066 1163 1100 1195 Θ

219 1215 431 1258 confirmamus
440 1225 494 1261 per
512 1210 698 1262 praesentes.
725 1216 855 1251 Samstio
880 1213 1002 1258 prodiit
1015 1213 1101 1246 deci-

220 1265 559 1302 mi·tertiiCbristiani
575 1266 678 1300 saeculi
701 1277 791 1300 anno
813 1264 1105 1309 sexagesimo-osta·

222 1325 283 1348 vo.
315 1315 440 1351 Verum
455 1317 503 1351 uti
518 1316 671 1351 Romana
692 1316 709 1348 ὲ
731 1315 876 1351 Domini
902 1313 1099 1349 incarnatio-

223 1375 267 1397 ne
277 1390 286 1407 ,
315 1365 464 1409 quaedam
475 1366 494 1401 ὲ.
515 1365 673 1402 Kalendis
686 1365 830 1408 Januarii
841 1389 852 1405 ,
875 1364 923 1397 -ita
934 1373 1014 1397 tunc
1027 1360 1104 1396 Gal-

225 1414 340 1448 licanae
355 1415 505 1450 Ecciefiae
515 1415 750 1457 computabant
761 1414 779 1446 a
793 1412 971 1447 Dominica
987 1411 1102 1444 Resur-

224 1465 369 1498 testione
381 1489 389 1500 .
420 1464 489 1510 Qi
506 1474 576 1498 mos
587 1464 713 1496 duravit
724 1463 822 1505 usque
833 1462 872 1496 ad
881 1462 976 1504 elapsi
1000 1461 1102 1496 saeculi

223 1524 351 1548 annum
387 1512 769 1557 sexagesimum-tertium
808 1536 816 1545 .
854 1511 1105 1550 Rustinonensis

224 1571 306 1597 tunc
328 1563 505 1599 declaratio
527 1562 614 1606 jussit
634 1562 966 1607 computariacapite
989 1562 1068 1595 anni
1096 1584 1104 1593 .

222 1613 358 1647 Sanctio
370 1612 669 1657 prodiitadversum
695 1625 775 1647 tunc
798 1622 1003 1656 erumpentes
1028 1623 1104 1656 qua-

226 1663 365 1697 rundam
390 1663 422 1695 in
442 1663 552 1700 Gallia
578 1663 826 1699 Provinciarum
851 1664 1012 1697 novitates
1034 1685 1045 1701 ‚
1071 1662 1103 1697 in

227 1723 308 1755 quas
319 1712 359 1749 ad
373 1711 560 1758 Philippum
588 1714 776 1758 Augustum
803 1714 931 1759 Regem
955 1712 1105 1756 rescripsit

220 1763 514 1799 .lnnocentius111.
543 1764 724 1803 Adnosiram
743 1770 861 1798 noveris
888 1763 1076 1796 audientiam
1096 1786 1107 1803 ,

219 1811 380 1853 ·referente
393 1813 559 1846 venerabili
573 1818 686 1848 Fratre
698 1813 788 1853 nostro
813 1811 1037 1857 Rotbomagenfi
1054 1816 1105 1844 Ar-

220 1861 440 1905 ›cbi-Epfiopo
460 1887 470 1902 ,
493 1865 679 1907 pervenisse,
708 1864 959 1909 quodJustitIarii
985 1869 1030 1896 tui
1051 1872 1107 1905 per

226 1914 454 1947 Narmandiam
466 1912 613 1952 constituti
625 1939 635 1953 ,
662 1916 695 1947 (ν’
708 1916 833 1957 quidam
847 1916 899 1947 alii
911 1918 1013 1957 Regiae
1022 1914 1107 1946 ditio-

230 1962 419 2004 nisulzieeii,
442 1963 644 2005 postponentes
662 1965 786 2005 penitus
809 1965 903 1998 zelum
919 1967 975 1996 Dei
995 1987 1005 2002 ,
1027 1971 1106 2004 prae—

226 2015 353 2054 peditent
364 2012 451 2045 laicos
463 2014 639 2054 egritudine
651 2012 821 2044 laborantes
835 2036 844 2050 ,
862 2024 898 2044 ne
913 2014 948 2044 de
959 2017 1049 2044 terris
1061 2013 1112 2044 vel
1116 2036 1120 2045 ,

226 2061 289 2105 suis
302 2061 527 2094 haereditatibus
542 2061 662 2102 aliquid
671 2067 703 2093 in
714 2059 921 2102 eleemosynam
933 2063 1025 2094 alicui
1050 2063 1109 2093 lar-

227 2119 354 2155 giantur
368 2134 377 2149 ,
398 2109 460 2151 five
468 2119 524 2152 pro
531 2105 654 2153 suarum
665 2116 833 2142 animarum
840 2110 937 2153 salute
948 2109 1109 2152 secundum

230 2159 456 2201 Ecclefiafis'cam
465 2159 665 2205 sanBionem‚
691 2162 742 2192 vel
751 2161 882 2193 condant
896 2160 1102 2199 testamentum

230 2212 357 2243 exinde
380 2217 411 2241 in
431 2211 536 2241 ultima
558 2209 726 2242 voluntate.
760 2213 943 2250 Imponentes
969 2211 1027 2242 illis
1046 2209 1108 2251 post

233 2259 344 2292 obitum
366 2264 475 2291 crimen
498 2258 668 2300 usurarum,
700 2265 749 2301 qui
772 2266 974 2301 poenitentes,
996 2261 1109 2301 judicio

231 2308 365 2348 Ecclefiae
374 2307 740 2352 satissat‘honepraemtffa
754 2334 764 2350 ,
790 2317 876 2342 viam
892 2308 963 2352 sunt
984 2315 1109 2343 univer-

227 2357 274 2402 [ι
297 2365 396 2392 carnis
409 2359 519 2403 ingreffi
526 2383 537 2399 ‚
563 2368 595 2390 ut
605 2368 757 2401 praetextu
771 2366 904 2393 criminis
918 2358 1072 2402 usurarum
1096 2385 1106 2400 ,

232 2410 435 2441 decedentium
456 2410 530 2442 bona
542 2406 612 2451 fisco
633 2413 744 2452 Regio,
770 2416 802 2442 in
825 2412 1037 2443 detrimentum
1053 2412 1105 2450 ju·

231 2463 279 2492 ris
291 2458 476 2499 Ecclefiastici
492 2481 503 2497 ,
526 2461 726 2501 applicentur.
755 2460 858 2506 Qiod
872 2462 971 2495 usurae
983 2461 1105 2494 crimen

231 2518 315 2541 tunc
330 2507 488 2541 horrende
501 2509 632 2543 foedaret
650 2509 794 2543 Galliam
809 2535 819 2551 ,
846 2510 891 2544 est
916 2522 963 2544 res
986 2510 1094 2544 noriffi

233 2569 288 2592 ma
301 2581 308 2589 .
338 2558 388 2590 Eo
399 2559 488 2591 enim
501 2569 645 2601 tempore
667 2561 818 2594 adversus
837 2561 940 2603 ipsum
966 2561 1106 2603 praedica-

234 2609 285 2640 vit
314 2606 519 2640 Venerabilis
538 2608 666 2647 Fulco,
700 2609 873 2653 Presbyter
895 2611 1074 2644 Parifienfis
1099 2636 1105 2642 .

235 2657 292 2690 Ad
319 2657 389 2699 ejus
414 2657 674 2699 praedicationem
716 2659 846 2702 plurimi
885 2661 1014 2693 fuerunt
1050 2662 1104 2694 Za·

235 2706 361 2740 chaeum
374 2708 516 2747 imitati,
544 2707 697 2741 &saltem
711 2709 744 2742 in
767 2710 917 2744 extremis
937 2711 1038 2743 multa
1051 2711 1106 2745 do-

234 2766 355 2790 narunt
397 2756 546 2791 Ecclesiis
570 2782 580 2797 ,
607 2758 817 2793 Monasteriis
839 2783 850 2798 ,
875 2760 1072 2803 Pauperibus
1099 2786 1106 2793 .

235 2806 328 2840 Hinc
341 2806 440 2852 Regii
463 2818 517 2850 per
542 2808 782 2842 Normandiam
806 2810 950 2843 Ministri
974 2813 1107 2845 cunctos

233 2857 415 2891 istiusmodi
428 2857 603 2892 donatores
613 2860 806 2893 censuerunt
818 2862 975 2895 usurarios
986 2886 996 2901 ,
1022 2861 1106 2895 ideo-

233 2918 298 2951 que
310 2908 452 2951 ipsorum
465 2908 654 2942 testamenta
667 2921 704 2943 ac
716 2909 821 2954 legata
835 2922 989 2954 ruperunt
999 2923 1037 2945 ac
1060 2912 1108 2945 in·

233 2957 403 2991 vaserunt.
437 2957 550 2992 Usurae
563 2960 698 2993 enimin
722 2960 849 3000 Gallia,
874 2963 1018 2995 etiamin
1044 2973 1106 2995 no·-

234 3007 301 3041 fito
314 3007 452 3052 Belgio,
481 3020 546 3042 non
561 3010 752 3052 pauperibus
763 3011 965 3054 applicantur
977 3022 1031 3045 aut
1047 3012 1106 3054 piis

235 3057 352 3096 causis,
379 3058 677 3104 sedRegioFisco.
708 3059 866 3094 Notanda
879 3063 952 3096 sunt
977 3061 1069 3095 verba
1099 3075 1105 3093 :

239 3108 284 3137 De
295 3115 378 3140 terris
390 3109 442 3142 vel
444 3107 507 3151 suis
531 3109 777 3143 baereditatibus.
809 3113 941 3145 Donata
959 3122 1106 3145 extremo

238 3155 359 3197 judicio
371 3157 506 3192 mobilia
527 3161 677 3194 videntur
693 3172 758 3194 non
773 3161 865 3194 fuisse
879 3163 1000 3195 invasa.
1030 3162 1106 3195 Erat

239 3205 409 3240 exordium
421 3221 534 3243 manus
555 3221 706 3244 mortuae.
736 3212 778 3244 Et
791 3213 927 3255 profecit
939 3212 1073 3245 ulterius
1101 3237 1106 3243 .

241 3254 428 3290 Hincinter
450 3258 561 3300 jura&
586 3261 749 3295 libertates
765 3286 775 3300 ,
800 3273 870 3303 quae
893 3262 992 3295 Bellae
1015 3262 1109 3295 Villae

243 3305 362 3340 incolis
380 3307 536 3343 dederunt
557 3310 738 3354 Toparcha
760 3311 964 3346 Hombertus
978 3337 987 3352 ‚
1024 3313 1108 3354 ejus-

243 3355 404 3399 quefilius
416 3357 641 3401 Guichardus,
670 3362 844 3404 posuerunt
869 3362 958 3396 hunc
985 3364 1109 3395 Articu-

1160 216 1229 245 terit
1241 209 1400 252 bot-facere
1411 233 1421 249 ,
1446 213 1480 245 (st
1492 218 1575 245 intra
1586 223 1698 246 annum
1710 213 1744 247 ό*
1755 212 1834 246 diem
1843 213 1930 247 debet
1950 227 2030 249 ven·-

1158 263 1191 294 di
1203 263 1276 294 laico
1288 259 1398 294 homini
1408 285 1418 300 ,
1447 269 1496 302 qui
1504 265 1583 303 poffit
1594 266 1628 298 ό·
1639 264 1744 297 debeat
1754 265 1871 296 domino
1883 273 2029 306 tanquam

1159 310 1324 356 Burgenses
1335 313 1390 345 alii
1399 334 1410 350 ,
1435 310 1609 354 respondere
1619 336 1626 345 .
1653 315 1804 348 Edictum
1820 314 1940 357 prodiit
1963 325 2030 348 ter·-

1158 362 1332 396 tii-decimi
1343 360 1447 397 saeculi
1459 373 1500 394 an
1507 373 1550 394 no
1561 365 1726 407 trigesimo
1737 366 1854 399 tertio.
1885 364 1981 398 Extat
1992 364 2029 398 in

1157 412 1339 456 Spicilegio
1352 410 1493 448 Domini
1507 411 1603 445 Lucae
1615 413 1769 448 Dacherii
1783 440 1790 447 .
1819 414 1872 448 Ad
1885 414 2029 457 ejusdem

1157 461 1260 497 saeculi
1272 473 1398 495 annum
1411 461 1678 506 septuagesimum
1692 466 1824 498 tertium
1839 464 2030 501 Ludovicus

1154 511 1242 545 Belli
1265 510 1336 553 Joci
1358 510 1527 552 Dominus
1540 512 1622 545 inter
1644 514 1735 546 datas
1756 515 2030 559 Tysiancensibus

1157 561 1320 597 libertates
1332 561 1438 603 posuit
1461 559 1526 597 hoc
1553 572 1671 604 caput.-
1698 566 1884 607 ,Quicumque
1900 565 2030 609 posseffio-
2048 566 2201 604 Pol-261·

1158 623 1225 644 nem
1247 610 1383 644 habuerit
1395 635 1405 650 ,
1432 617 1599 656 cuicumque
1619 613 1744 645 voluerit
1760 614 1842 656 pqffit
1866 617 1999 649 vendere,
2019 640 2027 647 .

1156 663 1339 699 solummoda
1351 660 1484 702 Ecclefiae
1497 663 1550 695 vel
1557 663 1647 694 militi
1672 674 1729 695 non
1741 665 1910 698 vendatur.
1949 665 2032 698 Haee

1157 712 1286 755 aliaque
1300 711 1332 746 id
1345 721 1448 756 genus
1462 710 1629 745 hincinde
1644 712 1756 746 Edieta
1768 724 1805 746 ac
1817 712 1943 747 Statuta
1956 714 2034 748 San·

1156 763 1223 796 dus
1235 761 1427 797 Ludovicus
1439 761 1678 796 circumduxit.
1707 761 1832 796 Verum
1847 773 1912 797 non
1938 764 2032 807 plene

1157 811 1319 845 obtinuit.
1347 810 1482 845 Etenim
1507 811 1571 846 hoc
1594 812 1791 855 postremum
1817 812 1967 846 Edictum
1987 813 2033 846 est

1157 861 1357 906 pragmatica
1369 862 1544 896 SanCtione
1559 861 1714 906 posterius
1728 887 1735 894 .
1765 862 1807 896 Et
1830 873 1902 896 mos
1914 862 2034 896 assidue

1158 911 1306 955 proceffit
1318 936 1325 943 .
1355 911 1488 945 Etenim
1501 922 1616 946 omnes
1626 923 1682 955 per
1700 913 1844 946 Galliam
1860 912 2005 946 Ecclefiae
2019 936 2030 953 ‚

1158 960 1379 1006 monasteria,
1406 972 1445 997 ac
1467 962 1521 1006 pia
1534 962 1605 997 loca
1616 962 1680 1006 jam
1691 961 1815 1006 pridem
1828 961 1949 998 habent
1961 973 2033 997 ma-

1159 1023 1220 1047 nus
1234 1021 1380 1049 mortuas
1391 1037 1399 1045 .

1210 1062 1353 1096 Mortua:
1378 1073 1494 1099 manus
1512 1063 1615 1107 prima
1640 1064 1725 1107 apud
1749 1063 1880 1109 Anglos
1901 1062 2036 1098 exordia

1160 1112 1444 1150 suntaRichardo
1465 1115 1686 1149 Cantuariensi
1713 1113 1996 1157 Archi-Episcopo
2023 1136 2037 1154 ,

1163 1162 1313 1208 proximo
1325 1164 1498 1201 successore
1511 1163 1609 1200 sansti
1620 1163 1764 1198 Thomae
1774 1189 1783 1204 ,
1805 1164 1935 1209 gloriosi
1949 1164 2038 1197 Mar-

1162 1212 1261 1255 tyris.
1288 1212 1542 1249 Novellustunc
1565 1214 1808 1255 cisterciense,
1834 1214 1890 1255 qui
1909 1215 1926 1248 a
1951 1215 2036 1247 sum-

1163 1273 1215 1296 ma
1236 1273 1419 1306 paupertate
1440 1264 1535 1299 duxit
1547 1263 1721 1300 sanctitatis
1742 1265 1928 1308 originem,
1954 1263 2037 1296 ordo

1162 1322 1300 1354 coeperat
1321 1311 1525 1356 opulentiam
1547 1313 1683 1346 induere
1700 1337 1707 1346 .
1749 1312 1891 1355 Amplos
1913 1313 2037 1346 fundos

1164 1361 1334 1397 admittere
1345 1373 1386 1398 ex
1399 1362 1600 1398 testamentis
1611 1374 1648 1395 ac
1661 1361 1775 1406 legatis
1792 1386 1803 1401 ,
1830 1362 1900 1396 imo
1912 1362 2041 1396 &eme-

1166 1422 1222 1447 re:
1248 1411 1282 1445 &
1294 1411 1334 1446 ad
1346 1411 1431 1456 ipsos
1447 1411 1674 1456 Apostolicum
1688 1437 1698 1452 ,
1725 1410 1812 1455 quod
1832 1411 2039 1455 paucissimos

1166 1462 1302 1506 propriis
1312 1473 1425 1498 eorum
1440 1462 1592 1497 manibus
1604 1462 1753 1496 excultos
1774 1463 1792 1496 ὲ
1812 1463 1949 1496 decimis
1969 1473 2043 1495 exe·

1168 1523 1290 1551 metat,
1326 1510 1533 1557 privilegium
1554 1512 1744 1546 extendere.
1785 1512 1878 1547 Hinc
1901 1513 2043 1556 plurima

1171 1561 1385 1596 Ecclefiarum
1423 1564 1456 1597 δε
1497 1561 1725 1596 Abbatialium
1763 1562 2044 1598 Monasteriorum

1167 1611 1392 1656 querimonia.
1423 1613 1556 1647 Etenim
1575 1613 1614 1646 ad
1637 1612 1856 1648 Guilielmum
1881 1612 2049 1648 Rhemen-

1169 1665 1235 1697 sem
1262 1662 1581 1707 Archi-Episcopum
1604 1664 1722 1709 scripsit
1744 1665 1841 1699 etiam
1864 1663 2047 1707 Stephanus

1173 1713 1351 1756 Episcopus
1362 1713 1602 1749 Tornacensis:
1631 1716 1729 1747 Credo
1753 1719 1825 1756 quia
1847 1713 2047 1757 cistercienses

1171 1765 1208 1796 de
1220 1774 1306 1797 nume
1312 1775 1338 1795 ro
1344 1761 1416 1805 sunt
1426 1776 1523 1797 eorum
1535 1788 1546 1804 ,
1572 1770 1624 1806 qui
1635 1764 1761 1797 violente
1772 1766 1922 1806 diripiunt
1933 1764 2049 1805 caelum,

1166 1812 1223 1857 fied
1232 1815 1331 1845 utrum
1344 1815 1492 1849 violenter
1505 1820 1549 1848 eis
1562 1823 1674 1848 terram
1686 1837 1696 1853 ,
1723 1814 1786 1848 hoc
1803 1814 1847 1848 est
1856 1839 1865 1856 ,
1893 1824 2050 1849 terrarum

1171 1863 1313 1898 decimas
1337 1889 1348 1904 ,
1373 1872 1477 1907 rapere
1493 1865 1602 1904 liceat,
1630 1865 1758 1897 nondum
1778 1865 1856 1908 legi.
1887 1865 2050 1898 Adversus

1171 1914 1309 1947 eandem
1324 1913 1424 1958 igitur‘
1443 1915 1634 1948 violentiam
1648 1915 1746 1949 iratus
1767 1915 1885 1959 scripsit
1905 1914 2052 1958 praefatus

1175 1962 1447 1998 Archi-Antistes
1460 1965 1499 1998 ad
1521 1965 1648 1999 Fratres
1675 1965 1931 1999 Cistercienses:
1958 1966 2053 2008 ,Quod

1167 2012 1196 2053 fi
1210 2019 1382 2053 pertinaces
1405 2025 1460 2046 ms
1479 2016 1512 2046 6·
1533 2014 1708 2054 inflexibiles
1737 2014 1906 2055 exhibetis,
1933 2016 2051 2048 vinculo

1147 2077 1149 2080 >
1173 2061 1378 2094 anathematis
1399 2064 1608 2096 innodabimus
1629 2063 1803 2107 universos,
1843 2070 1894 2107 qui
1931 2065 2053 2106 aliquid

1174 2112 1258 2144 vobis
1271 2113 1409 2144 dederint
1420 2122 1474 2145 aut
1502 2114 1720 2153 vendiderint,
1747 2115 1826 2148 unde
1844 2117 1899 2155 jus
1923 2116 2052 2147 decima-

1174 2166 1262 2192 tionis
1283 2161 1442 2199 obveniat,
1469 2171 1559 2203 atque
1582 2167 1614 2194 in
1647 2165 1748 2195 coelum
1772 2163 1990 2201 clamabimus,
2016 2163 2052 2196 &

1173 2212 1218 2241 ad
1244 2209 1379 2242 thronum
1396 2208 1505 2253 summi
1520 2213 1648 2256 Judicis
1660 2213 1897 2254 appellabimus,
1926 2225 1962 2246 ne
1983 2218 2053 2255 quis

1172 2258 1262 2300 hujus
1275 2263 1425 2293 vinculum
1438 2265 1466 2294 E
1471 2267 1760 2295 xcommunicationis
1775 2262 1931 2305 absolvat.
1963 2265 2054 2295 Prin-

1173 2316 1269 2351 cipum
1280 2317 1372 2343 etiam
1379 2311 1524 2352 favorem
1538 2318 1570 2343 in
1583 2311 1634 2344 hoc
1643 2313 1802 2354 pleniffime
1822 2313 2017 2346 obtinebimus
2044 2335 2055 2351 ‚

1173 2369 1208 2396 ut
1219 2362 1322 2403 gladio
1329 2359 1485 2403 spirituali
1497 2373 1602 2394 manus
1625 2364 1728 2395 civilis
1756 2363 1860 2402 affistat
1874 2388 1883 2402 ‚
1911 2365 1944 2396 (⁶5
1966 2363 2051 2404 quid-

1173 2413 1248 2452 quid
1265 2420 1366 2443 contra
1385 2409 1543 2454 spirituale
1571 2414 1719 2444 oraculum
1725 2412 1826 2453 fuerit
1847 2412 1931 2445 vobis
1949 2414 2055 2445 vendi-

2067 1682 2191 1730 Ep7p

1173 2468 1236 2492 tum
1254 2485 1264 2500 ,
1290 2470 1344 2494 aut
1364 2463 1505 2494 donatum
1518 2486 1526 2500 ,
1553 2460 1741 2504 confiscetur.
1783 2463 1883 2496 Extat
1910 2461 2053 2506 Epistola
2072 2467 2128 2512 Ep.
2143 2465 2191 2505 82

1174 2510 1206 2543 in
1225 2511 1368 2555 Regesto
1396 2511 1480 2544 Petri
1506 2512 1678 2545 Blesenfis.
1723 2513 1787 2546 Res
1809 2512 1892 2546 varie
1911 2514 2054 2547 cucurrit

1174 2561 1271 2602 usque
1282 2561 1320 2594 ad
1338 2561 1490 2604 Regnum
1505 2561 1645 2594 Eduardi
1657 2561 1675 2595 ὲ
1690 2561 1907 2595 Nortmannis
1920 2564 2013 2605 primi
2041 2588 2052 2603 ,

1172 2612 1214 2644 de
1225 2621 1292 2651 quo
1304 2611 1343 2644 ad
1358 2610 1582 2644 decimi-tertii
1596 2612 1700 2645 saeculi
1721 2623 1845 2646 annum
1866 2614 2054 2657 septuagesi-

1174 2671 1264 2694 mum
1278 2661 1401 2694 sextum
1416 2660 1523 2694 scribit
1546 2660 1701 2694 Thomas
1724 2663 2018 2708 VValsingamensis
2042 2675 2049 2695 :

1177 2717 1236 2745 Hoc
1247 2722 1325 2742 anno
1340 2710 1468 2743 coae‘lum
1482 2710 1519 2750 est
1534 2711 1776 2744 parliamentum
1803 2715 1964 2745 Londoniit
1979 2738 1989 2753 ,
2019 2719 2051 2744 in

1172 2772 1228 2802 quo
1250 2762 1416 2794 Eduardus
1443 2764 1511 2793 Rex
1532 2763 1655 2795 statuta
1677 2763 1774 2794 edidit
1803 2772 1907 2795 contra
1927 2774 2050 2795 manum

1172 2819 1321 2842 mortuam
1334 2833 1344 2849 ,
1369 2822 1406 2843 ne
1419 2812 1455 2843 de
1467 2821 1572 2844 caetero
1580 2811 1750 2854 poffiffiones
1764 2821 1912 2847 terrarum
1930 2812 1982 2856 seu
2005 2822 2052 2846 re-

1171 2862 1286 2893 dituum
1303 2859 1365 2902 fine
1381 2859 1505 2903 speciali
1531 2865 1618 2904 Regis
1631 2863 1752 2894 licentia
1770 2863 1814 2894 ad
1826 2875 1949 2895 martum
1972 2875 2047 2896 mor·

1172 2920 1254 2943 tuam
1265 2911 1486 2944 devolvantur.
1517 2911 1558 2944 Et
1573 2912 1606 2944 in
1626 2911 1783 2945 Neusiirae
1807 2911 2046 2957 hypodigmate

1172 2959 1318 3004 adjungit
1330 2961 1370 2994 ad
1380 2971 1502 2994 annum
1517 2962 1748 3006 ostogesimum
1761 2963 1932 3006 quintum:
1960 2965 2046 3006 ,Quia

1173 3015 1236 3043 Rex
1250 3011 1333 3052 prius
1340 3011 1489 3051 statuerat
1503 3035 1513 3051 ,
1541 3023 1577 3044 ne
1590 3011 1744 3055 Religiosae
1752 3012 1886 3055 personae
1906 3019 1939 3046 in
1954 3013 2047 3056 saecu-

1170 3061 1281 3093 laribus
1288 3061 1494 3104 poffeffionibus
1504 3060 1660 3104 crescerent
1673 3086 1684 3102 ‚
1710 3073 1786 3095 nunc
1794 3063 1902 3101 [latuit
1913 3072 1946 3096 ut
1956 3065 2043 3105 prius

1171 3111 1291 3143 habitas
1304 3123 1362 3144 non
1373 3118 1554 3144 minorarent
1564 3136 1571 3143 .
1596 3112 1697 3145 Suum
1707 3113 1809 3147 fimile
1824 3114 1974 3148 Edictum
1987 3113 2047 3146 Im-

1160 3167 1298 3204 ‘perator
1314 3162 1507 3195 Emmanuel
1521 3161 1714 3196 Comnenus
1733 3163 1908 3206 appellavit
1933 3164 2047 3207 prioris

1172 3211 1390 3245 medicinale.
1420 3211 1542 3245 Eadem
1555 3211 1595 3245 de
1609 3213 1690 3246 read
1713 3225 1835 3247 annum
1860 3212 2047 3257 septuagesi-

1175 3271 1263 3295 mum
1275 3262 1428 3305 quintum
1442 3262 1550 3295 scribit
1573 3262 1733 3296 Nicolaus
1758 3264 1951 3297 Trivettus:
1979 3266 2046 3294 Rex

1176 3314 1347 3345 Londonias
1366 3313 1605 3345 parliamentum
1627 3323 1773 3346 convocat
1793 3339 1803 3354 ,
1843 3320 1874 3346 in
1895 3325 1950 3355 quo
1970 3316 2048 3344 inter

1173 3363 1234 3394 alia
1258 3363 1372 3402 multa,
1397 3373 1466 3403 quae
1488 3364 1533 3394 ad
1546 3364 1706 3395 utilitatem
1730 3367 1826 3406 Regni
1865 3365 1900 3395 de
1937 3356 2048 3404 offensa

18 3417 22 3421 “
75 3407 206 3456 Tem-9.
245 3405 312 3440 lum
326 3431 333 3438 .
362 3409 392 3440 51·
412 3413 477 3448 quis
488 3416 543 3450 pro
558 3408 711 3451 sepultura
732 3412 878 3455 legaverit
906 3411 1039 3453 Ecclefiae
1063 3414 1113 3445 vel
1154 3444 1157 3452 ,
1177 3414 1374 3445 Praelatorum
1387 3436 1396 3452 ‚
1421 3414 1614 3446 Comitum&
1640 3416 1792 3445 Baronum
1809 3412 1924 3451 statuta
1946 3410 2016 3454 sunt
2038 3435 2051 3451 ,

69 3454 226 3496 ‘Fol.181·
245 3458 397 3492 sacerdoti
409 3458 526 3491 domum
538 3460 588 3492 vel
593 3462 705 3501 pedam
727 3461 811 3502 infra
825 3464 949 3504 villam,
979 3463 1050 3496 bene
1061 3471 1110 3505 po·
1151 3455 1161 3507 l
1179 3462 1340 3496 inhibitum
1350 3461 1387 3501 est
1404 3474 1440 3496 ne
1462 3464 1498 3497 de
1518 3473 1623 3497 caetero
1641 3464 1808 3506 poffeffiones
1833 3470 1980 3496 terrarum
1997 3459 2055 3504 sea

1926 3513 2004 3546 redi·
