2366 3736
356 186 440 231 Dc
476 174 758 244 ANHQ'JA
794 175 1440 228 DiscrrL1NA.Cr1R1sr.
1478 183 1752 229 Mintur.

59 265 132 301 Lib.
147 273 216 301 2·c.
233 265 370 301 scribens·
388 267 431 302 de
453 268 634 303 Clodovaeo
653 267 762 312 Rege,
788 274 942 299 movente
964 263 996 297 in
1012 264 1105 298 Aria-

61 325 114 363 37.
231 326 292 352 nos
304 315 454 353 Gothos:
483 322 549 353 Rex
559 321 671 354 direxit.
691 322 808 351 nuntios
820 317 867 348 ad
877 317 1005 351 Beatam
1027 317 1106 347 San-

229 364 269 399 81
278 368 406 401 Martini
428 367 604 410 Basilicam,
632 368 751 406 dicens,
778 372 819 401 ite
833 390 844 406 ‚
870 368 904 400 ὁ·
917 363 1026 406 forsan
1053 365 1106 397 ali·

214 423 218 427 ·
229 416 309 457 quod
317 418 450 452 vieqoriae
460 417 621 461 auspitium
637 415 676 448 ab
687 418 773 449 AEde
791 415 900 459 sanda
914 410 1104 458 suscipietis.

229 467 313 501 Tunc
323 468 408 504 datis
428 467 619 506 muneribus,
646 478 712 508 quae
722 467 780 500 loco
798 465 903 513 sancio
913 464 1108 506 exhiberent,

229 522 294 552 ait:
322 520 397 552 situ
410 521 534 553 Domine
546 517 667 557 atijutor
687 516 825 557 mihies,
850 517 1011 559 &gentem
1030 514 1108 551 hanc

230 568 431 607 incredulam,
452 565 623 610 semperque
650 568 789 600 aemulam
811 565 866 600 tibi
877 590 889 606 ‚
917 570 991 598 meis
1012 571 1109 598 mani·

229 615 285 651 hus
307 618 429 651 tradere
444 617 598 656 decrevisti
612 641 623 657 ,
650 623 682 650 in
703 617 825 661 ingreffu
843 615 979 656 Baſslicae
1004 615 1107 648 sancii

229 669 358 701 Martini
376 667 500 709 dignare
505 672 660 711 propitius
682 669 815 704 revelare
825 690 836 706 ‚
863 675 897 699 ut
914 665 1080 710 cognoscam
1096 689 1107 704 ,

227 720 301 759 quia
307 721 459 758 propitius
478 717 713 763 dignaberiseffe
727 717 846 759 famulo
856 723 905 749 tuo
918 741 925 748 .
953 719 1108 753 Maturan-

228 763 308 799 tibus
326 775 423 803 autem
433 774 535 810 pueris
548 792 559 808 ,
586 771 620 802 6*
640 768 683 799 ad
690 770 782 800 Iocum
793 767 996 801 accedentibus
1014 767 1109 806 juxta

228 819 384 856 imperium
395 819 484 861 Regis
497 843 509 858 ,
536 819 607 850 dum
627 816 766 861 [andam
792 819 1018 860 ingrederentur
1030 814 1103 856 Bafi

228 864 337 904 licam,
363 866 438 901 banc
460 867 659 910 Antiphontem
681 879 719 899 ex
745 861 904 914 improviso
918 869 1108 903 Primicerius

228 920 360 957 incepit:
390 917 579 957 Praecinxisti
600 928 647 949 me
669 920 794 952 Domine
816 923 964 963 virtutum
988 917 1034 949 ad
1051 916 1110 948 bel-

228 965 312 1007 lum,
338 964 532 1011 supplantasti
548 965 731 1010 insurgentes
755 971 787 1000 in
798 979 846 1001 me
854 966 961 1009 subtus
983 977 1050 1006 me,
1077 967 1110 998 <w

227 1020 412 1051 inimicorum
433 1027 559 1050 meorum
580 1017 685 1057 dedisti
707 1016 780 1053 mibi
792 1017 932 1061 dorsum,
960 1018 994 1053 (9
1012 1017 1109 1052 odien-

227 1073 274 1097 tes
287 1075 333 1098 me
344 1063 545 1107 disperdidisti
556 1091 564 1099 .
592 1069 687 1111 ‚Quod
702 1068 851 1105 Satellites
867 1068 1023 1104 audientes
1041 1091 1050 1105 ‚
1077 1067 1110 1100 ό·

226 1116 356 1154 Domine
370 1123 492 1159 gratias
520 1128 641 1163 agentes
655 1142 666 1158 ‚
694 1120 728 1153 &
749 1128 821 1152 vota
832 1122 929 1153 Beato
954 1115 1111 1159 Confeffori

225 1170 435 1211 presumentes
447 1192 457 1210 ,
482 1165 547 1202 laeti
572 1174 789 1205 nuntiaverunt
810 1173 884 1213 Regi
904 1193 911 1200 .
939 1168 1049 1204 Etiam
1070 1166 1110 1200 de

231 1214 407 1253 Chramno·
421 1219 564 1261 'peffimo
591 1220 789 1256 Francorum
813 1220 907 1263 Rege
924 1242 935 1259 ,
958 1227 1110 1254 movente

231 1267 265 1302 in
286 1267 431 1301 Saxones
458 1269 568 1302 scribit
594 1269 682 1303 idem
711 1269 907 1313 Gregorius:
937 1267 1108 1301 chramnus

230 1314 322 1359 usque
333 1317 510 1361 Divionense
523 1317 657 1358 Castrum
679 1321 852 1360 pertendit:
881 1323 966 1351 Erat
975 1328 1045 1351 tunc
1068 1316 1109 1349 ibi

232 1366 358 1399 sancius
373 1370 478 1400 Petrus
490 1393 501 1408 ,
528 1368 714 1412 Lingonenfis
727 1367 892 1410 Episcopus
906 1393 913 1400 .
940 1369 1047 1400 Clerici
1056 1374 1107 1408 po-

225 1415 291 1462 fitis
305 1416 401 1453 tribus
413 1417 498 1453 libris
505 1416 594 1459 super
606 1420 754 1450 altarium
764 1440 775 1455 ‚
789 1420 824 1452 id
834 1418 870 1456 est
881 1441 891 1456 ,
916 1416 1084 1457 Prophetia-
1097 1438 1108 1454 ,

232 1465 387 1509 apostoli—,g
404 1468 438 1500 Θ
464 1467 697 1509 Evangeliorum
712 1491 722 1506 ,
749 1475 912 1499 oraverunt
939 1467 982 1498 ad
1007 1468 1108 1497 Domi-

232 1527 305 1550 num
324 1540 335 1555 ‚
361 1525 395 1548 ut
422 1515 574 1550 chramno
589 1540 599 1556 ‚
624 1517 701 1558 quid
719 1523 853 1549 eveniret
876 1541 886 1555 ,
924 1515 1108 1555 ostenderet,

231 1570 292 1598 Aut
302 1563 330 1606 fi
337 1571 364 1598 ei
368 1564 508 1607 felicitas
516 1564 684 1608 succederet
697 1591 707 1606 ,
732 1577 786 1600 aut
796 1568 872 1600 certe
878 1564 907 1606 fi
911 1577 1035 1609 regnare
1043 1563 1108 1607 pos-

226 1613 294 1658 set,
322 1619 439 1648 Divina
455 1619 594 1648 Potentia
619 1617 784 1650 declararet
798 1640 806 1648 .
838 1617 991 1657 simulque
1015 1626 1107 1648 unam

232 1665 374 1698 babentes
385 1666 605 1708 conniventiam
617 1690 627 1705 ,
654 1676 687 1699 ut
698 1662 891 1709 unusquisque
901 1671 933 1698 ln
943 1665 1017 1698 libro
1030 1666 1109 1707 quod

227 1718 330 1757 primo
339 1710 492 1758 apeFiebat
507 1740 517 1756 ,
543 1716 594 1751 boc
617 1717 785 1759 athffam
799 1721 892 1749 etiam
917 1717 1044 1759 legeret.
1070 1720 1105 1751 A·

209 1797 212 1799 .
230 1772 316 1808 perio
327 1770 418 1809 igitur
428 1771 558 1799 omnium
566 1771 664 1807 primo
672 1766 892 1809 Prophetarum
903 1766 977 1799 libro
988 1773 1106 1807 repere-

235 1825 326 1849 runt:
353 1815 495 1858 Auferam
507 1821 665 1848 maceriam
678 1819 743 1856 ejus
753 1840 764 1856 ,
793 1818 829 1850 (tr
840 1822 897 1849 erit
907 1822 938 1848 in
953 1814 1105 1858 desolatio·

234 1877 303 1898 nem
318 1889 328 1904 ,
352 1873 407 1908 pro
421 1878 451 1899 eo
461 1868 539 1908 quod
549 1866 649 1900 debuit
655 1865 758 1907 facere
768 1871 868 1899 Uvam
880 1890 890 1906 ,
908 1866 987 1907 fecit
1010 1875 1107 1899 autem

236 1914 438 1957 Labruscam.
468 1919 514 1948 Et
534 1922 626 1958 paria
651 1923 744 1949 etiam
757 1916 878 1960 Apostoli
893 1918 928 1950 ὀ·
942 1918 1108 1959 Evangelii

235 1973 355 2006 apertus
367 1974 468 1999 textus
480 1971 671 1999 renuntiavit
682 1990 689 1997 .
720 1967 762 1999 Et
781 1965 821 1998 de
835 1967 1004 2000 Merovaeo
1018 1965 1107 2001 Prior

98 2052 104 2059 ι
236 2015 331 2057 cipe,
357 2013 504 2049 adversus
515 2015 741 2058 Guilpericum
761 2015 898 2048 Patrem
922 2015 957 2048 ἀ
981 2015 1081 2058 Κεςε,

61 2050 139 2087 1⁴¹b=
154 2062 220 2101 5¹⁶·
236 2063 436 2105 rebellante,
463 2065 575 2098 scribit
598 2063 681 2097 idern
705 2064 885 2108 Gregorius
904 2077 921 2097 :1
941 2067 1108 2098 Merovaeus

66 2111 120 2148 24'
135 2125 138 2126 ’
237 2123 297 2147 tres
312 2115 400 2149 libros
416 2112 508 2156 super
518 2114 707 2157 Sepulchrum
718 2114 819 2147 saneti
838 2117 969 2148 Martini
986 2113 1085 2156 posuit
1096 2138 1107 2153 ,

237 2164 339 2204 idest,
366 2163 506 2207 Psalterii
521 2188 533 2203 ‚
557 2167 691 2207 Regum,
717 2166 752 2197 (vt
779 2162 1031 2206 Evangeliorum.
1060 2166 1106 2195 Et

238 2215 373 2258 vigilans
393 2222 456 2246 tota
467 2214 549 2246 noete
559 2237 570 2253 ,
594 2218 684 2253 petiit
694 2221 727 2245 ut
744 2211 798 2253 fibi
811 2214 926 2245 Beatus
937 2212 1108 2255 Confeffor,

236 2264 312 2305 quid
331 2269 488 2302 eveniret,
516 2262 697 2303 ostenderet,
724 2264 757 2296 Θ
779 2264 878 2295 utrum
897 2263 986 2305 posset
1000 2266 1107 2305 Regem

236 2321 338 2354 capere
352 2337 362 2352 ,
387 2325 428 2346 an
440 2325 498 2345 non
511 2337 521 2352 ‚
547 2322 581 2345 ut
604 2317 730 2345 Domino
742 2313 894 2346 indicante
915 2311 1086 2355 cognosceret
1100 2336 1107 2344 .

238 2362 303 2402 Post
314 2363 376 2396 baec
389 2364 558 2396 continuato
570 2364 667 2395 triduo
677 2368 709 2394 in
714 2364 844 2403 jejuniis
857 2387 867 2402 ‚
895 2364 1007 2406 vigiliis
1021 2371 1108 2404 atque

237 2414 430 2446 Orationibus
440 2437 450 2453 ‚
478 2415 522 2445 ad
530 2415 661 2446 Beatum
675 2414 818 2445 tumulum
830 2418 938 2445 iterum
949 2414 1086 2446 accedens
1098 2437 1109 2452 ,

236 2464 367 2496 revolvit
379 2463 485 2495 librum
497 2487 507 2502 ,
528 2470 576 2505 qui
588 2473 654 2495 erat
666 2467 795 2506 Regum.
817 2461 926 2505 Versus
937 2474 1038 2495 autem
1046 2468 1107 2503 pri-

59 1193 133 1233 Lib.
144 1204 176 1243 4,
185 1206 214 1232 ct

64 1246 115 1283 16.

239 2523 305 2544 mus
315 2520 436 2555 paginae
449 2525 540 2554 quam
550 2511 695 2554 reseravit
712 2537 721 2551 ,
749 2512 795 2544 hic
806 2523 869 2545 erat
883 2527 894 2546 .·
922 2516 981 2545 Pro
990 2524 1020 2545 eo
1030 2514 1110 2555 quod

240 2562 436 2603 dereliquistis
461 2565 617 2594 Dominum
631 2565 725 2594 Deum
745 2562 873 2601 vestrum
886 2586 897 2602 ,
923 2564 958 2596 Θ·
976 2563 1109 2595 ambula-

237 2611 291 2654 stis
298 2611 359 2653 poll
371 2615 447 2646 Deos
460 2612 570 2644 alienos
583 2634 593 2649 ,
616 2623 666 2644 nec
670 2611 782 2651 fecistis
792 2612 902 2644 redium
913 2621 984 2645 ante
995 2611 1109 2654 conspe-

242 2662 319 2694 e‘ium
332 2664 396 2704 ejus
408 2685 420 2701 ,
436 2663 500 2694 ideo
512 2662 642 2694 tradidit
657 2673 709 2694 vos
725 2665 869 2694 Dominus
881 2664 962 2695 Deus
975 2662 1065 2702 vester
1075 2668 1107 2695 in

241 2711 377 2745 manibus
387 2716 572 2744 inimicorum
582 2711 739 2751 vestrorum
751 2736 759 2743 .
786 2713 914 2746 Similia
940 2714 1107 2746 nuntiave-

242 2772 321 2797 runt
343 2761 536 2795 psalterium
563 2761 595 2794 &
623 2761 839 2805 Evangeliutn
852 2787 859 2793 .
889 2762 931 2795 Et
959 2764 1107 2795 nuntiata

239 2821 415 2846 evenerunt
432 2835 439 2842 .
466 2812 562 2845 Istam
577 2811 817 2854 prophetandi,
843 2823 880 2845 ac
890 2812 1007 2845 Divini
1027 2812 1108 2853 judi·

240 2863 281 2897 cii
295 2862 533 2905 explorandi&
544 2863 766 2906 cognoscendi
787 2862 925 2896 formam
950 2863 1044 2896 latius
1055 2874 1107 2896 ex-

240 2912 333 2958 posui
347 2912 378 2945 in
392 2912 532 2946 Scholiis
544 2913 583 2946 ad
596 2913 742 2945 estavam
756 2912 927 2954 Synodum
940 2937 947 2944 .

290 2963 371 2996 Haec
393 2963 483 2997 fuere
504 2963 637 3003 antiqua
650 2962 817 3004 Majorum
842 2963 1024 2996 nostrorum
1037 2974 1105 3006 prar-

243 3023 423 3056 paramenta
435 3012 475 3047 ad
488 3011 731 3056 expeditionem
745 3037 752 3043 .
774 3012 924 3059 Qaliter
936 3014 965 3046 se
976 3013 1015 3046 ad
1028 3013 1106 3046 Prae·

245 3063 288 3095 lia
310 3064 511 3106 praepararint
522 3088 532 3102 ‚
559 3063 658 3096 edicit
670 3062 821 3095 laudatus
842 3062 972 3097 Author
994 3065 1026 3095 in
1041 3065 1105 3096 vita

245 3112 276 3146 S·
297 3111 500 3155 imperatoris
520 3113 660 3147 Henrici
675 3126 685 3146 .·
712 3116 750 3145 Ut
773 3115 924 3154 Principes
953 3113 1084 3145 Poloniae
1095 3136 1106 3152 ,

245 3158 397 3195 Bohemiae
406 3186 417 3202 ‚
426 3172 655 3205 caeterarumque
664 3165 686 3195 5
685 3161 887 3195 eblaviearum
892 3168 1027 3206 gentium
1039 3166 1108 3195 Pri-

246 3219 343 3244 mater
354 3235 366 3251 ‚
393 3216 559 3246 Romanum
568 3218 776 3255 Imperatorem
786 3223 851 3245 cum
861 3219 991 3247 exercitu
1001 3215 1044 3247 ad
1060 3214 1105 3246 de·

246 3261 398 3294 bellandos
420 3273 464 3294 eos
486 3264 632 3307 advenire
655 3272 853 3307 cognoverunt
862 3287 874 3303 ,
899 3264 1106 3296 innumerabili

246 3311 439 3343 multitudine
459 3312 590 3353 collecta,
615 3318 648 3345 in
667 3314 776 3346 bellum
796 3320 822 3346 ei
840 3314 963 3346 obviam
976 3315 1104 3356 proceffe·

246 3370 318 3394 runt
329 3386 335 3392 .
363 3362 459 3404 ,Quod
468 3364 540 3404 Regi
547 3368 598 3402 pio
604 3371 661 3402 per
666 3362 737 3405 fisos
743 3362 938 3405 speculatores
950 3367 1008 3397 cito
1018 3370 1107 3398 Inno-

247 3416 325 3444 tuit:
354 3409 473 3452 Etficut
493 3416 523 3443 in
533 3412 663 3444 omnibus
674 3414 815 3456 angustiis
822 3413 886 3456 suis
904 3413 1016 3456 solebat
1028 3439 1037 3454 ,
1065 3417 1108 3448 ad

246 3465 386 3493 orationis
399 3473 487 3493 arma
509 3460 657 3504 confugit.
685 3466 882 3506 Invocatoque
892 3463 984 3505 super
1000 3463 1034 3507 se
1045 3471 1105 3498 No-

244 3515 324 3544 mine
337 3514 474 3555 Dominig
488 3513 584 3547 Beato
598 3515 756 3546 Laurentio
767 3537 778 3555 ‚
798 3513 905 3548 saneto
917 3517 1037 3559 Georgio
1045 3538 1056 3557 ,
1074 3527 1109 3550 ac

1903 198 1996 240 139

1164 268 1259 301 Beato
1279 267 1410 300 Adriano
1422 291 1432 307 ,
1458 269 1638 308 Martyribus
1655 268 1690 313 se
1705 268 1849 312 suumque
1870 277 2032 306 exercitum

1160 319 1374 360 protegendum
1384 328 1448 350 cum
1455 316 1572 360 summa
1586 320 1739 353 devotione
1748 319 1883 361 commisit
1895 345 1902 352 .
1918 320 1959 353 Et
1967 333 2033 355 cum

1165 379 1264 400 omnes
1273 373 1462 412 perceptione
1474 371 1610 401 Corporis
1622 370 1655 401 (ν
1666 372 1827 415 Sanguinis
1839 374 1960 405 Domini
1970 383 2037 405 con·
2176 389 2185 416 i.

1159 416 1406 460 fortatifuiffent
1419 441 1430 457 ,
1454 419 1496 450 ad
1505 416 1595 450 locum
1605 427 1775 454 certaminis
1785 428 1934 456 venerunt
1945 445 1953 454 .
1978 420 2036 454 Ubi
2185 419 2189 429 ''

1167 478 1230 500 cum
1255 471 1322 500 Rex
1346 469 1462 503 Beatus
1482 466 1583 500 verbis
1604 468 1813 504 exhortatoriis
1842 472 1887 504 ad
1906 472 2036 506 viriliter

1167 518 1312 564 agendum
1326 515 1503 560 fingulorum
1517 523 1632 551 animos
1643 521 1774 560 erexisset
1788 545 1798 560 ,
1822 523 1931 555 videns
1952 527 2040 555 innu-

1167 567 1338 603 merabilem
1356 566 1602 610 adversariorum
1625 570 1845 603 multitudinem
1856 594 1867 609 ,
1892 573 2038 605 clamavit

1167 618 1212 654 ad
1225 621 1383 651 Dominum
1397 619 1450 655 ,&
1461 623 1526 650 ait:
1552 618 1633 652 Deus
1646 624 1697 659 qui
1708 625 1832 653 conteris
1844 619 1919 652 bella
1930 622 1970 653 ab
1983 626 2040 654 ini-

1168 674 1209 702 rto
1220 691 1229 706 ‚
1252 670 1338 701 eleva
1350 666 1503 700 brachium
1513 677 1596 702 tuum
1606 665 1698 709 super
1705 679 1809 711 gentes
1821 693 1830 708 ‚
1849 674 1901 710 qui
1911 665 2039 712 cogitant

1164 716 1262 765 servis
1286 723 1346 750 tuis
1359 718 1439 750 mala
1451 732 1461 751 .-
1490 716 1632 760 Dt'sperge
1644 719 1709 750 illos
1736 725 1767 751 in
1779 725 1892 752 virtute
1907 726 1959 751 tua
1970 744 1981 759 ‚
2006 720 2040 752 δ’

1169 767 1278 807 destrue
1303 780 1348 801 eos
1362 765 1513 804 Protes‘lor
1524 778 1606 801 meus
1617 791 1624 798 .
1654 770 1733 801 Pone
1747 769 1812 801 illos
1824 778 1856 801 ut
1867 778 1978 807 rotam,
2006 771 2041 802 (tt

1163 817 1234 864 ficut
1238 818 1381 859 stipulam
1392 818 1581 859 antefaciem
1594 822 1678 851 venti
1690 840 1697 847 .
1726 822 1797 854 Haec
1809 821 1908 851 dicens
1921 842 1931 858 ‚
1957 828 2043 859 aper-

1170 875 1195 901 ti
1204 866 1275 910 fient
1288 869 1360 901 oculi
1370 870 1434 908 ejus
1447 891 1458 907 ,
1479 869 1513 901 (5
1525 869 1606 901 vidit
1613 867 1751 911 gloriosos
1765 872 1909 906 Martyres
1918 893 1928 907 ,
1956 871 2043 901 Geor-

1166 923 1248 963 gium
1259 918 1398 952 ‘videlicet
1410 943 1420 959 ,
1447 921 1645 955 Laurentium
1658 943 1669 957 ,
1697 921 1865 954 Adrianum
1876 941 1886 956 ‚
1913 929 1975 952 cum
1985 924 2044 950 An·

1166 970 1230 1011 gelo
1245 975 1426 1009 percutiente
1435 992 1445 1006 ‚
1474 974 1635 1002 exercitum
1653 966 1740 1010 suum
1756 969 1959 1009 praecedentes
1971 993 1982 1009 ‚
2009 970 2044 1002 (τ

1171 1018 1291 1058 bostium
1302 1029 1403 1055 cuneos
1415 1019 1460 1052 ad
1462 1017 1570 1062 fugam
1578 1019 1773 1059 propellentes
1783 1042 1790 1049 .
1819 1022 1864 1051 Et
1881 1018 1951 1059 ficut
1963 1029 2045 1052 exer-

1171 1076 1244 1101 citus
1255 1067 1451 1102 sennacherib
1463 1066 1508 1101 abv
1516 1070 1621 1112 Angelo
1625 1074 1811 1109 percutiente
1832 1074 1977 1102 contritus
1987 1067 2025 1107 est
2032 1093 2044 1108 ,

1172 1121 1205 1152 Θ
1212 1124 1306 1160 periit
1314 1143 1325 1159 ,
1335 1124 1380 1153 ita
1390 1120 1422 1152 (ς
1429 1125 1525 1151 omnis
1537 1120 1592 1151 illa
1604 1118 1810 1152 Barbarorum
1822 1120 1980 1152 multitudo
1987 1126 2044 1159 per

1170 1171 1384 1202 Deivirtutem
1394 1175 1555 1202 conterrita
1567 1193 1576 1207 ,
1600 1170 1741 1209 projasis
1752 1176 1844 1202 armis
1858 1194 1868 1209 ‚
1887 1168 1949 1209 fine
1967 1167 2045 1208 effis-

1168 1218 1241 1259 fione
1253 1221 1411 1261 Sanguinis
1420 1218 1655 1255 Christianorum
1669 1243 1678 1258 ,
1684 1218 1772 1262 fugae
1780 1217 1952 1260 praefidium
1962 1229 2046 1260 quae-

1163 1267 1235 1309 fivit
1245 1293 1252 1301 .
1281 1271 1352 1311 ,Quo
1364 1267 1428 1310 viso
1436 1272 1503 1302 Rex
1514 1268 1643 1301 sunaus
1653 1291 1664 1306 ‚
1689 1270 1817 1303 elevatis
1830 1270 1917 1301 oculis
1930 1279 1965 1301 ac
1976 1279 2048 1301 met-

1170 1319 1258 1350 m'bus
1269 1324 1301 1350 in
1310 1318 1413 1350 coelum
1427 1342 1439 1357 ,
1465 1318 1616 1350 benedixit
1631 1321 1691 1351 Deo
1701 1320 1764 1352 carli,
1777 1342 1788 1357 ,
1814 1319 1847 1351 (π
1857 1324 1902 1349 ait
1914 1331 1921 1349 :
1948 1320 2046 1350 Bene-

1169 1369 1236 1400 dico
1248 1376 1276 1399 te
1291 1371 1358 1400 Rex
1369 1368 1489 1403 Coeli&
1500 1375 1590 1399 terrae
1602 1390 1613 1406 ,
1640 1372 1692 1408 qui
1711 1365 1849 1408 superbis
1860 1365 1960 1406 refistis
1973 1390 1984 1405 ,
2011 1367 2046 1400 <5

1171 1417 1332 1452 humilibus
1350 1418 1408 1449 das
1426 1421 1561 1461 gratiam
1573 1439 1584 1455 ,
1611 1423 1662 1457 qui
1684 1415 1805 1455 custodis
1824 1416 1982 1459 diligentes
1992 1424 2043 1456 te,

1170 1468 1203 1501 Θ
1222 1468 1401 1510 glorificatus
1426 1479 1456 1504 es
1469 1465 1667 1509 ingentibus,
1691 1474 1816 1508 propter
1835 1467 1942 1499 datam
1963 1465 2048 1498 nobis

1173 1519 1210 1551 de
1220 1519 1288 1550 coelo
1298 1516 1455 1549 vic‘loriam
1464 1541 1471 1548 .
1499 1516 1591 1553 Villis
1602 1527 1668 1558 ergo
1682 1516 1835 1554 Barbaris
1844 1540 1854 1555 ,
1883 1518 1917 1550 (9
1927 1527 1993 1559 quae
2005 1516 2050 1549 ad

1165 1567 1310 1609 futuram
1320 1576 1425 1608 pacem
1432 1567 1562 1608 prodesJe
1573 1575 1718 1607 poterant
1730 1590 1740 1606 ‚
1765 1566 1925 1607 firmiffima
1934 1566 2049 1607 pac‘iio-

1173 1629 1208 1650 ne
1213 1617 1360 1657 stabilitis
1372 1641 1382 1657 ‚
1410 1623 1461 1650 vir
1481 1618 1596 1650 Beatus
1609 1627 1672 1649 cum
1690 1615 1753 1658 suis
1765 1622 1797 1649 in
1810 1615 1835 1658 s
1833 1628 1871 1648 ua
1894 1618 2050 1650 redierunt

1171 1678 1236 1701 cum
1247 1677 1321 1709 pace
1331 1689 1341 1705 ‚
1358 1666 1559 1712 glorificantes
1572 1667 1776 1700 &laudantes
1789 1668 1904 1706 Deum,
1930 1672 1980 1709 qui
1987 1664 2049 1709 sal·

1150 1743 1152 1745 >
1171 1727 1230 1753 vat
1238 1716 1394 1761 sperantes
1406 1722 1439 1750 in
1446 1715 1478 1760 se
1489 1739 1496 1747 .
1526 1717 1673 1753 Omnem
1688 1716 1879 1750 Exercitum
1892 1727 1969 1750 ante
1984 1726 2049 1758 ,pu-

1150 1764 1152 1767 ’
1172 1779 1271 1812 guam
1293 1768 1404 1812 coegit
1431 1766 1473 1801 ad
1493 1766 1767 1804 Sacramentalem
1795 1766 2049 1809 poenitentiam,

1171 1818 1461 1861 &perceptionem
1486 1814 1701 1853 Eucharissici
1714 1816 1824 1849 viatici
1848 1827 1886 1850 ac
1897 1814 2024 1853 roboris
2038 1838 2047 1849 .

1172 1868 1305 1912 Insuper
1326 1869 1432 1911 ipsum
1445 1867 1595 1910 piiffirnis
1619 1865 1659 1900 nd
1673 1866 1784 1900 Deum
1795 1865 1942 1910 precibus
1959 1876 2048 1900 com-

1173 1920 1334 1954 munivit.

1224 1969 1372 2004 Eandem
1395 1970 1547 2012 pietatem
1574 1970 1666 2004 fuiffe
1676 1971 1831 2004 servatam
1853 1969 1895 2005 ab
1907 1970 2047 2013 Impera·

1172 2027 1244 2052 tore
1256 2018 1379 2053 Carolo
1393 2020 1523 2063 Magno
1533 2042 1546 2057 „
1570 2021 1704 2054 testatur
1716 2021 1749 2053 in
1761 2021 1831 2061 ejus
1847 2020 1937 2054 Astis
1948 2020 2046 2062 Joan-

1174 2079 1229 2102 nes
1249 2067 1408 2111 Tilpinus
1437 2068 1740 2114 Archi-Episcopus
1764 2069 1934 2104 Remenfis
1956 2094 1963 2102 .
1990 2071 2044 2103 De
2115 2091 2170 2129 ²3*

1170 2118 1237 2159 ejus
1249 2119 1346 2151 Duce
1357 2118 1516 2152 Rolando
1526 2131 1563 2152 ac
1576 2121 1669 2153 omni
1683 2122 1825 2153 exercitu
1840 2119 1948 2153 scribit
1960 2133 1971 2152 .-
1994 2124 2047 2151 Ae·

1170 2173 1246 2207 cepit
1262 2166 1323 2208 ipse
1335 2169 1491 2200 Rolandus
1500 2169 1605 2202 eadem
1615 2171 1663 2202 die
1675 2169 1896 2208 Eucharistiam
1911 2194 1921 2209 ,
1948 2171 1982 2202 (9·
1992 2170 2043 2201 de·

1170 2216 1303 2249 liciorum
1310 2214 1430 2258 suorum
1450 2217 1644 2258 confefflonem
1655 2221 1674 2251 ἆ
1686 2218 1865 2261 quibusdam
1878 2221 1898 2251 5
1899 2220 2041 2251 acerdoti-

1169 2267 1224 2299 bus
1236 2291 1246 2306 ‚
1274 2275 1437 2308 antequam
1452 2269 1498 2299 ad
1506 2267 1611 2300 bellum
1629 2277 1807 2309 properaret
1816 2293 1824 2300 .
1855 2272 1936 2301 Erat
1961 2274 2043 2301 enim

1170 2327 1231 2348 mos
1243 2326 1275 2348 ut
1287 2328 1387 2349 omnes
1404 2318 1790 2359 pugnatores-Eucharistia
1810 2320 1845 2352 (θ’
1867 2317 2042 2358 Confeffione

1166 2375 1222 2408 per
1230 2378 1335 2398 manus
1347 2369 1536 2400 sacerdotum
1549 2392 1560 2408 ,
1586 2367 1798 2411 Episcoporum
1822 2370 1855 2402 ὀ·
1880 2367 2041 2400 Monacbo-

1169 2428 1236 2449 rum
1250 2440 1260 2455 ‚
1286 2422 1340 2459 qut
1349 2416 1393 2449 ibt*
1401 2418 1528 2450 aderant
1539 2442 1548 2456 ,
1576 2425 1785 2456 munirentur,
1812 2426 1976 2459 antequam
1984 2425 2042 2458 pu·

1164 2477 1260 2510 gnam
1271 2476 1325 2499 aut
1344 2467 1454 2501 bellum
1464 2473 1552 2500 iniret
1564 2491 1571 2498 .
1602 2468 1712 2501 Etiam
1734 2467 1775 2500 de
1786 2464 1952 2509 Stephano
1971 2468 2043 2500 An-

1169 2516 1300 2561 glorum
1311 2516 1406 2560 Rege
1416 2528 1454 2550 ac
1481 2517 1548 2558 ejus
1559 2518 1704 2550 exercitu
1729 2526 1845 2550 contra
1856 2518 1972 2551 scotos
1986 2528 2041 2559 pu·

1170 2578 1329 2610 gnaturo,
1359 2565 1468 2599 scribit
1493 2568 1524 2597 in
1548 2567 1633 2599 libro
1659 2568 1698 2599 de
1714 2566 1801 2600 bello
1823 2567 2040 2601 Standardico

1172 2615 1355 2651 Richardus
1373 2615 1466 2648 Prior
1481 2616 1627 2650 Ecclefiae
1643 2614 1926 2659 Hagustaldenfis:
1958 2622 2040 2649 Tur·-

1163 2666 1260 2705 stinus
1269 2663 1454 2705 Eboracenlis
1467 2665 1733 2708 Archi-Episcopus
1748 2668 1807 2698 illis
1815 2667 1877 2708 post
1889 2675 2041 2708 acceptam

1166 2722 1326 2757 privatam
1342 2718 1551 2748 Paenitentiam
1560 2718 1674 2748 indixit
1685 2717 1860 2749 triduanum
1881 2728 1944 2749 cum
1956 2718 2039 2749 Elee-

1169 2764 1292 2808 moJJnis
1298 2767 1450 2806 jejunium
1459 2788 1469 2803 ,
1493 2776 1528 2798 ac
1537 2766 1645 2799 deinde
1655 2765 1863 2808 absolutionem
1873 2769 1906 2799 Θ·
1919 2767 2041 2799 benedi·

1169 2815 1289 2847 arionem
1306 2819 1365 2848 Dei
1387 2827 1420 2848 ac
1426 2813 1512 2857 suam
1530 2813 1697 2857 solemniter
1714 2816 1840 2849 tribuit„
1870 2815 1911 2848 Et
1936 2815 2016 2849 infra
2027 2828 2037 2848 2

1171 2867 1283 2898 Eodem
1293 2873 1419 2907 tempore
1429 2865 1506 2905 misit
1512 2866 1610 2899 Archi·
1617 2870 1644 2898 E
1643 2864 1777 2908 pisi-opus
1788 2871 1831 2899 eis
1840 2865 2036 2907 Radulpbum

1169 2925 1351 2958 cognomento
1372 2919 1409 2948 N
1410 2917 1534 2948 ovellum
1557 2940 1568 2954 ,
1606 2913 1802 2958 Orcadensem
1833 2913 2012 2958 Episcopum
2023 2939 2037 2956 ,

1169 2967 1231 2997 cum
1242 2966 1370 3007 quodam
1382 2966 1419 2998 de
1432 2965 1662 2998 Archi-diaconis
1679 2964 1704 3007 s
1698 2971 1744 2997 uis
1756 2976 1790 2997 ac
1801 2967 1873 2998 aliis
1886 2966 2007 2998 Clericis
2022 2989 2036 3006 ,

1169 3021 1218 3057 qui
1231 3016 1351 3057 Populis
1362 3017 1490 3057 quotidie
1503 3018 1547 3047 ad
1555 3027 1601 3047 eos
1612 3022 1791 3048 catervatim
1801 3015 2011 3055 confluentibus
2021 3039 2035 3056 ,

1169 3071 1233 3098 vice
1238 3063 1294 3108 fica
1301 3071 1518 3107 paenitentiam
1529 3067 1699 3108 injungeret
1716 3066 1749 3099 6*
1760 3064 1970 3108 absolutionem
1982 3067 2038 3098 da-

1168 3122 1230 3148 ret.
1259 3116 1310 3150 Ac
1322 3116 1452 3158 insuper
1466 3115 1701 3148 Eucharistiam
1712 3140 1719 3147 .
1748 3116 1880 3148 Etenim
1909 3116 1957 3149 isti
1973 3115 2038 3149 bel-

1168 3166 1284 3199 latores
1312 3165 1374 3199 hoc
1401 3167 1499 3199 Sacro
1509 3183 1518 3189 -
1531 3165 1680 3198 sanetum
1709 3165 1953 3199 Sacramentum
1981 3164 2037 3198 fibi

1167 3216 1265 3249 etiam
1279 3217 1310 3249 in
1323 3214 1445 3248 vexillo
1457 3237 1466 3252 ,
1487 3215 1540 3247 seu
1554 3215 1737 3249 Standardo
1745 3216 1950 3258 praetulerunt
1962 3239 1972 3254 ‚
1997 3224 2036 3247 ae

1168 3265 1454 3309 inde-appellarunt
1474 3264 1595 3298 bellum
1607 3266 1858 3301 Standardicum
1870 3290 1878 3297 .
1905 3266 1958 3298 Est
1981 3275 2038 3297 an·

1167 3316 1268 3359 tiquis
1291 3316 1391 3349 etiam
1403 3312 1595 3349 Christianis
1617 3326 1695 3350 nota
1719 3327 1759 3350 ac
1782 3316 1889 3349 usitata
1912 3314 2011 3358 pietas
2022 3336 2038 3353 ,

1167 3366 1279 3400 verum
1302 3365 1319 3398 a
1346 3365 1462 3399 nostris
1481 3365 1683 3408 temporibus
1701 3364 1905 3405 veneranda,
1933 3363 2041 3398 neuti-

1169 3427 1266 3460 quam
1281 3413 1457 3449 imitanda.

1221 3465 1333 3500 Aliam
1354 3465 1393 3499 ad
1417 3464 1520 3508 praelia
1541 3466 1791 3509 praeparatricem
1820 3463 1949 3506 pietatis
1967 3463 2040 3507 spe-

1173 3516 1258 3552 ciem
1279 3513 1389 3551 laudat
1411 3516 1446 3550 iu
1470 3516 1613 3551 secundo
1625 3513 1868 3550 chronicorum
1882 3513 1965 3548 libro
1976 3513 2044 3549 Ve-

1909 3573 1994 3599 nera-

2087 2663 2187 2708 1138.
