2366 3736
93 2844 146 2879 Ad
160 2856 239 2879 ann.

95 2906 189 2942 ¹294·

92 3096 144 3130 Ad
167 3108 240 3130 ann.

95 3157 191 3193 1299·

373 172 443 204 nr.
475 149 756 218 A‘Nrt‘cssvn
792 151 1163 200 Drscn’nNA
1199 146 1445 197 effinse.
1482 148 1768 196 Minuta:

246 242 345 284 Regni
353 240 483 273 alienum
492 241 511 272 ἃ
523 243 678 284 nignitate
685 241 772 280 Regis
783 236 834 278 effe
844 239 950 274 rati‚ut
963 236 1027 265 Rex
1040 234 1115 265 Pon-

246 289 336 331 tifieis
354 293 480 331 Imperio
501 292 544 323 ad
558 287 762 332 paciscendum
774 287 811 318 de
829 293 902 326 pace
914 292 968 315 aut
990 283 1114 315 induciis

247 349 313 372 cum
326 340 417 382 Anglo
426 349 571 384 cogeretur
583 363 594 379 ‚
618 335 727 377 confilio
735 334 787 378 suo
809 334 983 376 Philippum
1003 343 1113 365 monite»

247 395 338 430 runt;
367 400 402 422 ne
418 388 451 432 se
471 392 515 423 ad
530 390 582 422 illa
603 385 738 429 obsequia
758 386 942 423 dimitteret,
966 380 1054 425 seque
1076 391 1105 414 to

247 443 289 470 tis
311 439 426 471 viribus
438 463 448 479 ,
468 438 498 481 fi
513 437 586 480 quid
601 445 703 468 contra
723 444 888 469 tentaretur
910 458 921 473 ,
945 431 1114 472 obstituros.

246 487 375 531 Vestigia
397 489 573 531 Decefforum
589 484 708 528 suorum
726 494 864 527 premens
888 483 1046 524 Philippus
1065 485 1115 514 IV.

249 542 334 570 Anno
349 548 444 583 1297.
452 537 595 578 prudenti
608 534 783 579 responsione
795 539 943 578 Dignitati
950 530 1012 575 suae
1022 536 1116 571 cavit,

246 597 314 620 cum
337 587 455 619 indiciis
478 588 498 618 ἃ
520 585 674 627 Bonifacio
695 590 777 618 Vnt.
797 585 841 616 ad
861 583 1008 618 biennium
1031 583 1116 616 indu-

247 642 300 670 ciis
322 634 509 678 interipsum
529 639 660 679 Regem,
688 636 722 669 (θ’
747 640 964 672 Romanorum,
992 633 1118 675 Angliae-

246 696 302 727 que
312 688 404 728 Reges
416 709 427 725 ,
452 687 486 724 <5
500 687 529 717 E
532 690 818 720 xeommunicationis
824 682 979 726 sententiis
988 706 998 721 ,
1010 683 1117 715 adver·

245 735 315 767 sum
326 734 517 779 refragantes
528 737 600 769 la'ti's
611 761 622 777 ,
648 747 705 769 uon
726 739 874 777 acquievit
887 758 894 764 .
927 730 1118 770 Administra-

245 789 355 820 tionem
376 788 471 829 Regni
487 784 558 828 sui,
584 797 651 828 quae
671 788 690 819 ἃ
708 784 761 828 fiio
774 782 865 827 solius
876 783 1001 815 arbitrio
1021 782 1121 824 quoad

248 837 425 876 temporalia
442 837 587 877 penderet
599 860 610 874 ‚
637 841 746 869 nemini
753 834 943 876 conceffurum
956 857 967 872 ,
993 841 1046 864 aut
1053 830 1118 872 sub-

247 885 394 927 mt'ffurum
409 885 575 928 profeffus,
595 883 726 928 sediura
738 888 832 926 Regni
839 881 887 925 sui
890 883 1013 925 fortiter
1032 886 1119 914 tuitu-

248 946 313 968 rum
325 934 469 977 adversus
482 935 572 974 hostes
581 958 592 974 ,
618 946 689 976 quos
697 932 854 976 sententia.¹
876 936 1119 966 Excommunica-

249 990 339 1017 tionis
356 990 455 1028 potius
477 985 648 1025 implicent,
675 995 764 1026 quam
785 987 913 1026 Regem.
940 986 976 1014 In
993 987 1030 1013 iis
1052 982 1121 1014 vero

251 1045 320 1075 quae
334 1032 508 1075 spiritualia
519 1039 711 1077 contingunt,
735 1032 769 1077 se
779 1044 855 1067 more
867 1032 1043 1075 Decefforum
1060 1030 1123 1074 suo-

247 1094 317 1115 rum
329 1106 340 1122 ,
368 1093 401 1116 ut
411 1084 549 1123 devotum
560 1085 644 1125 Sedis
657 1084 840 1126 Apostolicae,
867 1083 900 1115 (9⁸
923 1080 1050 1122 Ecclefioe
1072 1085 1124 1119 Fi·

249 1134 324 1166 lium
335 1156 346 1172 ,
373 1138 405 1165 in
416 1142 563 1175 quantum
575 1143 689 1166 tenetur
699 1136 732 1168 (9⁹
742 1133 827 1167 debet
836 1158 847 1174 ,
873 1131 1078 1168 monitionibus
1091 1132 1125 1168 Φ·

251 1184 416 1224 Praeceptis
430 1183 582 1226 Pontificis
603 1190 771 1225 pariturum
785 1209 792 1216 .

302 1232 470 1266 Dominus
494 1233 616 1268 Archi·
630 1234 807 1277 Episcopus
826 1231 1013 1277 subjungit:
1040 1233 1127 1275 ,Quin

248 1281 349 1324 plures
367 1281 469 1324 futuri
482 1281 567 1324 fint,
592 1289 644 1325 qui
664 1283 721 1316 bas
742 1286 928 1318 induciarum
951 1282 1126 1315 indie‘lion'es

253 1333 388 1365 audaciae
399 1331 591 1374 adscribant,
604 1344 661 1366 non
674 1333 775 1368 dubito
784 1359 791 1366 .
806 1338 947 1368 Attamen
954 1331 983 1374 Ji
987 1337 1055 1375 quis
1071 1335 1129 1364 Mo-

253 1392 304 1415 res
314 1382 398 1414 illius
406 1380 508 1424 saculi
517 1382 744 1426 investigaverit
756 1410 765 1426 ‚
786 1393 820 1417 ut
831 1388 944 1425 Regum
956 1380 1129 1423 Caussaefa-

253 1431 337 1467 ‘vehit
348 1455 359 1471 ‚
384 1433 430 1464 itci
436 1439 591 1473 praetextu
599 1431 678 1473 satis
685 1432 831 1472 probabili
842 1436 988 1463 Romanos
1003 1429 1127 1471 Pontifi-

253 1490 300 1513 ces
313 1492 370 1513 non
381 1480 587 1522 omninofuiffe
597 1479 749 1520 destitutos
761 1485 902 1514 inveniet.
917 1480 1049 1514 Etenim
1064 1479 1128 1513 Ro-

251 1531 344 1566 mani
368 1530 546 1563 Pontifices
568 1530 702 1574 privatis
727 1529 909 1565 mediorum
942 1530 1129 1563 saeculorum

252 1578 348 1614 bellis
369 1578 560 1613 indixerunt
581 1579 748 1623 inducias,
774 1581 927 1624 Treguas
945 1581 977 1613 &
993 1580 1110 1615 Pacem
1123 1604 1131 1612 .

251 1627 351 1669 Etad
373 1627 512 1672 ipsarum
535 1630 663 1673 plenam
685 1629 923 1665 observantiam
948 1640 1001 1672 per
1012 1629 1133 1665 Censu-

252 1689 306 1712 ras
322 1679 686 1722 compulerunt&alias
710 1691 837 1723 poenas.
866 1681 1014 1714 Eandem
1040 1679 1135 1714 Pote-

254 1728 371 1763 statem
385 1729 966 1772 exercueruntProvinciales-Synodi
978 1753 986 1761 .
1015 1729 1058 1768 Et
1077 1741 1135 1764 ue-

255 1789 314 1814 mo
336 1777 418 1822 ipsas
429 1789 573 1823 unquam
588 1781 694 1824 arguit
707 1781 747 1814 de
771 1781 947 1814 Attentato
959 1803 966 1812 .
993 1779 1137 1813 Proinde

254 1828 289 1862 ἀ
302 1828 442 1871 publicis
450 1829 581 1873 Regum
593 1829 687 1864 bellis
701 1830 873 1864 Romanus
887 1829 1044 1863 Pontifex
1057 1853 1067 1869 ,
1079 1830 1138 1862 im·

256 1876 315 1910 md
334 1878 368 1913 δε
391 1878 615 1913 provinciales
639 1879 766 1923 Synodi
794 1881 824 1914 fe
846 1879 1029 1916 immiscere
1061 1879 1137 1922 pos-

253 1926 319 1961 {int
333 1952 344 1968 ‚
370 1928 515 1972 ipsosque
538 1941 592 1972 per
605 1930 711 1964 Sanffl
738 1930 827 1964 Petri
849 1928 1005 1967 Gladium
1020 1940 1136 1973 cogere

254 1976 298 2009 ad
328 1987 455 2019 pacem.
483 1977 626 2012 Proinde
647 1980 814 2012 Dominus
834 1977 940 2012 Archi
960 1996 971 2003 -
996 1978 1135 2021 Episco-

260 2037 320 2070 pus
342 2026 475 2068 cespitat
499 2038 509 2068 ;
535 2027 568 2060 ἀ
591 2027 805 2061 pontificiam
829 2027 999 2070 juffionem
1022 2029 1056 2063 δε
1075 2027 1139 2061 Re-

260 2086 342 2120 gum
363 2076 615 2120 refragationem
639 2078 746 2111 censet
770 2076 929 2121 probabili
946 2078 1138 2111 fundamen·

261 2134 297 2158 to
312 2125 395 2167 niti,
422 2125 566 2169 adeoque
591 2127 653 2161 effe
665 2138 768 2170 aequas
792 2128 825 2163 &
842 2127 960 2170 justas.
987 2129 1071 2174 Qae
1080 2126 1135 2161 do-

259 2176 360 2214 &rina
379 2187 422 2210 an
443 2174 538 2220 plene
560 2175 719 2210 cohaereat
743 2201 754 2217 ,
782 2177 936 2220 permitto
960 2176 1033 2209 aliis
1053 2176 1136 2218 judi-

260 2225 404 2259 candum
425 2247 433 2258 .
463 2224 507 2258 Et
526 2225 712 2260 constanter
740 2225 852 2260 adsero
875 2225 967 2259 istam
993 2225 1136 2259 Potesta-

258 2285 326 2308 tem
340 2275 462 2317 semper
484 2275 575 2308 fuisse
600 2276 759 2310 Romanis
781 2274 1016 2311 Pontificibus.
1043 2274 1136 2309 Hinc

255 2323 429 2358 Eduardus
453 2324 476 2356 1.
502 2323 693 2369 Anglorum
716 2325 788 2358 Rex
809 2348 820 2365 ,
845 2325 923 2359 dum
945 2324 1135 2368 Philippum

257 2372 438 2410 Pulchrum
452 2374 650 2408 Francorum
666 2375 792 2420 Regem
805 2375 894 2410 nulla
906 2375 1010 2419 posset
1031 2376 1081 2409 via
1093 2375 1134 2410 ad

257 2435 372 2467 pacem
396 2424 580 2466 traducere,
608 2425 649 2459 ad
674 2425 908 2470 ipsumlegavit
929 2424 1130 2460 Richardum

260 2474 506 2510 Londinensem
519 2474 718 2518 Episcopum
732 2500 744 2516 ,
771 2476 839 2519 post
854 2475 957 2511 varias
971 2476 1134 2510 conditio-

258 2534 319 2558 nes
346 2522 413 2557 haec
435 2524 669 2567 propositurum
694 2538 705 2557 .·
741 2526 834 2568 ,Quod
849 2523 876 2566 fi
898 2538 949 2560 nec
970 2524 1048 2565 istud
1066 2530 1131 2559 Rex

261 2576 446 2605 Francorum
466 2580 662 2614 acceptaverit
677 2598 687 2613 ,
712 2579 742 2606 in
760 2573 909 2616 summum
940 2575 1131 2618 Pontificem,

258 2624 343 2663 cujus
365 2621 401 2662 est
411 2627 488 2655 inter
500 2626 591 2666 Reges
603 2625 636 2656 &
650 2627 750 2667 Regna
770 2632 873 2665 pacem
876 2624 985 2665 fovere
998 2649 1009 2665 ‚
1034 2624 1130 2668 trans2

253 2672 379 2715 feratur
399 2673 437 2705 de
458 2669 592 2715 consensu
604 2683 700 2706 mutuo
712 2680 853 2717 negotium
864 2699 875 2714 ,
901 2685 933 2707 ut
951 2676 1013 2707 litis
1030 2677 1063 2709 ό*
1076 2673 1135 2717 dis·

259 2724 367 2755 cordiae
372 2719 509 2764 submota
519 2729 647 2757 materia
661 2747 671 2763 ,
692 2732 757 2764 pax
769 2731 845 2757 inter
856 2735 901 2756 eos
914 2727 948 2757 (9·
958 2736 1054 2757 eorum
1079 2728 1131 2758 Po-

255 2773 342 2814 pulos
352 2771 484 2813 refloreat
495 2784 504 2814 3
517 2782 551 2806 ut
557 2772 686 2816 solebat.
713 2774 760 2807 Ita
774 2773 883 2808 scribit
893 2774 1045 2808 Thomas
1057 2774 1133 2807 Mo-

260 2821 385 2856 nachus
399 2822 684 2867 Waifingamenfis
698 2847 708 2863 ‚
734 2824 766 2858 δε
779 2823 947 2871 subjungit
956 2825 998 2857 de
1011 2824 1131 2858 eisdem

259 2872 407 2917 Regibus
427 2883 464 2906 ac
486 2873 662 2907 Bonifacio
683 2872 774 2906 VlII.
802 2872 984 2908 Pontifice':
1013 2876 1134 2907 Eduar-

260 2923 315 2955 dus
320 2922 388 2963 fuit
409 2928 441 2955 in
463 2924 614 2956 Flandria
634 2925 718 2964 apud
739 2925 926 2957 Gauda-vum
949 2948 960 2964 ,
986 2926 1029 2956 ad
1046 2935 1132 2966 quem

260 2981 405 3005 venerunt
419 2971 554 3016 Magister
565 2975 691 3006 Ordinis
710 2975 944 3006 Praedicatorum
954 2996 964 3012 ‚
988 2975 1021 3007 (tt
1043 2977 1132 3006 Mini-

257 3022 314 3060 ster
328 3023 478 3056 Generalis
493 3026 638 3056 Fratrum
650 3026 795 3054 Minorum
807 3049 817 3063 ‚
844 3024 940 3066 quiex
948 3033 1038 3066 parte
1077 3026 1131 3056 Do-

262 3078 335 3103 mini
347 3075 441 3113 Papae
451 3081 630 3116 rogaverunt
636 3071 838 3115 fiipplicantes
848 3099 857 3113 ,
882 3084 1028 3116 quatenus
1042 3078 1077 3106 N
1079 3086 1130 3106 un-

262 3127 317 3153 tios
324 3120 463 3164 solemnes
475 3124 518 3155 ad
526 3127 652 3156 Curiam
664 3126 829 3157 Romanam
840 3148 850 3164 ,
879 3124 1001 3166 concessa
1021 3129 1064 3156 e1‘s
1080 3132 1129 3166 po-

263 3170 365 3210 testate
374 3173 464 3212 plena
472 3173 625 3206 tractandi
636 3198 647 3213 ,
657 3175 820 3219 ordinandi
832 3198 842 3213 ,
853 3174 885 3206 ζ’]
892 3174 1067 3216 perficiendi
1078 3186 1132 3206 om-

263 3227 316 3252 nia
325 3244 335 3259 ‚
347 3232 412 3262 quae
419 3227 503 3263 pacis
516 3223 756 3265 reformationem
766 3233 933 3266 tangerent,
945 3221 1134 3265 destinarent,

263 3271 297 3303 (zi
309 3269 370 3312 ipse
383 3271 550 3312 apostolicus
562 3297 573 3313 ,
583 3284 639 3305 non
651 3282 795 3316 tanquam
800 3275 898 3314 judex
911 3298 921 3313 ‚
931 3272 988 3316 sed
997 3284 1028 3306 ut
1040 3275 1129 3307 bonus

258 3327 346 3363 pacis
358 3321 499 3353 mediator
507 3326 539 3353 in
550 3324 655 3355 nullius
661 3326 870 3364 praejudicium
876 3322 1026 3366 satageret
1033 3326 1130 3366 adpa-

262 3381 322 3404 cem
334 3371 369 3404 (9
379 3371 627 3412 tranquillitatem
640 3376 806 3416 Regnorum
818 3398 828 3413 ‚
844 3378 956 3417 Regum
968 3379 1132 3407 amicitiam

263 3419 412 3460 inflatum
427 3419 579 3460 pristinum
599 3421 777 3461 reformare.
808 3427 852 3456 Et
864 3430 934 3465 quia
951 3423 1002 3457 hoc
1024 3422 1131 3466 absque

263 3470 383 3514 Treguis
415 3469 482 3511 fieri
504 3481 560 3502 non
579 3472 653 3512 ροσε
676 3474 833 3512 judicavit
855 3476 999 3507 Dominus
1023 3476 1132 3517 Papa,

361 3518 470 3572 Christ.
483 3523 564 3563 Lupi
574 3523 672 3562 Opera
683 3524 826 3555 Tomxl.

1915 157 2003 195 1<5r

1175 232 1240 264 ideo
1254 239 1309 273 per
1332 242 1384 264 nos
1396 236 1524 266 Nuntios
1535 258 1545 273 ‚
1571 232 1723 267 biennales
1744 230 1882 264 inducias
1892 242 1967 273 quas
1982 240 2038 273 per

1176 281 1357 315 Cardinales
1370 283 1579 323 imploraverat
1592 307 1602 323 ‚
1628 283 1742 315 indixit
1754 283 1791 314 de
1801 279 2036 323 novosubpoena

1177 336 1206 366 E
1211 336 1495 365 xcornmunicationis
1509 334 1542 365 <v
1562 333 1711 365 interdic‘li
1730 341 1879 365 terrarum
1895 327 2041 378 suarum.

1180 383 1221 414 Et
1236 382 1302 424 post
1317 380 1484 425 quaedam:
1512 381 1731 423 Transmittunt
1747 385 1841 424 Reges
1850 386 1967 423 utrique
1971 377 2043 422 solo·

1176 443 1259 464 mnes
1273 435 1405 464 Nuntios
1418 442 1482 464 cum
1490 432 1581 471 plena
1588 431 1729 471 potestate
1736 434 1777 464 ad
1791 435 1917 464 Curiam
1936 434 2044 463 Roma·

1178 494 1249 514 nam
1262 505 1273 521 ,
1286 490 1319 515 ut
1326 489 1381 522 per
1393 481 1596 513 mediationem
1608 481 1752 522 Apollolici
1765 492 1820 513 non
1829 490 1976 522 tanquam
1979 483 2011 524 J
2013 490 2045 512 u·

1179 533 1252 565 dicis
1259 529 1317 573 secl
1326 530 1511 563 admicabilis
1524 529 1722 571 Compofitoris
1734 554 1745 570 ,
1772 529 1892 572 discuffis
1905 534 2048 574 negotiis,

1180 584 1249 614 Pax
1270 587 1348 613 inter
1368 583 1461 624 Reges
1493 581 1526 613 <St
1549 582 1697 612 concordia
1717 579 1889 621 reformetur
1911 603 1918 612 .
1945 575 2050 626 Qod

1180 631 1336 665 Pontifex
1351 643 1417 664 non
1440 630 1475 664 sit
1498 630 1678 674 Regiarum
1703 629 1915 669 quaestionum
1935 628 2052 670 judex,

1180 682 1223 718 est
1248 680 1457 715 manifestum
1480 704 1490 719 ‚
1517 680 1551 715 δε
1570 678 1610 713 ab
1631 678 1785 712 omnibus
1816 678 2052 721 profitendum.

1181 731 1284 777 Qod
1307 731 1382 764 vero
1405 742 1471 764 non
1492 730 1574 763 solas
1595 728 1920 767 Induciasindicere,
1947 727 2000 761 sed
2011 736 2061 761 et-v

1185 783 1245 818 iam
1269 780 1310 814 ad
1337 791 1446 824 pacem
1470 781 1563 822 possit
1585 791 1639 823 per
1660 779 1820 813 Censuras
1842 777 2056 820 compellere,

1185 833 1260 864 item
1272 830 1317 864 est
1339 842 1406 865 uon
1419 830 1656 874 ambigendum
1669 855 1675 863 .
1695 826 1798 876 Qod
1809 828 1986 871 Gregorius
1998 825 2059 859 IV.

1185 879 1582 924 Imperatorivaudovici
1604 879 1656 913 Pii
1678 879 1782 913 Filios
1810 878 1851 911 ad
1881 875 2060 910 ineundam

1185 943 1260 965 cum
1284 931 1378 964 Patre
1395 941 1504 973 pacem
1525 928 1719 972 compulerit
1742 939 1796 972 per
1817 929 1987 966 censuram,
2015 924 2062 960 est

1186 977 1341 1015 omnibus
1361 990 1500 1014 notum.
1527 979 1609 1015 Istos
1630 979 1761 1013 eosdem
1774 978 1860 1012 filios
1881 978 1921 1012 ad
1936 978 2020 1010 inter
2032 976 2064 1011 se

1188 1029 1304 1067 mutuo
1334 1030 1602 1065 concordandum
1633 1028 1861 1072 compulerunt
1899 1025 2066 1061 Gallicani

1190 1081 1361 1125 Episcopi.
1390 1079 1501 1114 Etiam
1523 1079 1681 1114 Carolum
1704 1079 1845 1113 Calvum
1867 1077 1908 1113 ad
1931 1086 2068 1111 concor-

1190 1132 1334 1166 dandum
1355 1142 1430 1164 cum
1455 1131 1821 1173 nepote&1mperatore
1842 1127 2014 1163 Ludovico
2024 1123 2068 1158 11.

1194 1183 1233 1216 Et
1245 1180 1330 1215 certe
1341 1181 1358 1216 ὲ
1369 1181 1462 1214 bellis
1482 1181 1614 1224 privatis
1624 1180 1663 1214 ad
1678 1179 1807 1223 publica
1816 1179 1947 1213 ducitur
1958 1176 2068 1222 legiti-

1193 1243 1244 1267 ma
1255 1231 1505 1273 consequentia.
1535 1231 1578 1264 Et
1593 1230 1793 1273 Episcopalis
1812 1228 1994 1264 authoritas
2012 1237 2071 1270 po-
2100 1267 2102 1273 y

1194 1281 1253 1316 test
1279 1292 1335 1323 per
1353 1281 1501 1316 censuras
1511 1279 1704 1323 compeliere
1723 1279 1764 1315 ad
1777 1278 1990 1315 ceffanduma
2001 1276 2071 1319 qui-

1195 1330 1333 1367 buslibet
1346 1329 1471 1371 injuriis
1483 1354 1490 1361 .

1249 1379 1400 1416 Adducta
1425 1379 1442 1412 ὲ
1468 1379 1620 1414 Domino
1644 1377 1946 1423 Archi-Episcopo
1967 1387 2076 1411 exem-

1197 1430 1247 1473 pla
1263 1441 1329 1463 non
1352 1429 1474 1463 faciunt
1492 1427 1530 1462 ad
1558 1441 1642 1462 rem.
1672 1430 1857 1463 Audiamus
1879 1429 2078 1463 Matthaeum

1200 1479 1422 1514 Parifiensem:
1451 1480 1648 1519 cardinalis,
1674 1481 1909 1512 clementirlll.
1925 1483 2055 1522 Legatus
2068 1500 2078 1517 ,
2095 1490 2136 1528 ad
2161 1490 2250 1525 Anu.

1197 1530 1359 1570 constanter
1370 1527 1526 1571 adferebat
1536 1551 1546 1567 ‚
1572 1531 1652 1571 quod
1674 1528 1730 1570 nisi
1739 1534 1805 1562 Rex
1820 1534 1959 1563 Franciae
1972 1532 2005 1563 &¹
2027 1532 2080 1560 Co·
2100 1540 2201 1588 1¹89-

1200 1592 1258 1612 mes
1273 1579 1440 1611 Richardus
1460 1590 1524 1612 cum
1537 1583 1613 1622 Rege
1635 1581 1792 1623 Anglorum
1813 1582 1857 1612 ad
1874 1582 1997 1621 plenum
2008 1589 2083 1610 com-

1199 1639 1340 1671 ponerent
1363 1655 1372 1669 ,
1410 1640 1511 1663 omnes
1540 1640 1640 1663 terras
1674 1632 1828 1662 eorundem
1847 1629 1899 1673 sub
1921 1628 2084 1663 Interdit‘lo

1200 1682 1378 1714 concluderet
1387 1703 1394 1710 .
1423 1683 1480 1711 Cui
1494 1683 1559 1712 Rex
1573 1683 1754 1712 Francorum
1766 1678 1918 1721 respondit
1930 1693 1936 1712 :
1950 1682 1985 1712 5e
1996 1678 2084 1720 ipsius

1196 1729 1377 1772 sententiam
1391 1731 1559 1762 nullatenus
1565 1729 1736 1770 formidare
1747 1755 1756 1768 ‚
1783 1741 1847 1762 cum
1864 1731 1947 1762 nulla
1959 1736 2085 1771 aequita·

1202 1792 1232 1813 re
1236 1780 1400 1821 fulciretur
1412 1802 1419 1809 .
1450 1780 1577 1811 Addidit
1588 1784 1681 1811 etiam
1693 1781 1737 1810 ad
1748 1778 1905 1824 Ecclefiam
1917 1782 2084 1812 Romanam

1201 1830 1321 1862 minime*
1328 1832 1478 1870 pertinere
1491 1853 1500 1868 ‚
1510 1833 1543 1861 in
1555 1832 1663 1871 Regem
1673 1830 1802 1870 aliquem
1813 1843 1827 1869 ,·
1834 1832 1969 1863 maxime
1983 1833 2087 1861 Fran-

1201 1890 1316 1917 corum,
1339 1887 1394 1919 per
1400 1876 1582 1920 sententiam
1593 1881 1836 1912 animadvertere
1847 1904 1859 1920 ,
1875 1878 1908 1920 :fi
1924 1883 1991 1912 Rex
2003 1880 2084 1912 idem

1202 1936 1234 1962 in
1247 1929 1376 1962 homines
1383 1927 1453 1970 suos
1465 1929 1621 1962 demeritos
1633 1954 1643 1968 ,
1670 1930 1831 1962 indomitos
1842 1954 1854 1969 ,
1880 1930 1913 1962 ὑ
1924 1932 2022 1973 Regno
2029 1927 2083 1971 suo

1203 1978 1324 2018 rebelles
1337 2002 1347 2018 ,
1374 1977 1528 2021 ulciftendi
1539 1979 1636 2020 cauffa
1647 1977 1797 2022 insurgere
1809 1977 1998 2022 disposuerit.
2022 1979 2084 2011 Ad-

1196 2031 1305 2069 junxit
1327 2025 1447 2070 insuper
1460 2052 1470 2067 ,
1497 2031 1578 2070 quud
1594 2030 1771 2061 Cardinalis
1788 2032 1860 2071 jam
1879 2029 2082 2070 desiderabiles·

1203 2079 1384 2122 Esterlingas
1397 2080 1485 2121 Regis
1498 2079 1612 2122 Angliae
1630 2078 1785 2120 olfecerat,
1808 2091 1929 2122 quorum
1938 2081 2026 2113 odore
2035 2089 2083 2113 at-

1202 2128 1317 2161 trat‘lus
1330 2152 1340 2168 ,
1366 2127 1420 2169 ipsi
1426 2129 1496 2168 plus
1509 2140 1591 2169 aequo
1603 2153 1613 2168 ‚
1640 2132 1836 2161 Romanorum
1848 2142 1925 2162 more
1936 2154 1948 2169 ,
1970 2128 2082 2167 exstitit

1196 2176 1393 2218 favorabilis.
1408 2179 1493 2210 Unde*
1505 2176 1601 2219 ipsum
1605 2181 1637 2222 J
1640 2180 1754 2211 udicem
1760 2178 1929 2221 suspedium
1941 2179 2084 2213 habebat.

1204 2225 1347 2260 Proinde
1357 2226 1546 2262 Ludovicus
1558 2226 1633 2262 Rex
1643 2238 1710 2261 non
1719 2229 1760 2262 de
1771 2227 1934 2262 potestate
1941 2230 2085 2274 excepit,

1203 2276 1255 2310 sed
1278 2276 1318 2310 de
1337 2277 1431 2313 causa
1454 2287 1551 2321 atque
1575 2278 1731 2320 persona.
1760 2278 1902 2312 Causam
1919 2281 2086 2323 incompe-

1202 2337 1348 2366 tentem,
1376 2327 1544 2370 personam
1566 2326 1653 2362 dixit
1672 2338 1857 2371 corruptam
1871 2354 1878 2361 .
1907 2329 1950 2363 Et
1972 2330 2083 2364 revera

1202 2376 1349 2421 Regem,
1377 2377 1456 2410 dum
1480 2378 1554 2410 suos
1575 2377 1708 2411 rebelles
1733 2379 1912 2421 insequitur
1943 2380 2082 2422 punien-

1200 2426 1260 2461 dos
1271 2451 1282 2467 ,
1309 2425 1468 2461 Pontifex
1482 2426 1638 2461 cohibere
1650 2439 1718 2462 non
1731 2428 1835 2470 potest
1848 2451 1855 2459 .
1886 2428 1934 2461 Ea
1951 2428 2082 2463 cohibi-

1201 2479 1251 2511 tio
1268 2477 1302 2510 in
1322 2476 1577 2511 destrustionem
1589 2477 1717 2516 tendit,
1743 2488 1812 2510 non
1839 2477 1872 2510 in
1892 2476 2081 2514 aedificatio·

1201 2539 1276 2561 nem
1289 2549 1296 2557 .
1325 2527 1450 2560 Eadem
1460 2526 1578 2559 eisdem
1592 2526 1657 2559 fere
1669 2525 1773 2560 verbis
1784 2526 1892 2561 scribit
1914 2528 2079 2572 Rogerius

1200 2576 1400 2611 Hovedenfis
1411 2600 1417 2607 .
1430 2576 1615 2609 Cardinalis
1626 2575 1682 2610 ille
1693 2587 1760 2610 erat
1774 2577 1915 2619 Joannes
1928 2577 2080 2624 Anagni-

1201 2638 1278 2660 nus.
1296 2625 1438 2669 Philippi
1451 2625 1584 2658 Pulchri
1598 2626 1699 2669 Regis
1714 2626 1796 2660 Asta
1811 2627 1884 2660 sunt
1896 2629 1984 2671 parvi
1999 2640 2078 2672 pon-

1199 2676 1301 2710 deris.
1330 2677 1409 2719 Ejus
1422 2675 1454 2708 in
1470 2675 1631 2709 Romane
1644 2676 1792 2711 Ecclefiae
1803 2677 1994 2721 Dignitates
2011 2681 2080 2715 vio·

1200 2727 1296 2760 lentia
1307 2726 1352 2759 est
1377 2725 1532 2760 omnibus
1543 2723 1670 2759 abunde
1681 2736 1758 2760 nota
1770 2749 1779 2759 .

1247 2776 1392 2821 Qaestio
1419 2775 1559 2809 secunda
1572 2775 1626 2810 ,est
1641 2800 1653 2816 ,
1682 2774 1737 2810 An
1750 2775 1860 2821 Reges
1881 2777 2004 2813 alienas
2024 2791 2076 2814 ca-

1199 2836 1267 2869 ptas
1296 2824 1381 2860 bello
1405 2825 1567 2860 Civitates
1586 2835 1642 2860 aut
1664 2826 1834 2869 Regiones
1854 2831 2075 2865 teneanturin

1198 2876 1284 2919 pacis
1296 2876 1452 2910 Trastatu
1465 2874 1629 2909 restituere
1641 2877 1652 2908 i
1667 2875 1863 2918 Respondeo
1875 2879 1974 2912 teneri
1985 2903 1992 2911 .
2015 2878 2071 2913 Et·

1198 2926 1284 2959 enim
1309 2926 1416 2970 Reges
1428 2936 1580 2960 tenentur
1591 2926 1761 2959 communi
1784 2928 1948 2962 naturae&
1967 2929 2073 2964 Evan-

1198 2975 1288 3019 gelii
1303 2976 1430 3020 Regula
1452 2988 1459 3007 :
1487 2974 1568 3008 Non
1591 2975 1769 3009 dimittitur
1793 2986 1961 3019 peccatum
1984 3003 1995 3019 ‚
2024 2980 2073 3013 ni-

1199 3027 1218 3058 li
1247 3025 1431 3060 restituatur
1444 3025 1607 3064 ablatum,
1634 3025 1713 3058 dum
1737 3026 1856 3060 restitui
1876 3027 1994 3070 potest.
2022 3030 2073 3063 ln·

1199 3076 1285 3119 signe
1310 3076 1495 3119 exemplum
1523 3074 1614 3108 refert
1641 3074 1792 3110 Thomas
1816 3077 2073 3122 Walfingamen-

1198 3124 1252 3158 fis:
1282 3130 1424 3159 Henricus
1448 3123 1655 3164 Lincolnienfis
1677 3124 1862 3168 Episcopus,
1890 3130 2012 3169 cupidus
2036 3131 2070 3162 (ν

1198 3187 1324 3216 avarus,
1354 3177 1439 3217 apud
1454 3175 1603 3220 praedium
1619 3173 1705 3217 suum
1724 3178 1763 3209 de
1786 3177 1922 3220 Tyngurst
1943 3180 2069 3212 Parrum

1191 3226 1324 3267 fecerat,
1349 3228 1382 3259 Ca·
1401 3224 1518 3268 suorum
1533 3232 1629 3257 terras
1654 3231 1808 3270 contiguas
1829 3226 1896 3268 ipsis
1906 3227 2021 3267 junctis
2032 3234 2071 3261 ei-

1200 3277 1264 3308 dem
1281 3279 1374 3308 Parco
1386 3276 1537 3315 adjecerat
1549 3298 1559 3314 ‚
1586 3275 1617 3307 Θ
1626 3273 1745 3318 sepibus
1766 3278 1800 3310 <it
1812 3275 1932 3319 fossatis
1954 3276 2071 3320 incluse·

1197 3335 1247 3359 rat
1259 3349 1270 3365 ,
1298 3337 1354 3358 non
1370 3323 1430 3366 fine
1442 3325 1518 3355 diris
1530 3325 1643 3357 illorum
1655 3325 1904 3368 increpationibus
1916 3326 2069 3361 ademerat·

1199 3384 1298 3408 terras
1306 3374 1381 3418 suas
1395 3399 1401 3405 .
1430 3373 1496 3411 Post
1508 3384 1629 3407 mortem
1641 3371 1660 3419 s
1659 3387 1727 3408 uam
1738 3381 1879 3417 apparuIt
1901 3377 2018 3408 cuidam
2029 3390 2069 3411 ex

1198 3431 1354 3468 armigeris
1361 3422 1424 3467 suis
1436 3426 1582 3464 quondam
1594 3449 1604 3465 ,
1630 3436 1695 3458 cum
1702 3425 1848 3467 pharetra
1872 3425 1906 3457 ό·
1917 3435 1986 3458 arcu
1994 3452 2005 3468 ‚
2035 3430 2069 3462 Θ

1193 3473 1341 3520 sagittis,
1368 3475 1403 3509 ό·
1422 3484 1526 3516 cornu,
1554 3476 1676 3508 indutus
1698 3475 1781 3507 brevi
1803 3478 1902 3509 tunica
1915 3498 1926 3516 ‚
1951 3477 1985 3509 (π
2005 3476 2070 3520 ipsa

1666 3525 1700 3556 Ο
1752 3534 1771 3571 3
1973 3533 2045 3561 viri-

2123 3307 2203 3345 161:
