2366 3736
366 236 478 272 Etiam
507 235 611 272 multa
636 232 654 269 a
681 230 831 266 fidelibus
856 241 911 276 per
938 231 1093 266 naturalis
1127 230 1202 273 juris

317 285 538 331 ignorantiam
550 295 671 330 patrata
683 294 781 326 opera
794 285 866 329 sunt
887 281 1030 316 omnino
1051 280 1200 314 mortalia

314 347 444 383 peccata
466 363 473 370 .
503 334 674 380 lnfi'gniter
699 332 763 367 hoc
783 332 880 367 docet
900 333 1024 366 sanstus
1047 331 1202 374 Augusti-

312 388 417 422 nusin
435 385 610 420 undecimo
623 395 676 426 per
689 381 852 416 Parifinos
866 381 1025 416 Doctores
1048 380 1129 414 olim
1145 380 1198 413 ad-

310 435 396 481 &ecto
420 438 567 469 sermone
582 456 592 472 ,
615 444 714 478 agens
736 432 776 466 de
798 431 1069 475 Tuto-Lymeni
1083 454 1094 471 ‚
1130 431 1201 463 cive

313 486 520 529 Hipponensi
536 509 543 516 .
573 483 687 517 Tutus
701 500 709 508 -
726 482 895 525 Lymeni5
921 483 968 515 vir
981 480 1197 523 fidelis&gra-

313 536 386 576 vis,
416 532 585 568 nesciocui
599 532 791 576 Depofitum
819 532 953 576 neganti
975 531 1094 566 detulit
1121 530 1198 572 jura-

312 595 485 625 mentum,
506 584 537 617 &
555 583 608 616 hic
634 582 805 626 pejeravit.
835 581 976 626 Reliqua
999 579 1199 614 audiamus‘a

210 639 217 648 ⁹
256 642 265 650 “
312 636 424 669 santio
440 633 648 678 Augustino:
678 634 796 666 Tutus·
810 633 934 671 Lymeni
961 630 1029 673 ipsa
1051 628 1200 670 noeJefutt

312 684 464 720 exhibitus
479 685 523 716 ad
527 687 559 728 J
562 684 700 723 udteem,
726 683 832 715 &cum
847 692 952 724 magno
978 687 1089 722 impetu
1112 686 1200 721 atque

314 743 423 768 terrore
431 738 571 776 pervenit
582 733 625 766 ad
636 731 843 773 Praefidentem
867 735 896 763 E
900 728 1026 773 xcelsum
1050 730 1199 772 quendam

313 785 348 818 et
359 784 566 817 admirabilem
578 788 678 816 virum
689 805 698 821 ‚
724 788 771 814 eui
779 780 907 823 parebat
920 781 1050 822 Officium
1068 777 1198 818 fimiliter

314 832 434 877 Excels
431 845 510 866 orum
521 858 528 865 .
556 837 631 866 Fuit
640 832 832 874 perturbatus
845 832 922 863 retro
932 835 1086 869 revocari,
1109 830 1143 862 ό·
1159 834 1190 860 in

313 893 480 928 terrogatus
492 883 538 916 bis
552 882 672 924 verbis:
700 893 790 924 quare
805 880 967 922 provocasti
988 879 1134 912 bominem
1159 879 1202 910 ad

309 937 517 977 Jurationem,
543 932 626 975 quem
645 930 757 974 sciebas
770 929 889 973 falsum
910 931 960 972 effe
984 933 1158 971 juraturum
1183 929 1196 960 ἓ

310 982 479 1035 'Respondit
490 985 560 1022 ille,-
582 987 705 1026 negavit
717 980 795 1014 mibi·
802 992 863 1014 rem
885 991 982 1014 meam
994 1005 1002 1012 .
1028 981 1073 1011 Et
1086 977 1195 1021 respon-

310 1033 379 1078 ²sum
391 1034 428 1075 est
441 1034 484 1066 illi
494 1046 503 1077 7ι
529 1034 564 1066 6*
586 1035 679 1065 nonne
704 1031 805 1064 melius
825 1039 890 1063 erat
902 1055 913 1071 ,
941 1039 974 1063 ut
996 1041 1057 1062 rem
1078 1038 1163 1061 tuam
1189 1051 1199 1066 ‚

306 1084 406 1127 ‘quam'
427 1083 587 1127 exlgebas‚
608 1081 749 1123 perderes
762 1106 772 1121 ,
797 1092 885 1123 quam
911 1076 1045 1112 animam
1061 1078 1140 1118 istius
1154 1076 1190 1108 bo

312 1140 408 1170 minis
409 1131 497 1175 falsa
503 1134 657 1173 juratione
666 1136 825 1173 perimeres
840 1132 853 1164 ?
882 1129 1049 1168 Prostratus
1057 1127 1150 1169 juffus
1163 1125 1200 1165 est

313 1185 391 1216 taedl
404 1208 411 1214 .
438 1180 542 1225 Caesus
553 1181 817 1224 est·tamgrav1‘ter
831 1203 843 1220 ,
869 1188 902 1211 ut
912 1185 945 1211 in
967 1177 1048 1219 dorso
1057 1177 1195 1218 evigilan-

313 1238 358 1266 tis
371 1223 496 1275 vestigict
504 1230 664 1273 plagarum
677 1236 856 1269 apparerent
866 1228 875 1258 ’.
902 1228 961 1258 sed
970 1225 1082 1258 dillum
1107 1224 1146 1264 est
1167 1226 1197 1257 il-

315 1284 361 1320 li,
386 1281 572 1322 posteaquam
598 1280 771 1312 emendatus
794 1278 846 1316 est:
870 1282 1007 1317 parcetur
1025 1279 1199 1308 innoeentiae

312 1329 398 1365 auae.
431 1331 475 1361 De
498 1327 602 1367 caetero
623 1337 696 1359 cave
717 1338 752 1358 ne
765 1325 889 1367 facias.
916 1328 1002 1358 Fecit
1024 1326 1140 1366 quidem
1151 1324 1199 1357 ille

315 1377 472 1422 magnum*
484 1386 661 1420 peceatum,
690 1378 723 1409 <9¹
745 1376 919 1408 emendatus
940 1375 976 1415 est
992 1400 998 1406 .
1037 1377 1096 1408 Sed
1110 1375 1201 1407 multo

312 1426 443 1478 'gravius
453 1425 702 1470 peccatumfaciet
716 1449 727 1464 ,
753 1431 803 1467 qui
813 1425 874 1466 post
889 1425 972 1464 istum
983 1435 1078 1458 meum
1095 1423 1199 1467 sermo-

312 1491 385 1514 nem
400 1504 410 1519 ‚
436 1480 469 1511 &¹
490 1475 575 1516 istam
586 1487 681 1509 meam
697 1476 929 1508 admonitionem
940 1499 952 1515 ‚
977 1476 1011 1508 (5·
1024 1473 1199 1507 exhortatio·
1236 1514 1239 1518 ⁴

315 1526 578 1568 nem,'talequ1d
593 1524 701 1566 fecerit
715 1550 722 1557 .
751 1524 858 1558 Verba
874 1549 886 1565 ‚
908 1531 1046 1566 parcitur
1070 1530 1200 1557 innoeen-

315 1585 369 1613 tlae
386 1588 446 1611 tuae
457 1602 468 1618 ‚
498 1576 641 1609 Edicunt
657 1574 789 1619 Tutum
802 1593 810 1599 -
825 1575 968 1623 Lyrneni
994 1575 1135 1618 peccasse
1159 1586 1199 1609 ex

314 1627 521 1672 ignorantia.
549 1625 630 1658 Haec
646 1623 761 1657 verba:
793 1625 1030 1667 Multa=gravius
1048 1632 1200 1666 peccatum

310 1679 408 1721 faciet
423 1701 433 1718 ,
457 1677 511 1710 &a
536 1674 683 1708 Edicunt
706 1673 927 1717 Hipponenfis
949 1675 1063 1718 populi
1090 1675 1199 1717 plures

309 1728 413 1763 “fuiffe
438 1722 612 1760 i‘n'eodem
632 1733 757 1757 errore.
786 1724 829 1757 Et
858 1724 939 1767 quid
964 1725 1060 1758 miri?
1087 1723 1201 1759 Hodie

316 1778 452 1822 quidam
476 1777 521 1809 ita
533 1775 653 1808 docent
664 1773 822 1807 Doetoxes
833 1772 1037 1808 Scholastici.
1067 1774 1176 1809 Verba
1189 1799 1200 1814 ‚

315 1828 466 1860 Fecntlle
485 1835 625 1869 magnum
648 1831 817 1865 peccatum,
843 1824 1117 1867 evincuntipsum
1131 1836 1201 1868 pec-

315 1878 402 1912 casse
414 1876 594 1910 mortaliter
600 1896 613 1906 ν.

264 1967 289 1975 ..
311 1920 320 1951 Τ
347 1936 349 1938 ·
371 1921 492 1961 Eadem
515 1923 559 1959 est
572 1921 656 1958 r'atio
667 1923 848 1957 carnalium
858 1932 1089 1966 peccatorum.
1117 1923 1198 1958 Non

170 1990 195 2002 ⁴·
248 1975 291 1999 Μ’
315 1978 389 2014 soli>
402 1976 508 2010 nescio
531 1975 588 2018 qui
606 1973 774 2008 >libidinosi
788 1997 799 2013 ,
826 1974 878 2008 sed
899 1973 1123 2011 etiamnescio
1143 1973 1199 2017 qui

306 2028 482 2063 ‘notiores
518 2024 709 2059 scholastici
730 2034 802 2057 non
825 2019 1209 2065 ita'kalirmire‘didet-ne'
1223 2031 1237 2041 ·

315 2090 357 2112 ac
370 2074 737 2116 docueruntssmplic‘em
760 2071 801 2104 de
812 2070 949 2113 partium
971 2069 1127 2102 consensu
1150 2067 1200 2100 fa·-

313 2129 405 2160 ‹Qam
423 2126 676 2158 fornicationem
690 2119 758 2154 non
769 2121 832 2154 effe
842 2122 956 2151 eat-suo
968 2129 1087 2161 genere
1099 2117 1196 2149 letha·

314 2177 355 2210 >le
367 2179 549 2217 peccatum;
577 2169 685 2202 Etiam
709 2177 809 2209 nuper
821 2163 953 2209 quida'm
967 2167 1147 2199 docuerunt
1159 2178 1199 2199 ex

323 2219 699 2259 earnalideleaatione',
727 2216 909 2250 dummodo
927 2215 1087 2250 ulterioris
1111 2216 1198 2249 foedt-

321 2274 404 2308 tatis
418 2271 533 2305 abesset
545 2269 672 2302 animus
683 2291 693 2307 ,
719 2268 822 2299 fixum
835 2265 980 2300 osculum
992 2266 1054 2300 effe
1064 2265 1200 2300 liberum

321 2322 487 2357 {mortali
501 2329 601 2353 ‘reatu
615 2341 622 2349 .
651 2304 919 2359 Et‘quorumdam
940 2315 1043 2359 prima
1053 2316 1201 2358 pubertas

324 2373 415 2408 istud
429 2371 531 2414 ipsum
543 2379 597 2412 per
607 2367 827 2411 ignorantiam
838 2367 943 2399 censet
953 2365 993 2399 de
1008 2367 1125 2409 proprii
1138 2377 1202 2399 cor·

322 2422 417 2468 poris
430 2418 656 2455 immunditia.
689 2417 731 2450 Et
753 2416 861 2459 qualia
883 2415 1014 2459 quidam
1026 2416 1124 2449 hodie
1149 2417 1203 2449 do-

325 2482 404 2508 cent
415 2483 452 2504 ac
466 2466 657 2512 permittunt
682 2466 765 2499 inter
786 2465 964 2509 conjuges?
991 2466 1076 2512 Qae
1092 2467 1206 2498 omnia

325 2521 443 2556 ¹acriter
455 2518 620 2552 damnavit
632 2516 836 2549 Hincmarus
849 2516 1013 2549 Remenfis
1028 2516 1207 2558 Episcopus

326 2573 368 2606 in
394 2569 484 2603 libris
501 2568 541 2600 de
565 2567 707 2600 divortio
735 2566 835 2610 Regis
859 2564 1009 2600 Lotharii
1033 2589 1040 2597 .
1069 2565 1207 2608 Reliqua

332 2622 529 2656 damnarunt
549 2615 625 2648 Pius
646 2616 777 2657 quintus
797 2638 807 2653 ,
843 2627 880 2648 ac
905 2615 1093 2649 Alexander
1119 2617 1208 2657 septi-

332 2681 427 2706 mus:
458 2666 599 2700 naturale
620 2665 669 2707 jus
688 2664 908 2697 declararunt.
936 2665 1045 2712 Qare
1057 2667 1209 2704 cunstos‚

329 2722 394 2765 qui
411 2711 496 2752 nunc
511 2727 550 2749 ex
562 2714 690 2748 istarum
706 2713 965 2756 Apostolicarurn
991 2714 1208 2749 Constitutio-

335 2781 417 2804 num
440 2767 626 2811 ignorantia
646 2774 801 2806 peccant,
827 2773 881 2796 aut
902 2773 978 2796 ante
1004 2766 1101 2806 ipsas,
1140 2764 1214 2798 licet

339 2817 555 2863 quorumdam
568 2813 842 2847 Scholasticorum
864 2813 1054 2846 sententiam
1078 2815 1176 2848 secuti
1204 2838 1215 2854 ,

335 2875 549 2912 »peccaverunt
565 2887 575 2903 ,
604 2864 713 2896 firmus
737 2862 887 2896 existimo
914 2863 1054 2905 peccasse
1076 2865 1214 2898 mortali·

342 2929 405 2952 ter.
435 2914 617 2950 Istiusmodi
631 2914 720 2946 enim
732 2913 906 2955 opiniones
920 2923 980 2945 nec
994 2924 1135 2955 unquam
1149 2916 1211 2947 fue-

343 2974 439 3005 runt,
468 2977 525 2998 nec
539 2962 728 3007 possintess‘e
752 2962 901 2995 veraciter
922 2962 1118 3004 probabiles.
1149 2963 1214 2996 Isti-

336 3016 475 3052 'usmodi
496 3016 573 3047 item
589 3015 675 3046 astus
697 3012 765 3045 fieri
804 3024 870 3045 non
887 3011 1003 3054 poffint
1027 3024 1080 3054 per
1118 3013 1215 3046 solam

346 3067 563 3111 ignorantiam
578 3076 588 3095 .-
615 3062 754 3095 omnino
769 3063 851 3094 fiunt
865 3063 964 3094 etiam
986 3073 1039 3104 pet
1060 3064 1217 3106 concupi—

346 3117 500 3150 scentiam
513 3137 520 3145 .
548 3113 679 3145 Sanctus
693 3111 893 3154 Augustinus
905 3111 971 3144 haec
984 3112 1151 3156 insigniter
1163 3124 1217 3147 tra·

348 3167 396 3200 dit
423 3166 456 3198 in
480 3161 630 3196 inchoata
648 3163 846 3203 expolitione
874 3162 965 3204 super
989 3162 1157 3204 epistolam
1180 3163 1218 3195 ad

351 3217 547 3250 Romanos:
574 3212 657 3253 ‚Qutd
667 3216 777 3253 agimus
790 3212 825 3243 de
846 3211 884 3242 it's
901 3235 911 3250 ‚
935 3216 985 3252 qui
1013 3222 1077 3243 cum
1100 3213 1217 3254 Baptis-

352 3272 393 3300 νηὶ
412 3267 600 3297 Sacramenta
607 3267 692 3301 pueri
716 3262 766 3292 vel
786 3260 919 3300 infantes
937 3269 1127 3301 perceperunt
1141 3286 1151 3300 ,
1173 3270 1222 3303 po-

348 3316 412 3356 stea
423 3315 597 3356 neglegenter
610 3311 727 3343 educati
740 3334 749 3348 ,
767 3318 821 3350 per
847 3316 1020 3352 ignoramus
1030 3311 1169 3343 tenebras
1180 3317 1222 3344 vt·-

346 3375 418 3397 .2am
441 3363 628 3404 turptfflmam
652 3361 761 3391 ducunt
783 3383 793 3399 ‚
821 3359 980 3401 nescientes
1007 3364 1121 3393 omnino
1153 3363 1225 3402 quid

342 3440 347 3446 f
360 3413 527 3450 Christiana
538 3409 692 3453 distiplina
699 3409 806 3450 jubeat
819 3418 871 3441 aut
883 3419 963 3441 vetet
975 3422 983 3451 ;
1011 3412 1085 3452 quid
1090 3412 1222 3452 pollicea-

361 3473 427 3503 tut,
453 3462 566 3505 &quid
575 3466 700 3495 minetur
712 3471 726 3501 ‚·
752 3460 826 3502 quid
846 3460 1046 3503 credendum,
1070 3461 1142 3504 quid
1158 3459 1224 3505 spe·

942 143 1576 190 D1ssetttar10

1261 231 1389 264 randum
1400 255 1410 270 ,
1436 233 1512 274 quid
1521 228 1748 275 diligendumfit
1757 254 1764 262 .
1780 226 1842 265 vAn
1853 231 2025 268 audebimus
2036 233 2137 276 p‘eccass

1264 289 1297 312 ta
1306 292 1402 314 eorum
1409 283 1569 323 propterea
1580 293 1638 314 non
1650 286 1827 324 ignorantia·
1834 276 1950 323 peceato
1970 286 2111 327 deputare
2124 309 2137 326 ‚

1263 336 1333 372 quta
1343 331 1491 373 baptizati
1506 340 1709 373 peccaverunt
1718 356 1728 372 ,
1754 331 1816 364 cum
1827 335 1942 365 omnino
1952 340 2135 378 Ignorantes,

1265 382 1298 414 ὁ·
1309 383 1422 414 ommno
1431 406 1442 422 ‚
1467 382 1713 423 quemadmodum
1724 382 1829 414 dicitur
1839 405 1850 421 ‚
1876 381 1927 413 ubl
1936 392 2024 425 caput
2050 385 2140 418 babe-

1263 440 1331 463 rent
1342 430 1499 474 nescientes
1510 456 1521 472 ,
1546 436 1579 463 in
1586 442 1691 474 magno
1711 442 1806 464 errore
1817 435 2029 473 peccaverint?
2054 433 2140 479 Agit

1265 480 1297 513 in
1309 482 1464 524 quosdam
1477 481 1659 515 adserentes
1669 481 1702 514 in
1717 480 1886 524 baptizatis
1897 482 1986 516 nulla
1999 485 2087 524 poffe
2096 484 2141 518 es-

1266 530 1294 562 se
1305 540 1433 572 peccata
1446 530 1636 575 ignorantiae
1647 554 1655 562 .
1684 531 1727 564 Et
1739 531 1823 573 ipsos
1834 531 1972 566 revincit
1984 543 2037 574 per
2048 532 2141 575 igno—

1263 590 1386 613 rantem
1416 581 1655 625 impudicitiam
1683 582 1900 623 quorumdam
1923 581 2141 624 indisciplina-

1265 628 1295 661 te
1318 628 1531 664 educatorum
1570 630 1817 674 juvenculorum
1828 656 1835 663 .
1864 630 2017 666 Affirmat
2038 632 2140 675 ipsam

1263 679 1405 713 omnino
1419 679 1588 723 procedere
1600 692 1640 714 ex
1659 679 1844 725 ignorantia
1855 704 1867 721 ,
1893 680 1927 714 ὃ(
1953 691 2062 716 tamen
2087 692 2142 724 per

1265 729 1462 772 poenitentiae
1472 731 1713 765 Sacramentum
1723 730 1842 764 debere
1850 729 1950 764 deleri
1963 754 1974 771 ,
2001 731 2142 773 ideoque

1263 780 1325 813 effe
1338 788 1467 823 peccata
1483 781 1647 815 mortalia.
1676 781 1720 814 Et
1731 778 1818 814 certe
1838 778 2022 820 istiusmodi
2042 780 2143 814 nebu·

1264 828 1390 863 lunculi
1405 830 1469 864 suis
1487 830 1709 865 immunditiis
1719 840 1865 874 quaerunt
1889 830 2048 870 latebras,
2072 840 2142 863 eru-

1253 877 1399 913 -bescunt
1413 879 1534 923 deipfis
1546 906 1557 922 ,
1583 880 1722 924 ideoque
1736 880 1925 915 naturaliter
1949 878 2060 914 vident
2079 880 2142 913 effe

1264 929 1368 972 turpia
1378 931 1519 964 monstra
1531 955 1538 963 .
1570 930 1728 974 Pleraque
1739 930 1817 964 item
1830 930 1893 964 alia
1914 940 2030 964 contra
2051 938 2143 962 natu·

1265 988 1303 1011 rae
1313 978 1416 1023 legem
1439 980 1668 1025 flagitia-atque
1681 980 1824 1014 facinora
1836 991 1903 1014 non
1925 980 2014 1023 posse
2035 978 2143 1013 homi·

1265 1039 1339 1062 nem
1351 1029 1458 1072 -plene
1480 1032 1579 1065 latere
1590 1055 1600 1071 ,
1628 1031 1834 1075 Augustinus
1863 1030 1987 1064 ibidem
2009 1029 2144 1064 demon-

1234 1098 1237 1105 ι
1263 1078 1338 1111 strat
1350 1089 1392 1112 ex
1406 1077 1470 1114 hoc
1482 1079 1636 1114 omnibus
1650 1079 1817 1114 notiffimo
1837 1079 2000 1124 principio
2014 1091 2022 1111 :
2049 1079 2144 1123 ,Quod

1263 1127 1317 1160 tibi
1330 1140 1388 1162 non
1399 1135 1450 1162 vis
1459 1130 1551 1172 fieri,
1579 1132 1667 1164 alteri
1680 1142 1717 1164 ne
1733 1129 1861 1171 feceris.
1893 1129 2067 1165 Generalia
2088 1139 2145 1162 na·

1264 1178 1377 1212 ruralis
1387 1179 1468 1223 legis
1479 1181 1638 1223 principia
1652 1182 1726 1214 sunt
1735 1181 1851 1218 nostris
1861 1180 2034 1214 animabus
2053 1189 2144 1212 natu·

1262 1228 1565 1276 taliter->inscripta
1593 1241 1649 1274 per
1670 1241 1876 1273 peccatorum
1898 1230 2046 1264 tenebras
2077 1229 2146 1272 pos·

1266 1275 1342 1310 sunt
1369 1276 1514 1317 obduci,
1540 1290 1610 1314 non
1631 1279 1761 1322 penitus
1795 1280 1924 1314 abradi.
1955 1280 2047 1313 Hinc
2072 1277 2145 1312 talis

1266 1328 1473 1372 ignorantia,
1500 1328 1577 1370 quia
1590 1329 1713 1371 semper
1722 1329 1871 1362 discendi
1890 1340 1928 1361 ac
1949 1326 2146 1370 proficiendi

1267 1375 1506 1420 negligentiam
1519 1376 1681 1418 involvit,
1711 1388 1774 1412 nec
1794 1378 1901 1412 firmat
1914 1388 1976 1412 nee
1997 1374 2146 1422 purgata

1265 1425 1358 1471 gravi
1375 1425 1463 1469 lapsu
1474 1450 1483 1458 .
1928 1424 1931 1429 '

1315 1476 1420 1523 Qod
1437 1486 1545 1511 tamen
1568 1485 1699 1520 peccata
1718 1474 1906 1515 diminuat,
1933 1473 2148 1509 constantiffi·

1267 1524 1519 1560 medocetidem
1533 1525 1760 1573 Augustinus.
1786 1525 1897 1560 Etiam
1918 1525 1976 1559 alii
2002 1525 2114 1559 Patres
2138 1536 2149 1556 ε

1265 1575 1310 1610 est
1323 1586 1371 1610 res
1381 1576 1551 1611 manifesta
1563 1603 1571 1610 .
1596 1575 1741 1623 Qaestio
1751 1575 1796 1609 est
1807 1600 1818 1616 ‚
1847 1571 1904 1608 An
1915 1574 1984 1608 haec
2004 1574 2150 1610 diminu-

1265 1626 1314 1661 tio
1326 1626 1419 1669 poffit
1430 1627 1493 1661 effe
1503 1635 1594 1662 tanta
1604 1651 1615 1668 ‚
1640 1637 1678 1661 ut
1689 1625 1826 1661 mortale
1837 1636 1878 1658 ex
1889 1626 1946 1659 suo
1956 1635 2077 1669 genere
2094 1623 2151 1658 de·

1267 1675 1379 1710 lidum
1401 1676 1499 1711 faciat
1519 1679 1581 1711 effe
1597 1677 1752 1711 veniale?
1788 1675 1988 1718 Respondeo
2024 1672 2112 1717 posse
2138 1697 2148 1711 ,

1267 1725 1399 1761 Etenim
1410 1727 1503 1762 firma
1524 1726 1568 1760 est
1592 1726 1657 1762 haec
1677 1720 1732 1770 pe⁸r
1754 1726 1900 1759 sanilam
1922 1723 2150 1768 Augustinnm

1266 1776 1300 1809 in
1313 1776 1396 1810 libro
1408 1776 1449 1810 de
1462 1776 1605 1811 utilitate
1617 1775 1769 1812 credendi
1782 1774 1898 1809 tradita
1922 1773 2034 1818 regula
2048 1786 2065 1806 :2
2085 1776 2152 1806 Ne-

1264 1831 1338 1858 mini
1349 1825 1471 1860 dubium
1492 1826 1527 1866 cll
1540 1849 1552 1867 ,
1577 1839 1676 1861 omnes
1690 1826 1820 1859 homines
1839 1833 1894 1857 aut
1911 1824 2015 1865 stultos
2027 1822 2078 1865 effe
2097 1829 2151 1855 aut
2168 1835 2250 1880 Cap.
2269 1841 2323 1872 124

1259 1874 1430 1919 sapientes.
1462 1881 1553 1910 Nunc
1562 1886 1660 1911 autem
1669 1875 1824 1920 sapientes
1835 1885 1905 1908 voco
1931 1885 1990 1907 non
2013 1874 2149 1908 cordatos
2172 1896 2227 1932 15·

1264 1925 1467 1970 &ingeniosos
1484 1926 1614 1960 homines
1626 1952 1638 1968 ,
1661 1925 1719 1969 sed
1728 1921 1776 1960 eos
1796 1925 1904 1967 quibus
1913 1922 2006 1965 inest,
2032 1932 2151 1967 quanta

1262 1976 1393 2022 ineffeho
1432 1977 1566 2021 'ntpotest
1579 1999 1590 2016 ‚
1615 1976 1702 2019 ipfius
1719 1976 1845 2009 bominis
1867 1976 1977 2016 Datque
1991 1973 2153 2016 firmtffiml

1258 2019 1404 2062 mepta
1441 2021 1538 2063 gauso
1548 2023 1910 2064 ,mmmmm
1920 2034 1943 2055 v
1950 2027 1996 2054 sta
2006 2019 2153 2064 moresque

1263 2078 1447 2113 congruentes
1457 2094 1464 2100 .
1493 2074 1623 2103 Caeteros
1639 2078 1738 2103 autem
1749 2095 1759 2110 ,
1784 2072 1922 2112 cujusque
1931 2072 2012 2103 mods
2031 2071 2151 2104 artibus

1263 2117 1431 2160 mestusque
1440 2118 1550 2158 adfeelt
1560 2117 1615 2157 fine
1627 2143 1637 2157 ‚
1649 2119 1775 2160 quolibet
1786 2119 1868 2152 villu
1873 2119 2089 2161 probandlfiw
2098 2125 2152 2152 tm—

1261 2169 1410 2211 probandt'
1430 2194 1440 2208 ,
1461 2167 1616 2207 stultorum
1628 2174 1660 2200 t'n
1672 2178 1787 2200 numero
1806 2170 2015 2207 deputaverim
2034 2192 2041 2199 .
2069 2171 2152 2211 ,ραι

1264 2230 1327 2252 cum
1338 2225 1383 2250 ita
1390 2217 1448 2258 fint
1458 2242 1469 2259 ‚
1496 2223 1561 2259 quis
1572 2218 1754 2250 medtocriter
1765 2215 1928 2259 intelligens
1939 2227 1997 2249 non
2003 2219 2098 2258 plane
2105 2222 2152 2250 vi-

1266 2269 1438 2309 deatsiultis
1451 2268 1550 2300 utilius
1562 2277 1649 2309 atque
1653 2265 1802 2310 salubrius
1811 2265 1861 2308 effe
1876 2266 2153 2308 Praeceptisobtem·

1262 2328 1369 2361 perare
1392 2320 1585 2360 sapientum,
1612 2320 1702 2360 quam
1719 2315 1774 2359 suo
1787 2317 1902 2357 judicio
1915 2321 2012 2350 vitam
2029 2317 2147 2360 degere?

1270 2370 1331 2403 Per
1342 2369 1507 2411 Sapientes
1530 2368 1684 2412 intelligit
1707 2368 1867 2400 Doctores
1881 2390 1889 2398 .
1913 2366 2039 2401 Stultos
2060 2366 2144 2401 acci-

1270 2420 1315 2463 pit
1328 2429 1385 2462 pro
1396 2419 1487 2451 omni
1503 2417 1594 2460 plebe
1606 2429 1643 2451 ac
1660 2417 1799 2460 populo.
1833 2415 1981 2450 Eandem
2004 2416 2150 2461 regulam

1270 2471 1367 2503 tradit
1379 2469 1412 2502 in
1425 2468 1515 2501 libris
1528 2467 1568 2501 de
1582 2467 1711 2503 Ordine
1723 2492 1730 2498 .
1760 2466 1914 2501 Affirmat
1924 2466 2007 2500 alios
2027 2477 2084 2510 per
2107 2476 2153 2500 ra·

1270 2520 1395 2554 tionem
1410 2542 1421 2558 ,
1447 2518 1528 2551 alios
1542 2528 1597 2561 per
1617 2516 1844 2551 austeritatem
1858 2515 1933 2550 duci
1970 2514 2011 2550 ad
2037 2516 2152 2551 verita-

1271 2579 1358 2608 tem,
1386 2566 1476 2602 addit
1499 2568 1618 2610 priores
1638 2568 1700 2601 effe
1722 2565 1888 2611 paucosin
1911 2564 1971 2599 hac
1997 2567 2086 2606 vita,
2113 2577 2154 2600 ac

1273 2620 1375 2662 pergit
1395 2619 1435 2651 de
1462 2617 1710 2660 posterioribus:
1740 2619 1806 2660 ‚Qui
1824 2623 1921 2649 autem
1937 2614 2005 2657 sola
2026 2615 2151 2650 audon-

1274 2678 1337 2702 tate
1355 2673 1501 2707 contenti,
1528 2667 1609 2700 bonis
1632 2667 1751 2700 tantum
1776 2664 1928 2705 moribus,
1952 2664 2154 2707 refflsquevo-
2169 2663 2242 2698 Lib.
2261 2676 2295 2700 2.

1275 2725 1316 2752 tis
1329 2719 1492 2757 constanter
1504 2726 1620 2759 operam
1633 2719 1770 2750 dederim·
1782 2740 1793 2756 ‚
1819 2723 1870 2748 aut
1880 2723 2093 2749 contemnentes
2101 2719 2154 2748 aut
2169 2725 2236 2758 cap.
2267 2723 2299 2760 9.

1276 2779 1332 2801 non
1346 2771 1482 2802 valentes
1494 2766 1656 2810 disciplinis
1670 2766 1842 2799 liberalibus
1854 2774 1944 2807 atque
1960 2769 2080 2806 optimis
2090 2775 2158 2798 eru-

1277 2821 1335 2851 diri
1346 2842 1357 2858 ,
1383 2818 1479 2850 beatos
1495 2829 1541 2849 eos
1554 2818 1671 2859 quidem
1681 2842 1691 2857 ,
1717 2827 1782 2849 cum
1793 2822 1869 2849 inter
1879 2814 2010 2848 hommes
2030 2821 2155 2855 vivunt,

1277 2867 1367 2912 nescio
1390 2868 1528 2909 quomodo
1552 2868 1721 2909 appellem3
1757 2876 1859 2899 tamen
1878 2863 2041 2907 inconcusse*
2050 2866 2155 2904 credo,

1278 2930 1344 2951 mox
1355 2927 1390 2950 ut
1398 2916 1446 2949 hoc
1458 2926 1560 2958 corpus
1571 2918 1763 2958 reliquerint,
1789 2927 1835 2948 eos
1845 2918 1901 2957 quo
1913 2916 1982 2948 bene
1990 2919 2087 2958 magis
2101 2919 2156 2946 ml-

1278 2967 1333 3011 nus
1330 2969 1367 3001 ve
1379 2972 1514 3000 vixerint
1526 2991 1537 3006 ,
1549 2970 1580 3000 eo
1593 2965 1716 3008 facilius
1726 2972 1779 2998 aut
1789 2965 1938 3007 difficilius
1947 2963 2075 2998 liberari.
2086 2964 2156 2998 Au-

1277 3018 1456 3051 ctoritatem
1469 3041 1480 3056 ‚
1505 3028 1546 3050 ex
1557 3027 1619 3059 qua
1635 3016 1737 3049 fidelis
1758 3015 1897 3059 populus
1914 3014 2029 3049 debeat
2040 3014 2157 3053 vivere,

1280 3068 1417 3102 affirmat
1427 3066 1678 3109 effeduplicem:
1706 3065 1864 3098 Divinam
1877 3076 1915 3098 ac
1935 3063 2114 3099 humanam
2140 3088 2149 3096 .

1282 3119 1322 3151 Et
1336 3117 1404 3160 post
1424 3117 1601 3159 expositam
1625 3116 1756 3149 Divinae
1776 3113 1974 3148 auctoritatis
1994 3115 2157 3159 irrefraga-

1279 3168 1462 3207 bilitatem,
1488 3167 1688 3209 prosequitur
1700 3165 1740 3197 de
1760 3163 1918 3198 humana:
1947 3166 2085 3197 Humana
2106 3175 2157 3198 ve·

1279 3221 1311 3250 νὸ
1324 3217 1483 3249 auctoritas
1492 3217 1661 3257 plerumque
1666 3214 1753 3256 fallit
1763 3237 1770 3245 .
1798 3219 1834 3247 In
1844 3220 1888 3247 ets
1900 3223 2001 3247 tamen
2019 3216 2088 3254 jure
2107 3218 2154 3246 vl-

1281 3269 1366 3300 detur
1387 3267 1524 3298 excellere
1545 3289 1556 3304 ‚
1589 3267 1642 3306 qui
1661 3272 1807 3307 quantum
1828 3269 2027 3306 imperitorum
2047 3261 2153 3307 simsus-

1282 3322 1383 3357 capit,
1411 3316 1504 3347 multa
1527 3316 1582 3346 dat
1603 3316 1715 3348 indicia
1726 3314 1927 3347 dominarum
1942 3313 2064 3357 suarum
2083 3336 2095 3352 ,
2118 3313 2153 3345 Θ

1286 3378 1341 3398 non
1352 3370 1463 3398 vivunt
1482 3366 1570 3398 aliter
1582 3366 1674 3406 queim
1694 3366 1860 3397 vivendum
1871 3365 1922 3406 effe
1938 3367 2116 3406 praeclpiunt
2145 3386 2155 3394 .

1289 3412 1439 3458 ,Quibusfi
1445 3415 1547 3456 aliqua
1557 3419 1646 3446 etiam
1663 3413 1798 3457 fortunae
1818 3425 1940 3447 munera
1956 3411 2118 3454 accefferint
2140 3435 2154 3451 ,

1291 3476 1410 3510 quorum
1428 3472 1598 3509 appareant
1608 3463 1661 3508 usu
1670 3469 1792 3510 magni,
1815 3470 2039 3506 contemptuque
2055 3462 2154 3501 majo·-

2052 3520 2098 3545 res
2106 3533 2121 3553 ,
