<?xml version="1.0" encoding="UTF-8"?>
<!DOCTYPE html PUBLIC "-//W3C//DTD XHTML 1.0 Transitional//EN"
    "http://www.w3.org/TR/xhtml1/DTD/xhtml1-transitional.dtd">
<html xmlns="http://www.w3.org/1999/xhtml" xml:lang="en" lang="en">
 <head>
  <title>
</title>
<meta http-equiv="Content-Type" content="text/html;charset=utf-8" />
  <meta name='ocr-system' content='tesseract 3.04.00' />
  <meta name='ocr-capabilities' content='ocr_page ocr_carea ocr_par ocr_line ocrx_word'/>
</head>
<body>
  <div class='ocr_page' id='page_1' title='image "./operaomniastudio11lupuuoft/operaomniastudio11lupuuoft_0135.png"; bbox 0 0 2366 3736; ppageno 0'>
   <div class='ocr_carea' id='block_1_1' title="bbox 311 144 1739 211">
    <p class='ocr_par' dir='ltr' id='par_1_1' title="bbox 311 144 1739 211">
     <span class='ocr_line' id='line_1_1' title="bbox 311 144 1739 211; baseline -0.003 -7"><span class='ocrx_word' id='word_1_1' title='bbox 311 144 398 204; x_wconf 74' lang='lat' dir='ltr'>De</span> <span class='ocrx_word' id='word_1_2' title='bbox 430 157 710 211; x_wconf 68' lang='lat' dir='ltr'>ANTIQUA</span> <span class='ocrx_word' id='word_1_3' title='bbox 744 154 1119 201; x_wconf 74' lang='lat' dir='ltr'>Dlsc11²L1NA</span> <span class='ocrx_word' id='word_1_4' title='bbox 1155 152 1400 199; x_wconf 67' lang='lat' dir='ltr'>Cnnrsr.</span> <span class='ocrx_word' id='word_1_5' title='bbox 1438 154 1739 200; x_wconf 75' lang='lat' dir='ltr'>M1L1T1AE.</span> 
     </span>
    </p>
   </div>
   <div class='ocr_carea' id='block_1_2' title="bbox 22 233 1080 1833">
    <p class='ocr_par' dir='ltr' id='par_1_2' title="bbox 205 233 1078 276">
     <span class='ocr_line' id='line_1_2' title="bbox 205 233 1078 276; baseline -0.006 -4"><span class='ocrx_word' id='word_1_6' title='bbox 205 237 260 273; x_wconf 74' lang='lat' dir='ltr'>{ed</span> <span class='ocrx_word' id='word_1_7' title='bbox 273 249 396 274; x_wconf 81' lang='lat' dir='ltr'>creatos</span> <span class='ocrx_word' id='word_1_8' title='bbox 405 238 575 272; x_wconf 83' lang='lat' dir='ltr'>dumtaxat</span> <span class='ocrx_word' id='word_1_9' title='bbox 586 235 783 272; x_wconf 89' lang='lat' dir='ltr'>benedicunt</span> <span class='ocrx_word' id='word_1_10' title='bbox 794 260 805 276; x_wconf 89' lang='lat'>,</span> <span class='ocrx_word' id='word_1_11' title='bbox 829 247 867 269; x_wconf 86' lang='lat' dir='ltr'>ac</span> <span class='ocrx_word' id='word_1_12' title='bbox 890 233 1078 269; x_wconf 74' lang='lat' dir='ltr'>benedictos</span> 
     </span>
    </p>

    <p class='ocr_par' dir='ltr' id='par_1_3' title="bbox 204 284 1077 379">
     <span class='ocr_line' id='line_1_3' title="bbox 206 284 1076 329; baseline -0.006 -8"><span class='ocrx_word' id='word_1_13' title='bbox 206 289 347 323; x_wconf 85' lang='lat' dir='ltr'>induunt</span> <span class='ocrx_word' id='word_1_14' title='bbox 373 289 489 323; x_wconf 88' lang='lat' dir='ltr'>armis.</span> <span class='ocrx_word' id='word_1_15' title='bbox 519 289 570 322; x_wconf 87' lang='lat' dir='ltr'>Ex</span> <span class='ocrx_word' id='word_1_16' title='bbox 607 287 656 321; x_wconf 89' lang='lat' dir='ltr'>his</span> <span class='ocrx_word' id='word_1_17' title='bbox 679 285 844 329; x_wconf 84' lang='lat' dir='ltr'>intelliges</span> <span class='ocrx_word' id='word_1_18' title='bbox 861 284 1076 319; x_wconf 81' lang='lat' dir='ltr'>Bettholdum</span> 
     </span>
     <span class='ocr_line' id='line_1_4' title="bbox 204 334 1077 379; baseline -0.006 -8"><span class='ocrx_word' id='word_1_19' title='bbox 204 337 462 372; x_wconf 87' lang='lat' dir='ltr'>Constantienfis</span> <span class='ocrx_word' id='word_1_20' title='bbox 477 334 862 379; x_wconf 81' lang='lat' dir='ltr'>EcclefiaePresbyterum</span> <span class='ocrx_word' id='word_1_21' title='bbox 874 360 885 376; x_wconf 93' lang='lat'>,</span> <span class='ocrx_word' id='word_1_22' title='bbox 911 335 968 378; x_wconf 88' lang='lat' dir='ltr'>qui</span> <span class='ocrx_word' id='word_1_23' title='bbox 979 335 996 368; x_wconf 70' lang='lat' dir='ltr'>a</span> <span class='ocrx_word' id='word_1_24' title='bbox 1010 335 1077 367; x_wconf 85' lang='lat' dir='ltr'>san·</span> 
     </span>
    </p>

    <p class='ocr_par' dir='ltr' id='par_1_4' title="bbox 203 383 1077 481">
     <span class='ocr_line' id='line_1_5' title="bbox 203 383 1076 433; baseline -0.003 -13"><span class='ocrx_word' id='word_1_25' title='bbox 203 387 244 420; x_wconf 63' lang='lat' dir='ltr'>sti</span> <span class='ocrx_word' id='word_1_26' title='bbox 256 387 410 433; x_wconf 84' lang='lat' dir='ltr'>Gregorii</span> <span class='ocrx_word' id='word_1_27' title='bbox 429 388 503 423; x_wconf 86' lang='lat' dir='ltr'>Vll.</span> <span class='ocrx_word' id='word_1_28' title='bbox 530 398 583 430; x_wconf 86' lang='lat' dir='ltr'>per</span> <span class='ocrx_word' id='word_1_29' title='bbox 593 385 804 419; x_wconf 78' lang='lat' dir='ltr'>Germaniam</span> <span class='ocrx_word' id='word_1_30' title='bbox 822 386 968 429; x_wconf 89' lang='lat' dir='ltr'>Legato,</span> <span class='ocrx_word' id='word_1_31' title='bbox 997 383 1076 417; x_wconf 89' lang='lat' dir='ltr'>dum</span> 
     </span>
     <span class='ocr_line' id='line_1_6' title="bbox 204 435 1077 481; baseline -0.005 -11"><span class='ocrx_word' id='word_1_32' title='bbox 204 437 372 472; x_wconf 86' lang='lat' dir='ltr'>Henricus</span> <span class='ocrx_word' id='word_1_33' title='bbox 384 437 442 472; x_wconf 91' lang='lat' dir='ltr'>1V.</span> <span class='ocrx_word' id='word_1_34' title='bbox 464 436 654 481; x_wconf 79' lang='lat' dir='ltr'>degradatus</span> <span class='ocrx_word' id='word_1_35' title='bbox 666 459 677 475; x_wconf 90' lang='lat'>,</span> <span class='ocrx_word' id='word_1_36' title='bbox 704 436 736 469; x_wconf 90' lang='lat'>&amp;</span> <span class='ocrx_word' id='word_1_37' title='bbox 753 435 965 469; x_wconf 86' lang='lat' dir='ltr'>Hermannus</span> <span class='ocrx_word' id='word_1_38' title='bbox 978 435 1077 476; x_wconf 85' lang='lat' dir='ltr'>Impe-</span> 
     </span>
    </p>

    <p class='ocr_par' dir='ltr' id='par_1_5' title="bbox 202 483 1078 525">
     <span class='ocr_line' id='line_1_7' title="bbox 202 483 1078 525; baseline -0.005 -5"><span class='ocrx_word' id='word_1_39' title='bbox 202 496 291 521; x_wconf 81' lang='lat' dir='ltr'>rator</span> <span class='ocrx_word' id='word_1_40' title='bbox 301 499 368 523; x_wconf 87' lang='lat' dir='ltr'>erat</span> <span class='ocrx_word' id='word_1_41' title='bbox 379 487 546 522; x_wconf 66' lang='lat' dir='ltr'>defunctus</span> <span class='ocrx_word' id='word_1_42' title='bbox 561 510 570 525; x_wconf 84' lang='lat'>,</span> <span class='ocrx_word' id='word_1_43' title='bbox 598 485 734 519; x_wconf 88' lang='lat' dir='ltr'>affirmat</span> <span class='ocrx_word' id='word_1_44' title='bbox 743 485 836 520; x_wconf 77' lang='lat' dir='ltr'>fuisse</span> <span class='ocrx_word' id='word_1_45' title='bbox 847 496 970 519; x_wconf 85' lang='lat' dir='ltr'>creatos</span> <span class='ocrx_word' id='word_1_46' title='bbox 994 483 1078 517; x_wconf 88' lang='lat' dir='ltr'>mili-</span> 
     </span>
    </p>

    <p class='ocr_par' dir='ltr' id='par_1_6' title="bbox 202 534 1077 629">
     <span class='ocr_line' id='line_1_8' title="bbox 203 534 1077 580; baseline -0.005 -10"><span class='ocrx_word' id='word_1_47' title='bbox 203 547 267 570; x_wconf 87' lang='lat' dir='ltr'>tes.</span> <span class='ocrx_word' id='word_1_48' title='bbox 297 537 426 580; x_wconf 76' lang='lat' dir='ltr'>Nempe</span> <span class='ocrx_word' id='word_1_49' title='bbox 438 535 583 570; x_wconf 87' lang='lat' dir='ltr'>vacantis</span> <span class='ocrx_word' id='word_1_50' title='bbox 594 535 723 578; x_wconf 86' lang='lat' dir='ltr'>Imperii</span> <span class='ocrx_word' id='word_1_51' title='bbox 749 535 835 579; x_wconf 84' lang='lat' dir='ltr'>Papa</span> <span class='ocrx_word' id='word_1_52' title='bbox 856 534 901 569; x_wconf 89' lang='lat' dir='ltr'>est</span> <span class='ocrx_word' id='word_1_53' title='bbox 925 534 1077 568; x_wconf 88' lang='lat' dir='ltr'>Admini-</span> 
     </span>
     <span class='ocr_line' id='line_1_9' title="bbox 202 584 1077 629; baseline -0.003 -10"><span class='ocrx_word' id='word_1_54' title='bbox 202 586 360 621; x_wconf 72' lang='lat' dir='ltr'>strator&amp;</span> <span class='ocrx_word' id='word_1_55' title='bbox 374 584 545 624; x_wconf 77' lang='lat' dir='ltr'>vicarius,</span> <span class='ocrx_word' id='word_1_56' title='bbox 573 584 815 629; x_wconf 80' lang='lat' dir='ltr'>ideoque-tunc</span> <span class='ocrx_word' id='word_1_57' title='bbox 836 585 942 623; x_wconf 89' lang='lat' dir='ltr'>solus,</span> <span class='ocrx_word' id='word_1_58' title='bbox 980 586 1077 618; x_wconf 87' lang='lat' dir='ltr'>etiam</span> 
     </span>
    </p>

    <p class='ocr_par' dir='ltr' id='par_1_7' title="bbox 202 633 1078 679">
     <span class='ocr_line' id='line_1_10' title="bbox 202 633 1078 679; baseline -0.003 -8"><span class='ocrx_word' id='word_1_59' title='bbox 202 648 258 679; x_wconf 82' lang='lat' dir='ltr'>per</span> <span class='ocrx_word' id='word_1_60' title='bbox 269 637 429 679; x_wconf 82' lang='lat' dir='ltr'>Legatum</span> <span class='ocrx_word' id='word_1_61' title='bbox 451 635 556 678; x_wconf 90' lang='lat' dir='ltr'>potest</span> <span class='ocrx_word' id='word_1_62' title='bbox 574 646 679 669; x_wconf 87' lang='lat' dir='ltr'>creare</span> <span class='ocrx_word' id='word_1_63' title='bbox 692 636 828 669; x_wconf 77' lang='lat' dir='ltr'>milites.</span> <span class='ocrx_word' id='word_1_64' title='bbox 858 635 900 669; x_wconf 88' lang='lat' dir='ltr'>Et</span> <span class='ocrx_word' id='word_1_65' title='bbox 927 633 992 667; x_wconf 74' lang='lat' dir='ltr'>haec</span> <span class='ocrx_word' id='word_1_66' title='bbox 1019 635 1078 668; x_wconf 82' lang='lat' dir='ltr'>Po-</span> 
     </span>
    </p>

    <p class='ocr_par' dir='ltr' id='par_1_8' title="bbox 202 684 1076 731">
     <span class='ocr_line' id='line_1_11' title="bbox 202 684 1076 731; baseline -0.002 -12"><span class='ocrx_word' id='word_1_67' title='bbox 202 685 294 719; x_wconf 85' lang='lat' dir='ltr'>testas</span> <span class='ocrx_word' id='word_1_68' title='bbox 304 696 372 718; x_wconf 90' lang='lat' dir='ltr'>non</span> <span class='ocrx_word' id='word_1_69' title='bbox 387 685 444 719; x_wconf 90' lang='lat' dir='ltr'>soli</span> <span class='ocrx_word' id='word_1_70' title='bbox 467 686 657 728; x_wconf 88' lang='lat' dir='ltr'>Imperatori</span> <span class='ocrx_word' id='word_1_71' title='bbox 671 684 805 729; x_wconf 87' lang='lat' dir='ltr'>quadrat</span> <span class='ocrx_word' id='word_1_72' title='bbox 817 695 872 723; x_wconf 85' lang='lat' dir='ltr'>aut</span> <span class='ocrx_word' id='word_1_73' title='bbox 895 684 1043 731; x_wconf 89' lang='lat' dir='ltr'>Regibus</span> <span class='ocrx_word' id='word_1_74' title='bbox 1068 709 1076 717; x_wconf 93' lang='lat'><strong>.</strong></span> 
     </span>
    </p>

    <p class='ocr_par' dir='ltr' id='par_1_9' title="bbox 200 732 1078 778">
     <span class='ocr_line' id='line_1_12' title="bbox 200 732 1078 778; baseline -0.002 -10"><span class='ocrx_word' id='word_1_75' title='bbox 200 734 334 768; x_wconf 86' lang='lat' dir='ltr'>Etenim</span> <span class='ocrx_word' id='word_1_76' title='bbox 347 735 388 768; x_wconf 90' lang='lat' dir='ltr'>de</span> <span class='ocrx_word' id='word_1_77' title='bbox 414 732 571 778; x_wconf 85' lang='lat' dir='ltr'>Philippo</span> <span class='ocrx_word' id='word_1_78' title='bbox 593 735 722 768; x_wconf 84' lang='lat' dir='ltr'>Alsatio</span> <span class='ocrx_word' id='word_1_79' title='bbox 743 734 989 768; x_wconf 86' lang='lat' dir='ltr'>Flandrenfium</span> <span class='ocrx_word' id='word_1_80' title='bbox 1012 734 1078 767; x_wconf 86' lang='lat' dir='ltr'>Co-</span> 
     </span>
    </p>

    <p class='ocr_par' dir='ltr' id='par_1_10' title="bbox 200 784 1078 819">
     <span class='ocr_line' id='line_1_13' title="bbox 200 784 1078 819; baseline -0.005 0"><span class='ocrx_word' id='word_1_81' title='bbox 200 785 282 819; x_wconf 85' lang='lat' dir='ltr'>mite</span> <span class='ocrx_word' id='word_1_82' title='bbox 304 784 413 818; x_wconf 84' lang='lat' dir='ltr'>scribit</span> <span class='ocrx_word' id='word_1_83' title='bbox 434 785 600 819; x_wconf 90' lang='lat' dir='ltr'>Robertus</span> <span class='ocrx_word' id='word_1_84' title='bbox 623 784 736 818; x_wconf 83' lang='lat' dir='ltr'>Abbas</span> <span class='ocrx_word' id='word_1_85' title='bbox 759 784 959 817; x_wconf 75' lang='lat' dir='ltr'>Montensis:</span> <span class='ocrx_word' id='word_1_86' title='bbox 1000 788 1078 815; x_wconf 86' lang='lat' dir='ltr'>Mat-</span> 
     </span>
    </p>

    <p class='ocr_par' dir='ltr' id='par_1_11' title="bbox 22 833 1079 1128">
     <span class='ocr_line' id='line_1_14' title="bbox 31 833 1077 886; baseline -0.008 -13"><span class='ocrx_word' id='word_1_87' title='bbox 31 835 124 881; x_wconf 57' lang='lat' dir='ltr'>ssim}</span> <span class='ocrx_word' id='word_1_88' title='bbox 129 849 149 885; x_wconf 92' lang='lat'><em>7</em></span> <span class='ocrx_word' id='word_1_89' title='bbox 154 847 182 886; x_wconf 85' lang='lat'>3.</span> <span class='ocrx_word' id='word_1_90' title='bbox 197 833 299 868; x_wconf 83' lang='lat' dir='ltr'>-tbaeus</span> <span class='ocrx_word' id='word_1_91' title='bbox 311 839 413 868; x_wconf 87' lang='lat' dir='ltr'>Comes</span> <span class='ocrx_word' id='word_1_92' title='bbox 428 837 561 868; x_wconf 77' lang='lat' dir='ltr'>Boloniae</span> <span class='ocrx_word' id='word_1_93' title='bbox 568 833 668 875; x_wconf 77' lang='lat' dir='ltr'>frater</span> <span class='ocrx_word' id='word_1_94' title='bbox 680 834 814 876; x_wconf 85' lang='lat' dir='ltr'>Philippi</span> <span class='ocrx_word' id='word_1_95' title='bbox 831 837 959 866; x_wconf 82' lang='lat' dir='ltr'>Comitis</span> <span class='ocrx_word' id='word_1_96' title='bbox 983 834 1077 866; x_wconf 88' lang='lat' dir='ltr'>Flan-</span> 
     </span>
     <span class='ocr_line' id='line_1_15' title="bbox 36 883 1078 927; baseline -0.001 -10"><span class='ocrx_word' id='word_1_97' title='bbox 36 883 44 901; x_wconf 75' lang='grc'><strong>”</strong></span> <span class='ocrx_word' id='word_1_98' title='bbox 202 883 309 925; x_wconf 79' lang='lat' dir='ltr'>drensis</span> <span class='ocrx_word' id='word_1_99' title='bbox 321 909 331 924; x_wconf 93' lang='lat'>,</span> <span class='ocrx_word' id='word_1_100' title='bbox 356 897 397 918; x_wconf 81' lang='lat' dir='ltr'>ex</span> <span class='ocrx_word' id='word_1_101' title='bbox 408 887 528 918; x_wconf 83' lang='lat' dir='ltr'>vulnere</span> <span class='ocrx_word' id='word_1_102' title='bbox 539 892 668 918; x_wconf 83' lang='lat' dir='ltr'>mortuus</span> <span class='ocrx_word' id='word_1_103' title='bbox 681 884 719 927; x_wconf 75' lang='lat' dir='ltr'>est</span> <span class='ocrx_word' id='word_1_104' title='bbox 728 893 737 917; x_wconf 66' lang='lat'><em>1</em></span> <span class='ocrx_word' id='word_1_105' title='bbox 766 886 852 917; x_wconf 70' lang='lat' dir='ltr'>Unde</span> <span class='ocrx_word' id='word_1_106' title='bbox 865 888 970 918; x_wconf 83' lang='lat' dir='ltr'>Comes</span> <span class='ocrx_word' id='word_1_107' title='bbox 984 886 1078 916; x_wconf 82' lang='lat' dir='ltr'>Flan-</span> 
     </span>
     <span class='ocr_line' id='line_1_16' title="bbox 201 933 1079 976; baseline -0.001 -9"><span class='ocrx_word' id='word_1_108' title='bbox 201 934 310 976; x_wconf 82' lang='lat' dir='ltr'>drenst&#39;s</span> <span class='ocrx_word' id='word_1_109' title='bbox 323 934 423 968; x_wconf 84' lang='lat' dir='ltr'>dolens</span> <span class='ocrx_word' id='word_1_110' title='bbox 436 939 568 967; x_wconf 75' lang='lat' dir='ltr'>accinxit</span> <span class='ocrx_word' id='word_1_111' title='bbox 578 934 760 967; x_wconf 81' lang='lat' dir='ltr'>militaribus</span> <span class='ocrx_word' id='word_1_112' title='bbox 773 940 866 967; x_wconf 84' lang='lat' dir='ltr'>armis</span> <span class='ocrx_word' id='word_1_113' title='bbox 881 933 1079 976; x_wconf 87' lang='lat' dir='ltr'>Petrumfra·</span> 
     </span>
     <span class='ocr_line' id='line_1_17' title="bbox 196 983 1078 1027; baseline -0.003 -8"><span class='ocrx_word' id='word_1_114' title='bbox 196 983 389 1027; x_wconf 49' lang='lat' dir='ltr'>*tremsuum,</span> <span class='ocrx_word' id='word_1_115' title='bbox 416 989 466 1026; x_wconf 85' lang='lat' dir='ltr'>qui</span> <span class='ocrx_word' id='word_1_116' title='bbox 476 984 584 1016; x_wconf 72' lang='lat' dir='ltr'>eletius</span> <span class='ocrx_word' id='word_1_117' title='bbox 595 993 659 1017; x_wconf 87' lang='lat' dir='ltr'>erat</span> <span class='ocrx_word' id='word_1_118' title='bbox 669 985 713 1017; x_wconf 84' lang='lat' dir='ltr'>ad</span> <span class='ocrx_word' id='word_1_119' title='bbox 733 983 944 1027; x_wconf 80' lang='lat' dir='ltr'>Episcopatum</span> <span class='ocrx_word' id='word_1_120' title='bbox 967 987 1078 1016; x_wconf 87' lang='lat' dir='ltr'>Came-</span> 
     </span>
     <span class='ocr_line' id='line_1_18' title="bbox 22 1032 1078 1086; baseline -0.008 -11"><span class='ocrx_word' id='word_1_121' title='bbox 22 1037 187 1086; x_wconf 48' lang='lat' dir='ltr'>*fd-252·</span> <span class='ocrx_word' id='word_1_122' title='bbox 202 1032 347 1077; x_wconf 77' lang='lat' dir='ltr'>rutensem</span> <span class='ocrx_word' id='word_1_123' title='bbox 359 1058 366 1065; x_wconf 92' lang='lat'>.</span> <span class='ocrx_word' id='word_1_124' title='bbox 392 1034 445 1067; x_wconf 90' lang='lat' dir='ltr'>De</span> <span class='ocrx_word' id='word_1_125' title='bbox 458 1034 639 1067; x_wconf 71' lang='lat' dir='ltr'>Florentio&#39;</span> <span class='ocrx_word' id='word_1_126' title='bbox 652 1034 700 1067; x_wconf 88' lang='lat' dir='ltr'>V.</span> <span class='ocrx_word' id='word_1_127' title='bbox 716 1034 907 1068; x_wconf 86' lang='lat' dir='ltr'>Hollaudiae</span> <span class='ocrx_word' id='word_1_128' title='bbox 943 1034 1078 1068; x_wconf 89' lang='lat' dir='ltr'>Comite</span> 
     </span>
     <span class='ocr_line' id='line_1_19' title="bbox 202 1083 1078 1128; baseline -0.003 -9"><span class='ocrx_word' id='word_1_129' title='bbox 202 1084 312 1119; x_wconf 80' lang='lat' dir='ltr'>scribit</span> <span class='ocrx_word' id='word_1_130' title='bbox 332 1094 490 1127; x_wconf 87' lang='lat' dir='ltr'>magnum</span> <span class='ocrx_word' id='word_1_131' title='bbox 510 1083 618 1128; x_wconf 87' lang='lat' dir='ltr'>Belgii</span> <span class='ocrx_word' id='word_1_132' title='bbox 642 1083 835 1118; x_wconf 83' lang='lat' dir='ltr'>Chronicon</span> <span class='ocrx_word' id='word_1_133' title='bbox 848 1099 859 1118; x_wconf 86' lang='lat'>.-</span> <span class='ocrx_word' id='word_1_134' title='bbox 887 1089 963 1118; x_wconf 79' lang='lat' dir='ltr'>Fuit</span> <span class='ocrx_word' id='word_1_135' title='bbox 995 1085 1078 1117; x_wconf 86' lang='lat' dir='ltr'>miles</span> 
     </span>
    </p>

    <p class='ocr_par' dir='ltr' id='par_1_12' title="bbox 163 1132 1076 1177">
     <span class='ocr_line' id='line_1_20' title="bbox 163 1132 1076 1177; baseline -0.001 -9"><span class='ocrx_word' id='word_1_136' title='bbox 163 1132 172 1158; x_wconf 62' lang='grc' dir='ltr'><em>Τ</em></span> <span class='ocrx_word' id='word_1_137' title='bbox 199 1136 359 1168; x_wconf 78' lang='lat' dir='ltr'>ordinatus</span> <span class='ocrx_word' id='word_1_138' title='bbox 377 1133 462 1175; x_wconf 85' lang='lat' dir='ltr'>feria</span> <span class='ocrx_word' id='word_1_139' title='bbox 471 1136 564 1168; x_wconf 74' lang='lat' dir='ltr'>tertia</span> <span class='ocrx_word' id='word_1_140' title='bbox 571 1133 634 1176; x_wconf 84' lang='lat' dir='ltr'>post</span> <span class='ocrx_word' id='word_1_141' title='bbox 643 1133 756 1176; x_wconf 86' lang='lat' dir='ltr'>festum</span> <span class='ocrx_word' id='word_1_142' title='bbox 767 1134 955 1177; x_wconf 80' lang='lat' dir='ltr'>Epiphaniae</span> <span class='ocrx_word' id='word_1_143' title='bbox 966 1136 986 1166; x_wconf 74' lang='grc' dir='ltr'><em>ἁ</em></span> <span class='ocrx_word' id='word_1_144' title='bbox 1005 1137 1076 1167; x_wconf 89' lang='lat' dir='ltr'>Du-</span> 
     </span>
    </p>

    <p class='ocr_par' dir='ltr' id='par_1_13' title="bbox 34 1184 1077 1279">
     <span class='ocr_line' id='line_1_21' title="bbox 34 1184 1076 1229; baseline 0.004 -16"><span class='ocrx_word' id='word_1_145' title='bbox 34 1192 99 1223; x_wconf 43' lang='lat'>2541</span> <span class='ocrx_word' id='word_1_146' title='bbox 120 1199 122 1201; x_wconf 61' lang='lat'>&gt;</span> <span class='ocrx_word' id='word_1_147' title='bbox 163 1194 173 1214; x_wconf 62' lang='grc' dir='ltr'><strong>ι</strong></span> <span class='ocrx_word' id='word_1_148' title='bbox 198 1195 232 1219; x_wconf 82' lang='lat' dir='ltr'>ce</span> <span class='ocrx_word' id='word_1_149' title='bbox 243 1184 441 1218; x_wconf 81' lang='lat' dir='ltr'>Brabantiae.</span> <span class='ocrx_word' id='word_1_150' title='bbox 470 1185 558 1218; x_wconf 89' lang='lat' dir='ltr'>Etin</span> <span class='ocrx_word' id='word_1_151' title='bbox 573 1185 852 1229; x_wconf 84' lang='lat' dir='ltr'>Diplomate·quo</span> <span class='ocrx_word' id='word_1_152' title='bbox 873 1185 1076 1220; x_wconf 83' lang='lat' dir='ltr'>Castrutiurn</span> 
     </span>
     <span class='ocr_line' id='line_1_22' title="bbox 202 1233 1077 1279; baseline -0.003 -10"><span class='ocrx_word' id='word_1_153' title='bbox 202 1235 321 1269; x_wconf 81' lang='lat' dir='ltr'>creavit</span> <span class='ocrx_word' id='word_1_154' title='bbox 345 1237 472 1270; x_wconf 82' lang='lat' dir='ltr'>Ducem</span> <span class='ocrx_word' id='word_1_155' title='bbox 485 1233 681 1270; x_wconf 81' lang='lat' dir='ltr'>Lucenfium</span> <span class='ocrx_word' id='word_1_156' title='bbox 697 1236 876 1279; x_wconf 83' lang='lat' dir='ltr'>imperator</span> <span class='ocrx_word' id='word_1_157' title='bbox 886 1233 1077 1269; x_wconf 82' lang='lat' dir='ltr'>Ludovicus</span> 
     </span>
    </p>

    <p class='ocr_par' dir='ltr' id='par_1_14' title="bbox 202 1283 1078 1328">
     <span class='ocr_line' id='line_1_23' title="bbox 202 1283 1078 1328; baseline -0.002 -11"><span class='ocrx_word' id='word_1_158' title='bbox 202 1284 263 1319; x_wconf 88' lang='lat' dir='ltr'>IV.</span> <span class='ocrx_word' id='word_1_159' title='bbox 287 1284 395 1319; x_wconf 83' lang='lat' dir='ltr'>scribit</span> <span class='ocrx_word' id='word_1_160' title='bbox 413 1288 498 1320; x_wconf 88' lang='lat' dir='ltr'>inter</span> <span class='ocrx_word' id='word_1_161' title='bbox 519 1297 627 1321; x_wconf 73' lang='lat' dir='ltr'>caetera</span> <span class='ocrx_word' id='word_1_162' title='bbox 641 1300 652 1320; x_wconf 87' lang='lat'>.-</span> <span class='ocrx_word' id='word_1_163' title='bbox 681 1287 795 1319; x_wconf 82' lang='lat' dir='ltr'>Milites</span> <span class='ocrx_word' id='word_1_164' title='bbox 814 1296 926 1328; x_wconf 82' lang='lat' dir='ltr'>quoque</span> <span class='ocrx_word' id='word_1_165' title='bbox 945 1291 979 1316; x_wconf 84' lang='lat' dir='ltr'>in</span> <span class='ocrx_word' id='word_1_166' title='bbox 1000 1283 1078 1316; x_wconf 71' lang='lat' dir='ltr'>diei&#39;o</span> 
     </span>
    </p>

    <p class='ocr_par' dir='ltr' id='par_1_15' title="bbox 202 1335 1078 1378">
     <span class='ocr_line' id='line_1_24' title="bbox 202 1335 1078 1378; baseline 0 -12"><span class='ocrx_word' id='word_1_167' title='bbox 202 1336 321 1369; x_wconf 87' lang='lat' dir='ltr'>Ducatu</span> <span class='ocrx_word' id='word_1_168' title='bbox 332 1337 365 1369; x_wconf 70' lang='lat'>(5</span> <span class='ocrx_word' id='word_1_169' title='bbox 375 1345 464 1369; x_wconf 79' lang='lat' dir='ltr'>extra</span> <span class='ocrx_word' id='word_1_170' title='bbox 475 1336 684 1377; x_wconf 82' lang='lat' dir='ltr'>constituendi,</span> <span class='ocrx_word' id='word_1_171' title='bbox 714 1336 749 1370; x_wconf 64' lang='grc' dir='ltr'><strong>ὁ</strong></span> <span class='ocrx_word' id='word_1_172' title='bbox 758 1335 885 1369; x_wconf 79' lang='lat' dir='ltr'>militari</span> <span class='ocrx_word' id='word_1_173' title='bbox 896 1335 1009 1378; x_wconf 82' lang='lat' dir='ltr'>cingulo</span> <span class='ocrx_word' id='word_1_174' title='bbox 1029 1335 1078 1366; x_wconf 81' lang='lat' dir='ltr'>do·</span> 
     </span>
    </p>

    <p class='ocr_par' dir='ltr' id='par_1_16' title="bbox 202 1384 1080 1429">
     <span class='ocr_line' id='line_1_25' title="bbox 202 1384 1080 1429; baseline -0.003 -11"><span class='ocrx_word' id='word_1_175' title='bbox 202 1387 299 1418; x_wconf 83' lang='lat' dir='ltr'>nandi</span> <span class='ocrx_word' id='word_1_176' title='bbox 319 1386 530 1420; x_wconf 78' lang='lat' dir='ltr'>authoritatem</span> <span class='ocrx_word' id='word_1_177' title='bbox 551 1388 586 1420; x_wconf 63' lang='lat' dir='ltr'><em>O</em></span> <span class='ocrx_word' id='word_1_178' title='bbox 598 1385 773 1429; x_wconf 76' lang='lat' dir='ltr'>potestatem</span> <span class='ocrx_word' id='word_1_179' title='bbox 786 1387 957 1428; x_wconf 73' lang='lat' dir='ltr'>plenariam</span> <span class='ocrx_word' id='word_1_180' title='bbox 976 1384 1080 1416; x_wconf 76' lang='lat' dir='ltr'>indul·</span> 
     </span>
    </p>

    <p class='ocr_par' dir='ltr' id='par_1_17' title="bbox 33 1433 1076 1580">
     <span class='ocr_line' id='line_1_26' title="bbox 33 1433 1075 1531; baseline -0.003 -17"><span class='ocrx_word' id='word_1_181' title='bbox 33 1464 119 1510; x_wconf 70' lang='lat' dir='ltr'>cap-</span> <span class='ocrx_word' id='word_1_182' title='bbox 130 1464 186 1514; x_wconf 83' lang='lat'>76·</span> <span class='ocrx_word' id='word_1_183' title='bbox 196 1447 303 1519; x_wconf 65' lang='grc' dir='ltr'>ἱὲἷᾜ</span> <span class='ocrx_word' id='word_1_184' title='bbox 314 1433 940 1531; x_wconf 57' lang='lat'>2„¹532⁰:¹333.¹232:52¹5¹1.⁰:3,}22335</span> <span class='ocrx_word' id='word_1_185' title='bbox 943 1434 1075 1516; x_wconf 52' lang='lat' dir='ltr'>‘iiiiii</span> 
     </span>
     <span class='ocr_line' id='line_1_27' title="bbox 197 1532 1076 1580; baseline -0.003 -12"><span class='ocrx_word' id='word_1_186' title='bbox 197 1541 261 1580; x_wconf 80' lang='lat' dir='ltr'>giae</span> <span class='ocrx_word' id='word_1_187' title='bbox 270 1534 381 1577; x_wconf 78' lang='lat' dir='ltr'>infesto</span> <span class='ocrx_word' id='word_1_188' title='bbox 391 1535 591 1568; x_wconf 63' lang='lat' dir='ltr'>Dedit-ationis</span> <span class='ocrx_word' id='word_1_189' title='bbox 604 1538 716 1569; x_wconf 80' lang='lat' dir='ltr'>Beatae</span> <span class='ocrx_word' id='word_1_190' title='bbox 727 1539 837 1569; x_wconf 59' lang='grc' dir='ltr'><em>Μανία</em></span> <span class='ocrx_word' id='word_1_191' title='bbox 849 1541 882 1568; x_wconf 85' lang='lat' dir='ltr'>in</span> <span class='ocrx_word' id='word_1_192' title='bbox 897 1539 996 1567; x_wconf 85' lang='lat' dir='ltr'>Monte</span> <span class='ocrx_word' id='word_1_193' title='bbox 1008 1532 1076 1576; x_wconf 82' lang='lat' dir='ltr'>san·</span> 
     </span>
    </p>

    <p class='ocr_par' dir='ltr' id='par_1_18' title="bbox 201 1584 1079 1629">
     <span class='ocr_line' id='line_1_28' title="bbox 201 1584 1079 1629; baseline -0.003 -10"><span class='ocrx_word' id='word_1_194' title='bbox 201 1586 244 1619; x_wconf 70' lang='lat'>81</span> <span class='ocrx_word' id='word_1_195' title='bbox 256 1588 343 1619; x_wconf 86' lang='lat' dir='ltr'>Petri</span> <span class='ocrx_word' id='word_1_196' title='bbox 354 1584 523 1627; x_wconf 83' lang='lat' dir='ltr'>Herfordiae</span> <span class='ocrx_word' id='word_1_197' title='bbox 535 1610 545 1627; x_wconf 93' lang='lat'>,</span> <span class='ocrx_word' id='word_1_198' title='bbox 567 1585 714 1629; x_wconf 68' lang='lat' dir='ltr'>praesente</span> <span class='ocrx_word' id='word_1_199' title='bbox 729 1585 883 1628; x_wconf 82' lang='lat' dir='ltr'>Rudolpho</span> <span class='ocrx_word' id='word_1_200' title='bbox 900 1588 978 1629; x_wconf 86' lang='lat' dir='ltr'>Rege</span> <span class='ocrx_word' id='word_1_201' title='bbox 996 1594 1079 1617; x_wconf 83' lang='lat' dir='ltr'>crea·</span> 
     </span>
    </p>

    <p class='ocr_par' dir='ltr' id='par_1_19' title="bbox 198 1633 1079 1731">
     <span class='ocr_line' id='line_1_29' title="bbox 198 1633 1076 1682; baseline -0.007 -10"><span class='ocrx_word' id='word_1_202' title='bbox 198 1640 251 1672; x_wconf 67' lang='lat' dir='ltr'>vit</span> <span class='ocrx_word' id='word_1_203' title='bbox 258 1633 383 1681; x_wconf 75' lang='lat' dir='ltr'>sedecim</span> <span class='ocrx_word' id='word_1_204' title='bbox 392 1646 483 1669; x_wconf 78' lang='lat' dir='ltr'>novor</span> <span class='ocrx_word' id='word_1_205' title='bbox 493 1637 601 1671; x_wconf 77' lang='lat' dir='ltr'>mil-tes</span> <span class='ocrx_word' id='word_1_206' title='bbox 613 1660 626 1677; x_wconf 90' lang='lat'>,</span> <span class='ocrx_word' id='word_1_207' title='bbox 651 1648 687 1670; x_wconf 85' lang='lat' dir='ltr'>ac</span> <span class='ocrx_word' id='word_1_208' title='bbox 690 1635 813 1682; x_wconf 85' lang='lat' dir='ltr'>fingulis</span> <span class='ocrx_word' id='word_1_209' title='bbox 817 1636 945 1680; x_wconf 84' lang='lat' dir='ltr'>fingulos</span> <span class='ocrx_word' id='word_1_210' title='bbox 965 1635 1076 1677; x_wconf 84' lang='lat' dir='ltr'>gladiis</span> 
     </span>
     <span class='ocr_line' id='line_1_30' title="bbox 200 1684 1079 1731; baseline -0.003 -11"><span class='ocrx_word' id='word_1_211' title='bbox 200 1686 375 1730; x_wconf 67' lang='lat' dir='ltr'>&amp;cingulis</span> <span class='ocrx_word' id='word_1_212' title='bbox 389 1687 543 1719; x_wconf 75' lang='lat' dir='ltr'>deauratis</span> <span class='ocrx_word' id='word_1_213' title='bbox 552 1691 739 1731; x_wconf 71' lang='lat' dir='ltr'>proc-ingente</span> <span class='ocrx_word' id='word_1_214' title='bbox 753 1711 760 1719; x_wconf 86' lang='lat'><strong>.</strong></span> <span class='ocrx_word' id='word_1_215' title='bbox 788 1687 930 1722; x_wconf 88' lang='lat' dir='ltr'>Videtur</span> <span class='ocrx_word' id='word_1_216' title='bbox 938 1696 1005 1719; x_wconf 92' lang='lat' dir='ltr'>non</span> <span class='ocrx_word' id='word_1_217' title='bbox 1021 1684 1079 1718; x_wconf 85' lang='lat' dir='ltr'>Al-</span> 
     </span>
    </p>

    <p class='ocr_par' dir='ltr' id='par_1_20' title="bbox 199 1734 1079 1833">
     <span class='ocr_line' id='line_1_31' title="bbox 200 1734 1079 1781; baseline 0 -10"><span class='ocrx_word' id='word_1_218' title='bbox 200 1735 312 1771; x_wconf 78' lang='lat' dir='ltr'>bertus</span> <span class='ocrx_word' id='word_1_219' title='bbox 324 1759 336 1777; x_wconf 92' lang='lat'>‚</span> <span class='ocrx_word' id='word_1_220' title='bbox 363 1735 416 1770; x_wconf 83' lang='lat' dir='ltr'>sed</span> <span class='ocrx_word' id='word_1_221' title='bbox 428 1736 608 1780; x_wconf 80' lang='lat' dir='ltr'>Imperator</span> <span class='ocrx_word' id='word_1_222' title='bbox 620 1736 817 1781; x_wconf 78' lang='lat' dir='ltr'>Rudolphus</span> <span class='ocrx_word' id='word_1_223' title='bbox 840 1749 946 1775; x_wconf 83' lang='lat' dir='ltr'>novos</span> <span class='ocrx_word' id='word_1_224' title='bbox 957 1734 1079 1773; x_wconf 78' lang='lat' dir='ltr'>milites</span> 
     </span>
     <span class='ocr_line' id='line_1_32' title="bbox 199 1784 1079 1833; baseline 0.002 -13"><span class='ocrx_word' id='word_1_225' title='bbox 199 1784 374 1820; x_wconf 67' lang='lat' dir='ltr'>accinxisse</span> <span class='ocrx_word' id='word_1_226' title='bbox 384 1810 394 1827; x_wconf 88' lang='lat'>‚</span> <span class='ocrx_word' id='word_1_227' title='bbox 419 1796 516 1829; x_wconf 90' lang='lat' dir='ltr'>atque</span> <span class='ocrx_word' id='word_1_228' title='bbox 552 1788 597 1821; x_wconf 83' lang='lat' dir='ltr'>ita</span> <span class='ocrx_word' id='word_1_229' title='bbox 620 1788 772 1831; x_wconf 84' lang='lat' dir='ltr'>praesente</span> <span class='ocrx_word' id='word_1_230' title='bbox 794 1788 947 1833; x_wconf 82' lang='lat' dir='ltr'>Principe</span> <span class='ocrx_word' id='word_1_231' title='bbox 984 1789 1079 1833; x_wconf 86' lang='lat' dir='ltr'>plena</span> 
     </span>
    </p>
   </div>
   <div class='ocr_carea' id='block_1_3' title="bbox 200 1833 1122 1883">
    <p class='ocr_par' dir='ltr' id='par_1_21' title="bbox 200 1833 1122 1883">
     <span class='ocr_line' id='line_1_33' title="bbox 200 1833 1122 1883; baseline 0.002 -12"><span class='ocrx_word' id='word_1_232' title='bbox 200 1833 382 1871; x_wconf 72' lang='lat' dir='ltr'>authoritas</span> <span class='ocrx_word' id='word_1_233' title='bbox 393 1846 461 1869; x_wconf 88' lang='lat' dir='ltr'>non</span> <span class='ocrx_word' id='word_1_234' title='bbox 472 1844 538 1870; x_wconf 87' lang='lat' dir='ltr'>erat</span> <span class='ocrx_word' id='word_1_235' title='bbox 548 1848 645 1880; x_wconf 85' lang='lat' dir='ltr'>penes</span> <span class='ocrx_word' id='word_1_236' title='bbox 665 1837 902 1883; x_wconf 86' lang='lat' dir='ltr'>Lantgravium</span> <span class='ocrx_word' id='word_1_237' title='bbox 914 1863 921 1871; x_wconf 92' lang='lat'>.</span> <span class='ocrx_word' id='word_1_238' title='bbox 944 1840 1076 1873; x_wconf 86' lang='lat' dir='ltr'>Etenim</span> <span class='ocrx_word' id='word_1_239' title='bbox 1089 1856 1091 1859; x_wconf 87' lang='grc'><em>·</em></span> <span class='ocrx_word' id='word_1_240' title='bbox 1120 1843 1122 1846; x_wconf 84' lang='grc'><strong>“</strong></span> 
     </span>
    </p>
   </div>
   <div class='ocr_carea' id='block_1_4' title="bbox 31 1884 1081 2729">
    <p class='ocr_par' dir='ltr' id='par_1_22' title="bbox 200 1884 1078 1984">
     <span class='ocr_line' id='line_1_34' title="bbox 200 1884 1078 1933; baseline 0.007 -14"><span class='ocrx_word' id='word_1_241' title='bbox 200 1884 340 1930; x_wconf 80' lang='lat' dir='ltr'>quilibet</span> <span class='ocrx_word' id='word_1_242' title='bbox 360 1885 510 1923; x_wconf 79' lang='lat' dir='ltr'>Comites</span> <span class='ocrx_word' id='word_1_243' title='bbox 529 1898 586 1924; x_wconf 88' lang='lat' dir='ltr'>aut</span> <span class='ocrx_word' id='word_1_244' title='bbox 604 1888 718 1933; x_wconf 79' lang='lat' dir='ltr'>Duces</span> <span class='ocrx_word' id='word_1_245' title='bbox 739 1899 810 1925; x_wconf 88' lang='lat' dir='ltr'>non</span> <span class='ocrx_word' id='word_1_246' title='bbox 833 1888 955 1925; x_wconf 88' lang='lat' dir='ltr'>habent</span> <span class='ocrx_word' id='word_1_247' title='bbox 984 1889 1078 1925; x_wconf 84' lang='lat' dir='ltr'>istam</span> 
     </span>
     <span class='ocr_line' id='line_1_35' title="bbox 200 1937 788 1984; baseline 0.003 -14"><span class='ocrx_word' id='word_1_248' title='bbox 200 1937 393 1980; x_wconf 77' lang='lat' dir='ltr'>potestatem</span> <span class='ocrx_word' id='word_1_249' title='bbox 404 1963 412 1971; x_wconf 92' lang='lat'>.</span> <span class='ocrx_word' id='word_1_250' title='bbox 786 1982 788 1984; x_wconf 21' lang='grc' dir='ltr'>Ι</span> 
     </span>
    </p>

    <p class='ocr_par' dir='ltr' id='par_1_23' title="bbox 252 1986 1080 2036">
     <span class='ocr_line' id='line_1_36' title="bbox 252 1986 1080 2036; baseline 0.005 -16"><span class='ocrx_word' id='word_1_251' title='bbox 252 1986 402 2021; x_wconf 85' lang='lat' dir='ltr'>Secunda</span> <span class='ocrx_word' id='word_1_252' title='bbox 412 1989 544 2031; x_wconf 81' lang='lat' dir='ltr'>quaestio</span> <span class='ocrx_word' id='word_1_253' title='bbox 568 1990 612 2024; x_wconf 85' lang='lat' dir='ltr'>est</span> <span class='ocrx_word' id='word_1_254' title='bbox 628 2015 639 2031; x_wconf 92' lang='lat'>‚</span> <span class='ocrx_word' id='word_1_255' title='bbox 664 1991 761 2034; x_wconf 85' lang='lat' dir='ltr'>quale</span> <span class='ocrx_word' id='word_1_256' title='bbox 781 1990 955 2026; x_wconf 86' lang='lat' dir='ltr'>hominum</span> <span class='ocrx_word' id='word_1_257' title='bbox 976 2001 1080 2036; x_wconf 90' lang='lat' dir='ltr'>genus</span> 
     </span>
    </p>

    <p class='ocr_par' dir='ltr' id='par_1_24' title="bbox 203 2035 1079 2085">
     <span class='ocr_line' id='line_1_37' title="bbox 203 2035 1079 2085; baseline 0.005 -16"><span class='ocrx_word' id='word_1_258' title='bbox 203 2035 299 2080; x_wconf 87' lang='lat' dir='ltr'>poffit</span> <span class='ocrx_word' id='word_1_259' title='bbox 311 2036 431 2071; x_wconf 87' lang='lat' dir='ltr'>elevari</span> <span class='ocrx_word' id='word_1_260' title='bbox 445 2037 478 2071; x_wconf 94' lang='lat' dir='ltr'>in</span> <span class='ocrx_word' id='word_1_261' title='bbox 492 2039 637 2074; x_wconf 86' lang='lat' dir='ltr'>milites?</span> <span class='ocrx_word' id='word_1_262' title='bbox 661 2040 770 2074; x_wconf 82' lang='lat' dir='ltr'>Ottho</span> <span class='ocrx_word' id='word_1_263' title='bbox 784 2042 992 2085; x_wconf 81' lang='lat' dir='ltr'>Frisingenfis</span> <span class='ocrx_word' id='word_1_264' title='bbox 1005 2040 1079 2083; x_wconf 85' lang='lat' dir='ltr'>Epi-</span> 
     </span>
    </p>

    <p class='ocr_par' dir='ltr' id='par_1_25' title="bbox 201 2087 1081 2134">
     <span class='ocr_line' id='line_1_38' title="bbox 201 2087 1081 2134; baseline 0.003 -14"><span class='ocrx_word' id='word_1_265' title='bbox 201 2087 320 2132; x_wconf 84' lang='lat' dir='ltr'>scopus</span> <span class='ocrx_word' id='word_1_266' title='bbox 331 2087 365 2120; x_wconf 88' lang='lat' dir='ltr'>iu</span> <span class='ocrx_word' id='word_1_267' title='bbox 375 2088 518 2121; x_wconf 88' lang='lat' dir='ltr'>secundo</span> <span class='ocrx_word' id='word_1_268' title='bbox 528 2089 570 2122; x_wconf 90' lang='lat' dir='ltr'>de</span> <span class='ocrx_word' id='word_1_269' title='bbox 582 2090 787 2133; x_wconf 82' lang='lat' dir='ltr'>Imperatoris</span> <span class='ocrx_word' id='word_1_270' title='bbox 797 2092 823 2124; x_wconf 87' lang='lat' dir='ltr'>F</span> <span class='ocrx_word' id='word_1_271' title='bbox 825 2090 958 2125; x_wconf 86' lang='lat' dir='ltr'>rederici</span> <span class='ocrx_word' id='word_1_272' title='bbox 982 2089 1081 2134; x_wconf 87' lang='lat' dir='ltr'>gestis</span> 
     </span>
    </p>

    <p class='ocr_par' dir='ltr' id='par_1_26' title="bbox 202 2136 1080 2179">
     <span class='ocr_line' id='line_1_39' title="bbox 202 2136 1080 2179; baseline 0.002 -8"><span class='ocrx_word' id='word_1_273' title='bbox 202 2136 290 2173; x_wconf 88' lang='lat' dir='ltr'>libro</span> <span class='ocrx_word' id='word_1_274' title='bbox 298 2137 452 2171; x_wconf 77' lang='lat' dir='ltr'>describit</span> <span class='ocrx_word' id='word_1_275' title='bbox 463 2137 720 2173; x_wconf 85' lang='lat' dir='ltr'>Mediolanenfis</span> <span class='ocrx_word' id='word_1_276' title='bbox 731 2140 877 2173; x_wconf 86' lang='lat' dir='ltr'>civitatis</span> <span class='ocrx_word' id='word_1_277' title='bbox 890 2149 998 2174; x_wconf 82' lang='lat' dir='ltr'>mores</span> <span class='ocrx_word' id='word_1_278' title='bbox 1007 2163 1018 2179; x_wconf 93' lang='lat'>,</span> <span class='ocrx_word' id='word_1_279' title='bbox 1045 2139 1080 2173; x_wconf 87' lang='lat'>&amp;</span> 
     </span>
    </p>

    <p class='ocr_par' dir='ltr' id='par_1_27' title="bbox 226 2186 1078 2222">
     <span class='ocr_line' id='line_1_40' title="bbox 226 2186 1078 2222; baseline -0.001 -1"><span class='ocrx_word' id='word_1_280' title='bbox 226 2188 299 2221; x_wconf 73' lang='lat' dir='ltr'>onir</span> <span class='ocrx_word' id='word_1_281' title='bbox 310 2187 408 2221; x_wconf 85' lang='lat' dir='ltr'>etiam</span> <span class='ocrx_word' id='word_1_282' title='bbox 431 2186 521 2221; x_wconf 89' lang='lat' dir='ltr'>hunc</span> <span class='ocrx_word' id='word_1_283' title='bbox 531 2201 544 2221; x_wconf 76' lang='grc' dir='ltr'><em>ι</em></span> <span class='ocrx_word' id='word_1_284' title='bbox 570 2192 611 2220; x_wconf 84' lang='lat' dir='ltr'>Ut</span> <span class='ocrx_word' id='word_1_285' title='bbox 645 2191 693 2221; x_wconf 84' lang='lat' dir='ltr'>ad</span> <span class='ocrx_word' id='word_1_286' title='bbox 709 2199 769 2221; x_wconf 88' lang='lat' dir='ltr'>com</span> <span class='ocrx_word' id='word_1_287' title='bbox 791 2191 941 2222; x_wconf 71' lang='lat' dir='ltr'>timendos</span> <span class='ocrx_word' id='word_1_288' title='bbox 965 2193 1078 2221; x_wconf 83' lang='lat' dir='ltr'>vicinos</span> 
     </span>
    </p>

    <p class='ocr_par' dir='ltr' id='par_1_28' title="bbox 31 2197 1078 2279">
     <span class='ocr_line' id='line_1_41' title="bbox 31 2197 1078 2279; baseline 0.002 -10"><span class='ocrx_word' id='word_1_289' title='bbox 31 2199 116 2244; x_wconf 55' lang='lat' dir='ltr'><strong>car·</strong></span> <span class='ocrx_word' id='word_1_290' title='bbox 134 2210 185 2248; x_wconf 52' lang='lat'>13&#39;</span> <span class='ocrx_word' id='word_1_291' title='bbox 202 2198 333 2270; x_wconf 52' lang='lat' dir='ltr'>fnateria</span> <span class='ocrx_word' id='word_1_292' title='bbox 345 2247 402 2269; x_wconf 87' lang='lat' dir='ltr'>non</span> <span class='ocrx_word' id='word_1_293' title='bbox 411 2245 532 2269; x_wconf 80' lang='lat' dir='ltr'>careant</span> <span class='ocrx_word' id='word_1_294' title='bbox 545 2260 556 2276; x_wconf 91' lang='lat'>,</span> <span class='ocrx_word' id='word_1_295' title='bbox 582 2237 736 2278; x_wconf 84' lang='lat' dir='ltr'>inferioris</span> <span class='ocrx_word' id='word_1_296' title='bbox 758 2197 933 2272; x_wconf 52' lang='lat' dir='ltr'>egnditionls</span> <span class='ocrx_word' id='word_1_297' title='bbox 948 2240 1078 2279; x_wconf 82' lang='lat' dir='ltr'>juvenes</span> 
     </span>
    </p>

    <p class='ocr_par' dir='ltr' id='par_1_29' title="bbox 201 2286 1078 2329">
     <span class='ocr_line' id='line_1_42' title="bbox 201 2286 1078 2329; baseline 0.001 -9"><span class='ocrx_word' id='word_1_298' title='bbox 201 2287 255 2320; x_wconf 81' lang='lat' dir='ltr'>vei</span> <span class='ocrx_word' id='word_1_299' title='bbox 273 2286 418 2329; x_wconf 80' lang='lat' dir='ltr'>quoslibet</span> <span class='ocrx_word' id='word_1_300' title='bbox 438 2287 699 2328; x_wconf 70' lang='lat' dir='ltr'>contemptibilium</span> <span class='ocrx_word' id='word_1_301' title='bbox 720 2293 813 2322; x_wconf 87' lang='lat' dir='ltr'>etiam</span> <span class='ocrx_word' id='word_1_302' title='bbox 843 2288 1078 2322; x_wconf 85' lang='lat' dir='ltr'>mechanicarum</span> 
     </span>
    </p>

    <p class='ocr_par' dir='ltr' id='par_1_30' title="bbox 202 2336 1072 2381">
     <span class='ocr_line' id='line_1_43' title="bbox 202 2336 1072 2381; baseline 0 -10"><span class='ocrx_word' id='word_1_303' title='bbox 202 2342 314 2371; x_wconf 78' lang='lat' dir='ltr'>artium</span> <span class='ocrx_word' id='word_1_304' title='bbox 325 2336 440 2378; x_wconf 76' lang='lat' dir='ltr'>opifices</span> <span class='ocrx_word' id='word_1_305' title='bbox 450 2361 460 2376; x_wconf 93' lang='lat'>,</span> <span class='ocrx_word' id='word_1_306' title='bbox 486 2348 558 2378; x_wconf 75' lang='lat' dir='ltr'>quor</span> <span class='ocrx_word' id='word_1_307' title='bbox 569 2348 685 2371; x_wconf 77' lang='lat' dir='ltr'>caeterae</span> <span class='ocrx_word' id='word_1_308' title='bbox 691 2347 798 2381; x_wconf 84' lang='lat' dir='ltr'>gentes</span> <span class='ocrx_word' id='word_1_309' title='bbox 808 2339 847 2371; x_wconf 93' lang='lat' dir='ltr'>ab</span> <span class='ocrx_word' id='word_1_310' title='bbox 871 2338 1072 2376; x_wconf 80' lang='lat' dir='ltr'>honestioribus</span> 
     </span>
    </p>

    <p class='ocr_par' dir='ltr' id='par_1_31' title="bbox 198 2387 1076 2432">
     <span class='ocr_line' id='line_1_44' title="bbox 198 2387 1076 2432; baseline 0.003 -14"><span class='ocrx_word' id='word_1_311' title='bbox 198 2387 309 2428; x_wconf 77' lang='lat' dir='ltr'>studiis</span> <span class='ocrx_word' id='word_1_312' title='bbox 320 2395 463 2428; x_wconf 82' lang='lat' dir='ltr'>tanquam</span> <span class='ocrx_word' id='word_1_313' title='bbox 471 2387 578 2428; x_wconf 87' lang='lat' dir='ltr'>pestem</span> <span class='ocrx_word' id='word_1_314' title='bbox 586 2389 754 2430; x_wconf 80' lang='lat' dir='ltr'>propellunt</span> <span class='ocrx_word' id='word_1_315' title='bbox 762 2413 773 2429; x_wconf 90' lang='lat'>‚</span> <span class='ocrx_word' id='word_1_316' title='bbox 799 2389 845 2422; x_wconf 84' lang='lat' dir='ltr'>ad</span> <span class='ocrx_word' id='word_1_317' title='bbox 852 2391 968 2421; x_wconf 81' lang='lat' dir='ltr'>militiae</span> <span class='ocrx_word' id='word_1_318' title='bbox 978 2394 1076 2432; x_wconf 85' lang='lat' dir='ltr'>cingu-</span> 
     </span>
    </p>

    <p class='ocr_par' dir='ltr' id='par_1_32' title="bbox 203 2437 1078 2481">
     <span class='ocr_line' id='line_1_45' title="bbox 203 2437 1078 2481; baseline 0.003 -13"><span class='ocrx_word' id='word_1_319' title='bbox 203 2437 266 2469; x_wconf 81' lang='lat' dir='ltr'>lum</span> <span class='ocrx_word' id='word_1_320' title='bbox 275 2437 325 2470; x_wconf 81' lang='lat' dir='ltr'>vel</span> <span class='ocrx_word' id='word_1_321' title='bbox 335 2440 527 2480; x_wconf 81' lang='lat' dir='ltr'>Dignitatum</span> <span class='ocrx_word' id='word_1_322' title='bbox 533 2440 651 2481; x_wconf 82' lang='lat' dir='ltr'>gradus</span> <span class='ocrx_word' id='word_1_323' title='bbox 676 2439 813 2481; x_wconf 81' lang='lat' dir='ltr'>assumere</span> <span class='ocrx_word' id='word_1_324' title='bbox 834 2449 890 2470; x_wconf 88' lang='lat' dir='ltr'>non</span> <span class='ocrx_word' id='word_1_325' title='bbox 914 2439 1078 2481; x_wconf 83' lang='lat' dir='ltr'>dedignan-</span> 
     </span>
    </p>

    <p class='ocr_par' dir='ltr' id='par_1_33' title="bbox 204 2486 1075 2528">
     <span class='ocr_line' id='line_1_46' title="bbox 204 2486 1075 2528; baseline 0.002 -10"><span class='ocrx_word' id='word_1_326' title='bbox 204 2494 253 2519; x_wconf 74' lang='lat' dir='ltr'>tur</span> <span class='ocrx_word' id='word_1_327' title='bbox 266 2498 274 2518; x_wconf 70' lang='grc' dir='ltr'>ι</span> <span class='ocrx_word' id='word_1_328' title='bbox 301 2498 338 2519; x_wconf 81' lang='lat' dir='ltr'>ex</span> <span class='ocrx_word' id='word_1_329' title='bbox 349 2498 406 2528; x_wconf 87' lang='lat' dir='ltr'>quo</span> <span class='ocrx_word' id='word_1_330' title='bbox 409 2486 530 2527; x_wconf 75' lang='lat' dir='ltr'>fac‘lum</span> <span class='ocrx_word' id='word_1_331' title='bbox 540 2487 578 2527; x_wconf 88' lang='lat' dir='ltr'>est</span> <span class='ocrx_word' id='word_1_332' title='bbox 590 2512 599 2527; x_wconf 86' lang='lat'>,</span> <span class='ocrx_word' id='word_1_333' title='bbox 628 2498 660 2521; x_wconf 88' lang='lat' dir='ltr'>ut</span> <span class='ocrx_word' id='word_1_334' title='bbox 670 2493 782 2522; x_wconf 79' lang='lat' dir='ltr'>caeteris</span> <span class='ocrx_word' id='word_1_335' title='bbox 795 2487 872 2521; x_wconf 86' lang='lat' dir='ltr'>orbis</span> <span class='ocrx_word' id='word_1_336' title='bbox 883 2489 1075 2528; x_wconf 77' lang='lat' dir='ltr'>civitatibus,</span> 
     </span>
    </p>

    <p class='ocr_par' dir='ltr' id='par_1_34' title="bbox 205 2536 1071 2581">
     <span class='ocr_line' id='line_1_47' title="bbox 205 2536 1071 2581; baseline 0.005 -13"><span class='ocrx_word' id='word_1_337' title='bbox 205 2536 325 2568; x_wconf 80' lang='lat' dir='ltr'>divitiis</span> <span class='ocrx_word' id='word_1_338' title='bbox 337 2537 509 2576; x_wconf 69' lang='lat' dir='ltr'>&amp;potentia</span> <span class='ocrx_word' id='word_1_339' title='bbox 520 2544 736 2578; x_wconf 86' lang='lat' dir='ltr'>praeemineant</span> <span class='ocrx_word' id='word_1_340' title='bbox 745 2563 753 2570; x_wconf 87' lang='lat'><strong>.</strong></span> <span class='ocrx_word' id='word_1_341' title='bbox 783 2538 824 2572; x_wconf 85' lang='lat' dir='ltr'>Et</span> <span class='ocrx_word' id='word_1_342' title='bbox 837 2538 919 2571; x_wconf 71' lang='lat' dir='ltr'>infra</span> <span class='ocrx_word' id='word_1_343' title='bbox 931 2538 971 2572; x_wconf 89' lang='lat' dir='ltr'>de</span> <span class='ocrx_word' id='word_1_344' title='bbox 993 2550 1071 2581; x_wconf 90' lang='lat' dir='ltr'>quo·</span> 
     </span>
    </p>

    <p class='ocr_par' dir='ltr' id='par_1_35' title="bbox 205 2585 1074 2632">
     <span class='ocr_line' id='line_1_48' title="bbox 205 2585 1074 2632; baseline 0.003 -13"><span class='ocrx_word' id='word_1_345' title='bbox 205 2585 281 2619; x_wconf 85' lang='lat' dir='ltr'>dam</span> <span class='ocrx_word' id='word_1_346' title='bbox 294 2586 435 2619; x_wconf 83' lang='lat' dir='ltr'>Stratore</span> <span class='ocrx_word' id='word_1_347' title='bbox 448 2609 458 2624; x_wconf 93' lang='lat'>,</span> <span class='ocrx_word' id='word_1_348' title='bbox 485 2585 706 2620; x_wconf 83' lang='lat' dir='ltr'>Terdonenlis</span> <span class='ocrx_word' id='word_1_349' title='bbox 727 2587 881 2621; x_wconf 88' lang='lat' dir='ltr'>Civitatis</span> <span class='ocrx_word' id='word_1_350' title='bbox 906 2589 1074 2632; x_wconf 87' lang='lat' dir='ltr'>impugna-</span> 
     </span>
    </p>

    <p class='ocr_par' dir='ltr' id='par_1_36' title="bbox 37 2630 1074 2680">
     <span class='ocr_line' id='line_1_49' title="bbox 37 2630 1074 2680; baseline 0.002 -11"><span class='ocrx_word' id='word_1_351' title='bbox 37 2634 120 2679; x_wconf 80' lang='lat' dir='ltr'>Cap.</span> <span class='ocrx_word' id='word_1_352' title='bbox 137 2630 190 2671; x_wconf 87' lang='lat'>18.</span> <span class='ocrx_word' id='word_1_353' title='bbox 206 2635 332 2670; x_wconf 89' lang='lat' dir='ltr'>tionem</span> <span class='ocrx_word' id='word_1_354' title='bbox 355 2644 568 2677; x_wconf 84' lang='lat' dir='ltr'>promovente</span> <span class='ocrx_word' id='word_1_355' title='bbox 587 2660 596 2675; x_wconf 90' lang='lat'>‚</span> <span class='ocrx_word' id='word_1_356' title='bbox 623 2636 731 2670; x_wconf 86' lang='lat' dir='ltr'>scribit</span> <span class='ocrx_word' id='word_1_357' title='bbox 750 2650 762 2670; x_wconf 83' lang='lat'>.·</span> <span class='ocrx_word' id='word_1_358' title='bbox 802 2638 939 2680; x_wconf 74' lang='lat' dir='ltr'>‚Quidam</span> <span class='ocrx_word' id='word_1_359' title='bbox 961 2641 1074 2671; x_wconf 75' lang='lat' dir='ltr'>strator</span> 
     </span>
    </p>

    <p class='ocr_par' dir='ltr' id='par_1_37' title="bbox 207 2683 1070 2729">
     <span class='ocr_line' id='line_1_50' title="bbox 207 2683 1070 2729; baseline 0.002 -10"><span class='ocrx_word' id='word_1_360' title='bbox 207 2687 301 2729; x_wconf 84' lang='lat' dir='ltr'>longae</span> <span class='ocrx_word' id='word_1_361' title='bbox 313 2683 465 2725; x_wconf 73' lang='lat' dir='ltr'>obsidionis</span> <span class='ocrx_word' id='word_1_362' title='bbox 479 2686 569 2718; x_wconf 74' lang='lat' dir='ltr'>taedio</span> <span class='ocrx_word' id='word_1_363' title='bbox 580 2686 704 2726; x_wconf 79' lang='lat' dir='ltr'>affer‘lus</span> <span class='ocrx_word' id='word_1_364' title='bbox 712 2711 724 2728; x_wconf 87' lang='lat'>,</span> <span class='ocrx_word' id='word_1_365' title='bbox 736 2697 801 2720; x_wconf 80' lang='lat' dir='ltr'>eum</span> <span class='ocrx_word' id='word_1_366' title='bbox 811 2694 927 2721; x_wconf 82' lang='lat' dir='ltr'>eaeteris</span> <span class='ocrx_word' id='word_1_367' title='bbox 940 2687 1070 2728; x_wconf 79' lang='lat' dir='ltr'>adfilien·</span> 
     </span>
    </p>
   </div>
   <div class='ocr_carea' id='block_1_5' title="bbox 205 2735 1087 2779">
    <p class='ocr_par' dir='ltr' id='par_1_38' title="bbox 205 2735 1087 2779">
     <span class='ocr_line' id='line_1_51' title="bbox 205 2735 1087 2779; baseline 0.001 -12"><span class='ocrx_word' id='word_1_368' title='bbox 205 2736 239 2769; x_wconf 82' lang='lat' dir='ltr'>di</span> <span class='ocrx_word' id='word_1_369' title='bbox 255 2746 351 2768; x_wconf 88' lang='lat' dir='ltr'>arcem</span> <span class='ocrx_word' id='word_1_370' title='bbox 362 2735 528 2776; x_wconf 82' lang='lat' dir='ltr'>exemplum·</span> <span class='ocrx_word' id='word_1_371' title='bbox 540 2737 612 2768; x_wconf 85' lang='lat' dir='ltr'>dare</span> <span class='ocrx_word' id='word_1_372' title='bbox 636 2737 727 2769; x_wconf 82' lang='lat' dir='ltr'>vellet</span> <span class='ocrx_word' id='word_1_373' title='bbox 740 2761 750 2776; x_wconf 89' lang='lat'>,</span> <span class='ocrx_word' id='word_1_374' title='bbox 772 2738 877 2779; x_wconf 85' lang='lat' dir='ltr'>gladio</span> <span class='ocrx_word' id='word_1_375' title='bbox 898 2746 1015 2769; x_wconf 88' lang='lat' dir='ltr'>tantum</span> <span class='ocrx_word' id='word_1_376' title='bbox 1038 2740 1071 2771; x_wconf 67' lang='grc' dir='ltr'>ά·</span> <span class='ocrx_word' id='word_1_377' title='bbox 1086 2735 1087 2738; x_wconf 70' lang='grc'>’</span> 
     </span>
    </p>
   </div>
   <div class='ocr_carea' id='block_1_6' title="bbox 201 2783 1071 3581">
    <p class='ocr_par' dir='ltr' id='par_1_39' title="bbox 201 2783 1071 3581">
     <span class='ocr_line' id='line_1_52' title="bbox 205 2783 1070 2830; baseline -0.001 -11"><span class='ocrx_word' id='word_1_378' title='bbox 205 2786 297 2827; x_wconf 78' lang='lat' dir='ltr'>clypeo</span> <span class='ocrx_word' id='word_1_379' title='bbox 310 2793 473 2826; x_wconf 84' lang='lat' dir='ltr'>parvaque</span> <span class='ocrx_word' id='word_1_380' title='bbox 489 2783 604 2828; x_wconf 82' lang='lat' dir='ltr'>securi,</span> <span class='ocrx_word' id='word_1_381' title='bbox 631 2798 690 2828; x_wconf 87' lang='lat' dir='ltr'>qua</span> <span class='ocrx_word' id='word_1_382' title='bbox 708 2785 792 2829; x_wconf 79' lang='lat' dir='ltr'>sellae</span> <span class='ocrx_word' id='word_1_383' title='bbox 814 2787 851 2819; x_wconf 85' lang='lat' dir='ltr'>ab</span> <span class='ocrx_word' id='word_1_384' title='bbox 882 2794 923 2820; x_wconf 87' lang='lat' dir='ltr'>eis</span> <span class='ocrx_word' id='word_1_385' title='bbox 941 2789 1070 2830; x_wconf 78' lang='lat' dir='ltr'>alligatae</span> 
     </span>
     <span class='ocr_line' id='line_1_53' title="bbox 201 2833 1071 2881; baseline 0.003 -14"><span class='ocrx_word' id='word_1_386' title='bbox 201 2842 381 2876; x_wconf 75' lang='lat' dir='ltr'>portantur,</span> <span class='ocrx_word' id='word_1_387' title='bbox 409 2833 478 2877; x_wconf 89' lang='lat' dir='ltr'>usus</span> <span class='ocrx_word' id='word_1_388' title='bbox 501 2859 511 2874; x_wconf 92' lang='lat'>,</span> <span class='ocrx_word' id='word_1_389' title='bbox 548 2848 685 2880; x_wconf 81' lang='lat' dir='ltr'>aggerem</span> <span class='ocrx_word' id='word_1_390' title='bbox 707 2839 903 2881; x_wconf 74' lang='lat' dir='ltr'>aggreditur,</span> <span class='ocrx_word' id='word_1_391' title='bbox 932 2845 1071 2878; x_wconf 78' lang='lat' dir='ltr'>viamque</span> 
     </span>
     <span class='ocr_line' id='line_1_54' title="bbox 203 2884 1065 2929; baseline 0.002 -11"><span class='ocrx_word' id='word_1_392' title='bbox 203 2884 314 2928; x_wconf 83' lang='lat' dir='ltr'>securi,</span> <span class='ocrx_word' id='word_1_393' title='bbox 340 2887 400 2928; x_wconf 65' lang='lat' dir='ltr'>quc?</span> <span class='ocrx_word' id='word_1_394' title='bbox 407 2886 516 2926; x_wconf 85' lang='lat' dir='ltr'>pedem</span> <span class='ocrx_word' id='word_1_395' title='bbox 527 2885 628 2929; x_wconf 83' lang='lat' dir='ltr'>figeret</span> <span class='ocrx_word' id='word_1_396' title='bbox 644 2911 653 2925; x_wconf 96' lang='lat'>,</span> <span class='ocrx_word' id='word_1_397' title='bbox 671 2886 792 2928; x_wconf 83' lang='lat' dir='ltr'>faciens</span> <span class='ocrx_word' id='word_1_398' title='bbox 804 2912 813 2927; x_wconf 95' lang='lat'>,</span> <span class='ocrx_word' id='word_1_399' title='bbox 826 2898 954 2919; x_wconf 85' lang='lat' dir='ltr'>montem</span> <span class='ocrx_word' id='word_1_400' title='bbox 971 2885 1065 2929; x_wconf 85' lang='lat' dir='ltr'>ascen-</span> 
     </span>
     <span class='ocr_line' id='line_1_55' title="bbox 206 2935 1069 2977; baseline 0.003 -11"><span class='ocrx_word' id='word_1_401' title='bbox 206 2936 271 2968; x_wconf 78' lang='lat' dir='ltr'>dit.-</span> <span class='ocrx_word' id='word_1_402' title='bbox 297 2946 354 2969; x_wconf 85' lang='lat' dir='ltr'>non</span> <span class='ocrx_word' id='word_1_403' title='bbox 362 2937 443 2968; x_wconf 87' lang='lat' dir='ltr'>illum</span> <span class='ocrx_word' id='word_1_404' title='bbox 454 2935 545 2968; x_wconf 85' lang='lat' dir='ltr'>crebri</span> <span class='ocrx_word' id='word_1_405' title='bbox 566 2938 699 2977; x_wconf 86' lang='lat' dir='ltr'>lapidum</span> <span class='ocrx_word' id='word_1_406' title='bbox 721 2937 796 2970; x_wconf 60' lang='lat' dir='ltr'>isius</span> <span class='ocrx_word' id='word_1_407' title='bbox 819 2939 984 2977; x_wconf 83' lang='lat' dir='ltr'>deterrere,</span> <span class='ocrx_word' id='word_1_408' title='bbox 1012 2950 1069 2969; x_wconf 87' lang='lat' dir='ltr'>non</span> 
     </span>
     <span class='ocr_line' id='line_1_56' title="bbox 207 2985 1068 3027; baseline -0.001 -8"><span class='ocrx_word' id='word_1_409' title='bbox 207 2996 303 3019; x_wconf 82' lang='lat' dir='ltr'>torum</span> <span class='ocrx_word' id='word_1_410' title='bbox 309 2986 477 3026; x_wconf 85' lang='lat' dir='ltr'>jaculorum</span> <span class='ocrx_word' id='word_1_411' title='bbox 487 2995 538 3019; x_wconf 88' lang='lat' dir='ltr'>aut</span> <span class='ocrx_word' id='word_1_412' title='bbox 548 2985 688 3026; x_wconf 79' lang='lat' dir='ltr'>saxorum</span> <span class='ocrx_word' id='word_1_413' title='bbox 710 2988 748 3019; x_wconf 88' lang='lat' dir='ltr'>ab</span> <span class='ocrx_word' id='word_1_414' title='bbox 769 2998 835 3020; x_wconf 87' lang='lat' dir='ltr'>arce</span> <span class='ocrx_word' id='word_1_415' title='bbox 850 3011 861 3027; x_wconf 94' lang='lat'>‚</span> <span class='ocrx_word' id='word_1_416' title='bbox 887 2990 931 3019; x_wconf 85' lang='lat' dir='ltr'>ad</span> <span class='ocrx_word' id='word_1_417' title='bbox 953 2989 1068 3019; x_wconf 88' lang='lat' dir='ltr'>modum</span> 
     </span>
     <span class='ocr_line' id='line_1_57' title="bbox 207 3034 1067 3078; baseline 0 -11"><span class='ocrx_word' id='word_1_418' title='bbox 207 3034 341 3067; x_wconf 66' lang='lat' dir='ltr'>imbrium</span> <span class='ocrx_word' id='word_1_419' title='bbox 352 3059 362 3074; x_wconf 88' lang='lat'>‚</span> <span class='ocrx_word' id='word_1_420' title='bbox 389 3046 444 3068; x_wconf 87' lang='lat' dir='ltr'>non</span> <span class='ocrx_word' id='word_1_421' title='bbox 458 3037 626 3077; x_wconf 83' lang='lat' dir='ltr'>interpolati</span> <span class='ocrx_word' id='word_1_422' title='bbox 634 3036 737 3076; x_wconf 61' lang='lat' dir='ltr'>jacias</span> <span class='ocrx_word' id='word_1_423' title='bbox 750 3048 886 3070; x_wconf 86' lang='lat' dir='ltr'>revocare</span> <span class='ocrx_word' id='word_1_424' title='bbox 902 3046 1046 3078; x_wconf 85' lang='lat' dir='ltr'>poterant</span> <span class='ocrx_word' id='word_1_425' title='bbox 1063 3063 1067 3067; x_wconf 93' lang='lat'>.</span> 
     </span>
     <span class='ocr_line' id='line_1_58' title="bbox 209 3083 1069 3129; baseline 0.003 -14"><span class='ocrx_word' id='word_1_426' title='bbox 209 3085 259 3116; x_wconf 77' lang='lat' dir='ltr'>Ad</span> <span class='ocrx_word' id='word_1_427' title='bbox 268 3091 375 3117; x_wconf 85' lang='lat' dir='ltr'>turrim</span> <span class='ocrx_word' id='word_1_428' title='bbox 386 3083 475 3128; x_wconf 85' lang='lat' dir='ltr'>usque</span> <span class='ocrx_word' id='word_1_429' title='bbox 484 3090 551 3126; x_wconf 81' lang='lat' dir='ltr'>jam</span> <span class='ocrx_word' id='word_1_430' title='bbox 560 3085 781 3129; x_wconf 69' lang='lat' dir='ltr'>semidirutam</span> <span class='ocrx_word' id='word_1_431' title='bbox 797 3088 921 3128; x_wconf 82' lang='lat' dir='ltr'>procefflt</span> <span class='ocrx_word' id='word_1_432' title='bbox 935 3112 944 3127; x_wconf 90' lang='lat'>,</span> <span class='ocrx_word' id='word_1_433' title='bbox 973 3087 1069 3129; x_wconf 82' lang='lat' dir='ltr'>ibique</span> 
     </span>
     <span class='ocr_line' id='line_1_59' title="bbox 204 3135 1071 3174; baseline 0.001 -7"><span class='ocrx_word' id='word_1_434' title='bbox 204 3135 339 3167; x_wconf 78' lang='lat' dir='ltr'>viriliter</span> <span class='ocrx_word' id='word_1_435' title='bbox 358 3136 526 3169; x_wconf 79' lang='lat' dir='ltr'>dimicando</span> <span class='ocrx_word' id='word_1_436' title='bbox 550 3159 560 3174; x_wconf 96' lang='lat'>,</span> <span class='ocrx_word' id='word_1_437' title='bbox 595 3138 720 3170; x_wconf 80' lang='lat' dir='ltr'>militem</span> <span class='ocrx_word' id='word_1_438' title='bbox 741 3144 832 3170; x_wconf 82' lang='lat' dir='ltr'>etiam</span> <span class='ocrx_word' id='word_1_439' title='bbox 854 3146 1002 3169; x_wconf 81' lang='lat' dir='ltr'>armatum</span> <span class='ocrx_word' id='word_1_440' title='bbox 1028 3139 1071 3168; x_wconf 88' lang='lat' dir='ltr'>ad</span> 
     </span>
     <span class='ocr_line' id='line_1_60' title="bbox 209 3184 1066 3229; baseline 0.002 -13"><span class='ocrx_word' id='word_1_441' title='bbox 209 3184 434 3217; x_wconf 68' lang='lat' dir='ltr'>terramidiibus</span> <span class='ocrx_word' id='word_1_442' title='bbox 448 3187 572 3227; x_wconf 84' lang='lat' dir='ltr'>dejecit,</span> <span class='ocrx_word' id='word_1_443' title='bbox 599 3196 689 3229; x_wconf 85' lang='lat' dir='ltr'>atque</span> <span class='ocrx_word' id='word_1_444' title='bbox 710 3192 787 3219; x_wconf 84' lang='lat' dir='ltr'>inter</span> <span class='ocrx_word' id='word_1_445' title='bbox 811 3196 851 3219; x_wconf 85' lang='lat' dir='ltr'>tot</span> <span class='ocrx_word' id='word_1_446' title='bbox 870 3187 1066 3227; x_wconf 80' lang='lat' dir='ltr'>periculorum</span> 
     </span>
     <span class='ocr_line' id='line_1_61' title="bbox 207 3231 1068 3279; baseline 0.002 -13"><span class='ocrx_word' id='word_1_447' title='bbox 207 3231 382 3275; x_wconf 81' lang='lat' dir='ltr'>discrimina</span> <span class='ocrx_word' id='word_1_448' title='bbox 401 3234 507 3277; x_wconf 83' lang='lat' dir='ltr'>illaesus</span> <span class='ocrx_word' id='word_1_449' title='bbox 531 3238 574 3268; x_wconf 85' lang='lat' dir='ltr'>ad</span> <span class='ocrx_word' id='word_1_450' title='bbox 594 3237 688 3275; x_wconf 82' lang='lat' dir='ltr'>castra</span> <span class='ocrx_word' id='word_1_451' title='bbox 708 3238 802 3270; x_wconf 86' lang='lat' dir='ltr'>redire</span> <span class='ocrx_word' id='word_1_452' title='bbox 820 3243 937 3278; x_wconf 85' lang='lat' dir='ltr'>potuit.</span> <span class='ocrx_word' id='word_1_453' title='bbox 969 3239 1068 3279; x_wconf 76' lang='lat' dir='ltr'>,Quem</span> 
     </span>
     <span class='ocr_line' id='line_1_62' title="bbox 206 3279 1067 3331; baseline 0.003 -15"><span class='ocrx_word' id='word_1_454' title='bbox 206 3285 274 3316; x_wconf 81' lang='lat' dir='ltr'>Rex</span> <span class='ocrx_word' id='word_1_455' title='bbox 287 3279 367 3323; x_wconf 86' lang='lat' dir='ltr'>adse</span> <span class='ocrx_word' id='word_1_456' title='bbox 378 3293 510 3316; x_wconf 76' lang='lat' dir='ltr'>vocatum</span> <span class='ocrx_word' id='word_1_457' title='bbox 531 3286 659 3319; x_wconf 87' lang='lat' dir='ltr'>militari</span> <span class='ocrx_word' id='word_1_458' title='bbox 675 3289 786 3331; x_wconf 87' lang='lat' dir='ltr'>cingulo</span> <span class='ocrx_word' id='word_1_459' title='bbox 806 3288 840 3320; x_wconf 87' lang='lat' dir='ltr'>ob</span> <span class='ocrx_word' id='word_1_460' title='bbox 861 3297 924 3319; x_wconf 83' lang='lat' dir='ltr'>tam</span> <span class='ocrx_word' id='word_1_461' title='bbox 941 3288 1067 3328; x_wconf 60' lang='lat' dir='ltr'>priesla-</span> 
     </span>
     <span class='ocr_line' id='line_1_63' title="bbox 206 3332 1067 3380; baseline 0.002 -14"><span class='ocrx_word' id='word_1_462' title='bbox 206 3343 273 3366; x_wconf 77' lang='lat' dir='ltr'>rum</span> <span class='ocrx_word' id='word_1_463' title='bbox 277 3332 402 3373; x_wconf 85' lang='lat' dir='ltr'>facinus</span> <span class='ocrx_word' id='word_1_464' title='bbox 423 3332 620 3368; x_wconf 83' lang='lat' dir='ltr'>honorandum</span> <span class='ocrx_word' id='word_1_465' title='bbox 642 3338 774 3371; x_wconf 81' lang='lat' dir='ltr'>decrevit</span> <span class='ocrx_word' id='word_1_466' title='bbox 787 3362 794 3369; x_wconf 90' lang='lat'>.</span> <span class='ocrx_word' id='word_1_467' title='bbox 823 3342 860 3369; x_wconf 79' lang='lat' dir='ltr'>At</span> <span class='ocrx_word' id='word_1_468' title='bbox 881 3339 931 3370; x_wconf 87' lang='lat' dir='ltr'>ille</span> <span class='ocrx_word' id='word_1_469' title='bbox 952 3342 1019 3369; x_wconf 69' lang='lat' dir='ltr'>curri</span> <span class='ocrx_word' id='word_1_470' title='bbox 1034 3337 1067 3380; x_wconf 87' lang='lat' dir='ltr'>se</span> 
     </span>
     <span class='ocr_line' id='line_1_64' title="bbox 202 3383 1065 3428; baseline 0.005 -13"><span class='ocrx_word' id='word_1_471' title='bbox 202 3383 337 3426; x_wconf 86' lang='lat' dir='ltr'>plebeum</span> <span class='ocrx_word' id='word_1_472' title='bbox 352 3383 460 3415; x_wconf 81' lang='lat' dir='ltr'>diceret</span> <span class='ocrx_word' id='word_1_473' title='bbox 472 3406 482 3421; x_wconf 89' lang='lat'>‚</span> <span class='ocrx_word' id='word_1_474' title='bbox 508 3389 540 3416; x_wconf 81' lang='lat' dir='ltr'>in</span> <span class='ocrx_word' id='word_1_475' title='bbox 554 3387 705 3428; x_wconf 85' lang='lat' dir='ltr'>eodemque</span> <span class='ocrx_word' id='word_1_476' title='bbox 718 3388 832 3420; x_wconf 84' lang='lat' dir='ltr'>Ordine</span> <span class='ocrx_word' id='word_1_477' title='bbox 853 3387 927 3420; x_wconf 83' lang='lat' dir='ltr'>velle</span> <span class='ocrx_word' id='word_1_478' title='bbox 939 3398 1065 3419; x_wconf 84' lang='lat' dir='ltr'>remane-</span> 
     </span>
     <span class='ocr_line' id='line_1_65' title="bbox 206 3430 1066 3478; baseline 0.003 -13"><span class='ocrx_word' id='word_1_479' title='bbox 206 3443 238 3465; x_wconf 80' lang='lat' dir='ltr'>re</span> <span class='ocrx_word' id='word_1_480' title='bbox 251 3456 261 3473; x_wconf 94' lang='lat'>‚</span> <span class='ocrx_word' id='word_1_481' title='bbox 282 3430 471 3474; x_wconf 79' lang='lat' dir='ltr'>sufficerefibi</span> <span class='ocrx_word' id='word_1_482' title='bbox 481 3435 672 3468; x_wconf 82' lang='lat' dir='ltr'>conditionem</span> <span class='ocrx_word' id='word_1_483' title='bbox 679 3435 767 3478; x_wconf 83' lang='lat' dir='ltr'>suam</span> <span class='ocrx_word' id='word_1_484' title='bbox 780 3462 789 3477; x_wconf 94' lang='lat'>,</span> <span class='ocrx_word' id='word_1_485' title='bbox 800 3437 913 3477; x_wconf 68' lang='lat' dir='ltr'>honeste</span> <span class='ocrx_word' id='word_1_486' title='bbox 925 3439 1066 3469; x_wconf 87' lang='lat' dir='ltr'>donatum</span> 
     </span>
     <span class='ocr_line' id='line_1_66' title="bbox 202 3482 1069 3525; baseline 0.012 -12"><span class='ocrx_word' id='word_1_487' title='bbox 202 3482 255 3517; x_wconf 68' lang='lat' dir='ltr'>aa</span> <span class='ocrx_word' id='word_1_488' title='bbox 273 3487 395 3524; x_wconf 86' lang='lat' dir='ltr'>propria</span> <span class='ocrx_word' id='word_1_489' title='bbox 420 3483 515 3515; x_wconf 85' lang='lat' dir='ltr'>redire</span> <span class='ocrx_word' id='word_1_490' title='bbox 529 3484 661 3525; x_wconf 76' lang='lat' dir='ltr'>permisit</span> <span class='ocrx_word' id='word_1_491' title='bbox 682 3486 889 3524; x_wconf 76' lang='lat' dir='ltr'>contubernia.</span> <span class='ocrx_word' id='word_1_492' title='bbox 923 3486 1069 3525; x_wconf 61' lang='lat' dir='ltr'>Proinde</span> 
     </span>
     <span class='ocr_line' id='line_1_67' title="bbox 294 3530 889 3581; baseline 0.008 -17"><span class='ocrx_word' id='word_1_493' title='bbox 294 3530 478 3578; x_wconf 51' lang='lat' dir='ltr'>Christiupi</span> <span class='ocrx_word' id='word_1_494' title='bbox 487 3537 585 3578; x_wconf 76' lang='lat' dir='ltr'>Opera</span> <span class='ocrx_word' id='word_1_495' title='bbox 596 3536 739 3581; x_wconf 67' lang='lat' dir='ltr'>Tom.X13</span> <span class='ocrx_word' id='word_1_496' title='bbox 882 3532 889 3535; x_wconf 79' lang='grc'><em>”</em></span> 
     </span>
    </p>
   </div>
   <div class='ocr_carea' id='block_1_7' title="bbox 1890 171 1978 204">
    <p class='ocr_par' dir='ltr' id='par_1_40' title="bbox 1890 171 1978 204">
     <span class='ocr_line' id='line_1_68' title="bbox 1890 171 1978 204; baseline 0.023 -2"><span class='ocrx_word' id='word_1_497' title='bbox 1890 171 1978 204; x_wconf 81' lang='lat'>121</span> 
     </span>
    </p>
   </div>
   <div class='ocr_carea' id='block_1_8' title="bbox 1140 232 2016 726">
    <p class='ocr_par' dir='ltr' id='par_1_41' title="bbox 1140 232 2016 726">
     <span class='ocr_line' id='line_1_69' title="bbox 1142 232 2013 280; baseline 0.005 -12"><span class='ocrx_word' id='word_1_498' title='bbox 1142 233 1291 268; x_wconf 87' lang='lat' dir='ltr'>militaris</span> <span class='ocrx_word' id='word_1_499' title='bbox 1302 232 1446 278; x_wconf 85' lang='lat' dir='ltr'>dignitas</span> <span class='ocrx_word' id='word_1_500' title='bbox 1458 233 1540 269; x_wconf 68' lang='lat' dir='ltr'>adeo</span> <span class='ocrx_word' id='word_1_501' title='bbox 1553 238 1686 280; x_wconf 83' lang='lat' dir='ltr'>quadrat</span> <span class='ocrx_word' id='word_1_502' title='bbox 1711 235 1788 272; x_wconf 89' lang='lat' dir='ltr'>solis</span> <span class='ocrx_word' id='word_1_503' title='bbox 1808 237 1976 272; x_wconf 87' lang='lat' dir='ltr'>nobilibus</span> <span class='ocrx_word' id='word_1_504' title='bbox 1999 262 2013 280; x_wconf 87' lang='lat'>,</span> 
     </span>
     <span class='ocr_line' id='line_1_70' title="bbox 1142 283 2015 331; baseline 0.006 -13"><span class='ocrx_word' id='word_1_505' title='bbox 1142 294 1178 318; x_wconf 87' lang='lat' dir='ltr'>ut</span> <span class='ocrx_word' id='word_1_506' title='bbox 1204 283 1335 327; x_wconf 87' lang='lat' dir='ltr'>plebeus</span> <span class='ocrx_word' id='word_1_507' title='bbox 1357 284 1450 317; x_wconf 90' lang='lat' dir='ltr'>miles</span> <span class='ocrx_word' id='word_1_508' title='bbox 1467 286 1564 318; x_wconf 83' lang='lat' dir='ltr'>etiam</span> <span class='ocrx_word' id='word_1_509' title='bbox 1587 288 1627 321; x_wconf 88' lang='lat' dir='ltr'>ab</span> <span class='ocrx_word' id='word_1_510' title='bbox 1651 289 1847 331; x_wconf 70' lang='lat' dir='ltr'>Imperatore</span> <span class='ocrx_word' id='word_1_511' title='bbox 1867 287 2015 323; x_wconf 82' lang='lat' dir='ltr'>delatam</span> 
     </span>
     <span class='ocr_line' id='line_1_71' title="bbox 1142 333 2016 382; baseline 0.003 -14"><span class='ocrx_word' id='word_1_512' title='bbox 1142 345 1210 368; x_wconf 88' lang='lat' dir='ltr'>non</span> <span class='ocrx_word' id='word_1_513' title='bbox 1225 334 1417 377; x_wconf 83' lang='lat' dir='ltr'>praesumpfit</span> <span class='ocrx_word' id='word_1_514' title='bbox 1440 333 1629 370; x_wconf 80' lang='lat' dir='ltr'>admittere.</span> <span class='ocrx_word' id='word_1_515' title='bbox 1659 338 1753 372; x_wconf 92' lang='lat' dir='ltr'>Hinc</span> <span class='ocrx_word' id='word_1_516' title='bbox 1775 337 1927 382; x_wconf 85' lang='lat' dir='ltr'>intellige</span> <span class='ocrx_word' id='word_1_517' title='bbox 1949 348 2016 371; x_wconf 83' lang='lat' dir='ltr'>ma·</span> 
     </span>
     <span class='ocr_line' id='line_1_72' title="bbox 1141 381 2014 428; baseline 0.006 -11"><span class='ocrx_word' id='word_1_518' title='bbox 1141 395 1244 428; x_wconf 88' lang='lat' dir='ltr'>gnum</span> <span class='ocrx_word' id='word_1_519' title='bbox 1259 384 1366 428; x_wconf 87' lang='lat' dir='ltr'>Belgii</span> <span class='ocrx_word' id='word_1_520' title='bbox 1381 381 1586 418; x_wconf 88' lang='lat' dir='ltr'>Chronicum</span> <span class='ocrx_word' id='word_1_521' title='bbox 1609 386 1720 421; x_wconf 88' lang='lat' dir='ltr'>dicens</span> <span class='ocrx_word' id='word_1_522' title='bbox 1740 389 1774 422; x_wconf 91' lang='lat' dir='ltr'>in</span> <span class='ocrx_word' id='word_1_523' title='bbox 1787 386 1974 422; x_wconf 85' lang='lat' dir='ltr'>Christiano</span> <span class='ocrx_word' id='word_1_524' title='bbox 2002 410 2014 428; x_wconf 89' lang='lat'>,</span> 
     </span>
     <span class='ocr_line' id='line_1_73' title="bbox 1141 433 2014 477; baseline 0.005 -11"><span class='ocrx_word' id='word_1_525' title='bbox 1141 433 1197 477; x_wconf 86' lang='lat' dir='ltr'>qui</span> <span class='ocrx_word' id='word_1_526' title='bbox 1209 433 1266 467; x_wconf 89' lang='lat' dir='ltr'>sub</span> <span class='ocrx_word' id='word_1_527' title='bbox 1278 433 1433 477; x_wconf 88' lang='lat' dir='ltr'>Philippo</span> <span class='ocrx_word' id='word_1_528' title='bbox 1447 433 1598 477; x_wconf 80' lang='lat' dir='ltr'>Augusto</span> <span class='ocrx_word' id='word_1_529' title='bbox 1611 436 1812 473; x_wconf 86' lang='lat' dir='ltr'>Francorum</span> <span class='ocrx_word' id='word_1_530' title='bbox 1822 450 1859 472; x_wconf 89' lang='lat' dir='ltr'>ac</span> <span class='ocrx_word' id='word_1_531' title='bbox 1876 438 1936 472; x_wconf 90' lang='lat' dir='ltr'>sub</span> <span class='ocrx_word' id='word_1_532' title='bbox 1958 437 2014 471; x_wconf 84' lang='lat' dir='ltr'>Ri-</span> 
     </span>
     <span class='ocr_line' id='line_1_74' title="bbox 1141 482 2015 528; baseline 0.007 -12"><span class='ocrx_word' id='word_1_533' title='bbox 1141 483 1262 516; x_wconf 85' lang='lat' dir='ltr'>chardo</span> <span class='ocrx_word' id='word_1_534' title='bbox 1282 484 1305 516; x_wconf 91' lang='lat'>1.</span> <span class='ocrx_word' id='word_1_535' title='bbox 1334 482 1523 528; x_wconf 83' lang='lat' dir='ltr'>Anglorum</span> <span class='ocrx_word' id='word_1_536' title='bbox 1554 483 1647 528; x_wconf 84' lang='lat' dir='ltr'>Rege</span> <span class='ocrx_word' id='word_1_537' title='bbox 1671 488 1818 528; x_wconf 86' lang='lat' dir='ltr'>proceffit</span> <span class='ocrx_word' id='word_1_538' title='bbox 1841 488 1875 521; x_wconf 88' lang='lat' dir='ltr'>in</span> <span class='ocrx_word' id='word_1_539' title='bbox 1897 497 2015 522; x_wconf 86' lang='lat' dir='ltr'>terram</span> 
     </span>
     <span class='ocr_line' id='line_1_75' title="bbox 1141 533 2014 572; baseline 0.007 -6"><span class='ocrx_word' id='word_1_540' title='bbox 1141 534 1313 572; x_wconf 58' lang='lat' dir='ltr'>Sandhm,</span> <span class='ocrx_word' id='word_1_541' title='bbox 1340 534 1483 567; x_wconf 86' lang='lat' dir='ltr'>exercitu</span> <span class='ocrx_word' id='word_1_542' title='bbox 1505 533 1598 568; x_wconf 80' lang='lat' dir='ltr'>fuisse</span> <span class='ocrx_word' id='word_1_543' title='bbox 1620 543 1760 570; x_wconf 88' lang='lat' dir='ltr'>trecenta</span> <span class='ocrx_word' id='word_1_544' title='bbox 1781 537 1885 572; x_wconf 82' lang='lat' dir='ltr'>millia</span> <span class='ocrx_word' id='word_1_545' title='bbox 1909 537 2014 572; x_wconf 88' lang='lat' dir='ltr'>homi·</span> 
     </span>
     <span class='ocr_line' id='line_1_76' title="bbox 1141 582 2014 626; baseline 0.008 -11"><span class='ocrx_word' id='word_1_546' title='bbox 1141 594 1242 622; x_wconf 88' lang='lat' dir='ltr'>num,</span> <span class='ocrx_word' id='word_1_547' title='bbox 1269 584 1301 616; x_wconf 86' lang='lat'>&amp;</span> <span class='ocrx_word' id='word_1_548' title='bbox 1324 582 1459 626; x_wconf 88' lang='lat' dir='ltr'>triginta</span> <span class='ocrx_word' id='word_1_549' title='bbox 1481 584 1585 617; x_wconf 89' lang='lat' dir='ltr'>millia</span> <span class='ocrx_word' id='word_1_550' title='bbox 1609 585 1775 621; x_wconf 87' lang='lat' dir='ltr'>militum.</span> <span class='ocrx_word' id='word_1_551' title='bbox 1803 587 1865 620; x_wconf 87' lang='lat' dir='ltr'>Per</span> <span class='ocrx_word' id='word_1_552' title='bbox 1893 588 2014 622; x_wconf 86' lang='lat' dir='ltr'>milites</span> 
     </span>
     <span class='ocr_line' id='line_1_77' title="bbox 1140 632 2015 690; baseline 0.005 -24"><span class='ocrx_word' id='word_1_553' title='bbox 1140 633 1299 690; x_wconf 76' lang='lat' dir='ltr'>intelligit</span> <span class='ocrx_word' id='word_1_554' title='bbox 1321 633 1448 667; x_wconf 84' lang='lat' dir='ltr'>nobiles</span> <span class='ocrx_word' id='word_1_555' title='bbox 1466 644 1504 667; x_wconf 87' lang='lat' dir='ltr'>ac</span> <span class='ocrx_word' id='word_1_556' title='bbox 1525 632 1694 676; x_wconf 85' lang='lat' dir='ltr'>Principes</span> <span class='ocrx_word' id='word_1_557' title='bbox 1714 635 1857 670; x_wconf 86' lang='lat' dir='ltr'>donatos</span> <span class='ocrx_word' id='word_1_558' title='bbox 1880 636 2015 671; x_wconf 87' lang='lat' dir='ltr'>militati</span> 
     </span>
     <span class='ocr_line' id='line_1_78' title="bbox 1141 682 2015 726; baseline 0.005 -11"><span class='ocrx_word' id='word_1_559' title='bbox 1141 682 1319 726; x_wconf 88' lang='lat' dir='ltr'>dignitate.</span> <span class='ocrx_word' id='word_1_560' title='bbox 1351 683 1712 717; x_wconf 82' lang='lat' dir='ltr'>lta&amp;Praedicatorum</span> <span class='ocrx_word' id='word_1_561' title='bbox 1737 686 2015 720; x_wconf 81' lang='lat' dir='ltr'>Colmarienfium</span> 
     </span>
    </p>
   </div>
   <div class='ocr_carea' id='block_1_9' title="bbox 2028 460 2189 509">
    <p class='ocr_par' dir='ltr' id='par_1_42' title="bbox 2028 460 2189 509">
     <span class='ocr_line' id='line_1_79' title="bbox 2028 460 2189 509; baseline 0.025 -12"><span class='ocrx_word' id='word_1_562' title='bbox 2028 460 2189 509; x_wconf 79' lang='lat' dir='ltr'>Fol-197-</span> 
     </span>
    </p>
   </div>
   <div class='ocr_carea' id='block_1_10' title="bbox 1139 733 2027 1178">
    <p class='ocr_par' dir='ltr' id='par_1_43' title="bbox 1139 733 2027 1178">
     <span class='ocr_line' id='line_1_80' title="bbox 1146 733 2016 778; baseline 0.003 -13"><span class='ocrx_word' id='word_1_563' title='bbox 1146 733 1290 766; x_wconf 85' lang='lat' dir='ltr'>Annales</span> <span class='ocrx_word' id='word_1_564' title='bbox 1312 734 1419 775; x_wconf 87' lang='lat' dir='ltr'>primo</span> <span class='ocrx_word' id='word_1_565' title='bbox 1443 733 1595 773; x_wconf 87' lang='lat' dir='ltr'>Milites,</span> <span class='ocrx_word' id='word_1_566' title='bbox 1624 734 1767 769; x_wconf 87' lang='lat' dir='ltr'>secundo</span> <span class='ocrx_word' id='word_1_567' title='bbox 1788 736 1863 769; x_wconf 91' lang='lat' dir='ltr'>loco</span> <span class='ocrx_word' id='word_1_568' title='bbox 1886 744 2016 778; x_wconf 86' lang='lat' dir='ltr'>ponunt</span> 
     </span>
     <span class='ocr_line' id='line_1_81' title="bbox 1142 783 2016 829; baseline 0.005 -14"><span class='ocrx_word' id='word_1_569' title='bbox 1142 783 1343 816; x_wconf 84' lang='lat' dir='ltr'>honestiores</span> <span class='ocrx_word' id='word_1_570' title='bbox 1357 783 1476 817; x_wconf 88' lang='lat' dir='ltr'>Cives.</span> <span class='ocrx_word' id='word_1_571' title='bbox 1506 785 1605 818; x_wconf 89' lang='lat' dir='ltr'>Hanc</span> <span class='ocrx_word' id='word_1_572' title='bbox 1615 783 1813 829; x_wconf 86' lang='lat' dir='ltr'>dignitatem</span> <span class='ocrx_word' id='word_1_573' title='bbox 1828 787 1911 818; x_wconf 87' lang='lat' dir='ltr'>tanti</span> <span class='ocrx_word' id='word_1_574' title='bbox 1932 786 2016 819; x_wconf 90' lang='lat' dir='ltr'>olim</span> 
     </span>
     <span class='ocr_line' id='line_1_82' title="bbox 1142 833 2017 877; baseline 0.003 -11"><span class='ocrx_word' id='word_1_575' title='bbox 1142 833 1218 866; x_wconf 87' lang='lat' dir='ltr'>fecit</span> <span class='ocrx_word' id='word_1_576' title='bbox 1232 833 1468 866; x_wconf 86' lang='lat' dir='ltr'>Germanicum</span> <span class='ocrx_word' id='word_1_577' title='bbox 1482 833 1678 877; x_wconf 86' lang='lat' dir='ltr'>Imperium,</span> <span class='ocrx_word' id='word_1_578' title='bbox 1711 845 1747 868; x_wconf 92' lang='lat' dir='ltr'>ut</span> <span class='ocrx_word' id='word_1_579' title='bbox 1767 835 1808 868; x_wconf 89' lang='lat' dir='ltr'>de</span> <span class='ocrx_word' id='word_1_580' title='bbox 1828 835 2017 869; x_wconf 83' lang='lat' dir='ltr'>Graecorum</span> 
     </span>
     <span class='ocr_line' id='line_1_83' title="bbox 1142 882 2019 928; baseline 0.002 -12"><span class='ocrx_word' id='word_1_581' title='bbox 1142 883 1182 916; x_wconf 85' lang='lat' dir='ltr'>ad</span> <span class='ocrx_word' id='word_1_582' title='bbox 1197 882 1404 916; x_wconf 86' lang='lat' dir='ltr'>Fredericum</span> <span class='ocrx_word' id='word_1_583' title='bbox 1417 884 1442 916; x_wconf 86' lang='lat'>1.</span> <span class='ocrx_word' id='word_1_584' title='bbox 1457 884 1591 928; x_wconf 88' lang='lat' dir='ltr'>Legatis</span> <span class='ocrx_word' id='word_1_585' title='bbox 1604 884 1720 918; x_wconf 87' lang='lat' dir='ltr'>scribat</span> <span class='ocrx_word' id='word_1_586' title='bbox 1733 884 1874 919; x_wconf 87' lang='lat' dir='ltr'>Radevic</span> <span class='ocrx_word' id='word_1_587' title='bbox 1881 896 1916 918; x_wconf 92' lang='lat' dir='ltr'>us</span> <span class='ocrx_word' id='word_1_588' title='bbox 1929 885 2019 918; x_wconf 84' lang='lat' dir='ltr'>Pres-</span> 
     </span>
     <span class='ocr_line' id='line_1_84' title="bbox 1144 932 2018 978; baseline 0.002 -13"><span class='ocrx_word' id='word_1_589' title='bbox 1144 932 1236 975; x_wconf 89' lang='lat' dir='ltr'>byter</span> <span class='ocrx_word' id='word_1_590' title='bbox 1253 932 1462 977; x_wconf 84' lang='lat' dir='ltr'>Frismgenfis</span> <span class='ocrx_word' id='word_1_591' title='bbox 1488 946 1500 966; x_wconf 89' lang='lat'>.-</span> <span class='ocrx_word' id='word_1_592' title='bbox 1527 937 1637 978; x_wconf 84' lang='lat' dir='ltr'>Legati</span> <span class='ocrx_word' id='word_1_593' title='bbox 1658 936 1877 978; x_wconf 79' lang='lat' dir='ltr'>indulgentiam</span> <span class='ocrx_word' id='word_1_594' title='bbox 1899 936 1934 969; x_wconf 60' lang='grc' dir='ltr'>ὦ·</span> <span class='ocrx_word' id='word_1_595' title='bbox 1946 946 2018 978; x_wconf 83' lang='lat' dir='ltr'>gra-</span> 
     </span>
     <span class='ocr_line' id='line_1_85' title="bbox 1142 980 2019 1026; baseline 0.002 -11"><span class='ocrx_word' id='word_1_596' title='bbox 1142 988 1219 1015; x_wconf 85' lang='lat' dir='ltr'>tiam</span> <span class='ocrx_word' id='word_1_597' title='bbox 1241 980 1383 1024; x_wconf 82' lang='lat' dir='ltr'>conseeuti</span> <span class='ocrx_word' id='word_1_598' title='bbox 1404 985 1598 1016; x_wconf 84' lang='lat' dir='ltr'>Fredericum</span> <span class='ocrx_word' id='word_1_599' title='bbox 1620 987 1739 1018; x_wconf 64' lang='lat' dir='ltr'>sueviae</span> <span class='ocrx_word' id='word_1_600' title='bbox 1762 988 1894 1024; x_wconf 84' lang='lat' dir='ltr'>Ducem,</span> <span class='ocrx_word' id='word_1_601' title='bbox 1920 985 2019 1026; x_wconf 79' lang='lat' dir='ltr'>filium</span> 
     </span>
     <span class='ocr_line' id='line_1_86' title="bbox 1143 1032 2018 1077; baseline 0.005 -13"><span class='ocrx_word' id='word_1_602' title='bbox 1143 1033 1293 1065; x_wconf 78' lang='lat' dir='ltr'>conrardi</span> <span class='ocrx_word' id='word_1_603' title='bbox 1304 1035 1395 1076; x_wconf 80' lang='lat' dir='ltr'>Regis</span> <span class='ocrx_word' id='word_1_604' title='bbox 1407 1057 1419 1073; x_wconf 88' lang='lat'>,</span> <span class='ocrx_word' id='word_1_605' title='bbox 1441 1032 1540 1066; x_wconf 82' lang='lat' dir='ltr'>adhuc</span> <span class='ocrx_word' id='word_1_606' title='bbox 1549 1033 1800 1075; x_wconf 79' lang='lat' dir='ltr'>adolescentulum</span> <span class='ocrx_word' id='word_1_607' title='bbox 1811 1041 1844 1067; x_wconf 82' lang='lat' dir='ltr'>in</span> <span class='ocrx_word' id='word_1_608' title='bbox 1851 1035 2018 1077; x_wconf 79' lang='lat' dir='ltr'>praesentia</span> 
     </span>
     <span class='ocr_line' id='line_1_87' title="bbox 1139 1081 2019 1127; baseline 0.005 -12"><span class='ocrx_word' id='word_1_609' title='bbox 1139 1081 1196 1125; x_wconf 87' lang='lat' dir='ltr'>sua</span> <span class='ocrx_word' id='word_1_610' title='bbox 1203 1084 1308 1126; x_wconf 81' lang='lat' dir='ltr'>gladio</span> <span class='ocrx_word' id='word_1_611' title='bbox 1318 1088 1431 1127; x_wconf 77' lang='lat' dir='ltr'>accingi</span> <span class='ocrx_word' id='word_1_612' title='bbox 1441 1108 1451 1123; x_wconf 96' lang='lat'>‚</span> <span class='ocrx_word' id='word_1_613' title='bbox 1482 1086 1517 1117; x_wconf 69' lang='lat'>&amp;⁵</span> <span class='ocrx_word' id='word_1_614' title='bbox 1527 1085 1652 1118; x_wconf 84' lang='lat' dir='ltr'>militem</span> <span class='ocrx_word' id='word_1_615' title='bbox 1660 1094 1716 1125; x_wconf 82' lang='lat' dir='ltr'>pro</span> <span class='ocrx_word' id='word_1_616' title='bbox 1716 1085 1798 1125; x_wconf 80' lang='lat' dir='ltr'>fiteri</span> <span class='ocrx_word' id='word_1_617' title='bbox 1816 1085 1963 1126; x_wconf 84' lang='lat' dir='ltr'>postulans</span> <span class='ocrx_word' id='word_1_618' title='bbox 1985 1087 2019 1119; x_wconf 68' lang='grc'>(9·</span> 
     </span>
     <span class='ocr_line' id='line_1_88' title="bbox 1142 1133 2027 1178; baseline 0.003 -13"><span class='ocrx_word' id='word_1_619' title='bbox 1142 1139 1310 1174; x_wconf 78' lang='lat' dir='ltr'>&#39;impetrant</span> <span class='ocrx_word' id='word_1_620' title='bbox 1322 1155 1330 1165; x_wconf 90' lang='lat'>.</span> <span class='ocrx_word' id='word_1_621' title='bbox 1355 1133 1606 1176; x_wconf 79' lang='lat' dir='ltr'>Amitafiquidem</span> <span class='ocrx_word' id='word_1_622' title='bbox 1613 1134 1671 1178; x_wconf 85' lang='lat' dir='ltr'>sua</span> <span class='ocrx_word' id='word_1_623' title='bbox 1682 1140 1783 1168; x_wconf 86' lang='lat' dir='ltr'>Iraena</span> <span class='ocrx_word' id='word_1_624' title='bbox 1794 1159 1805 1176; x_wconf 94' lang='lat'>‚</span> <span class='ocrx_word' id='word_1_625' title='bbox 1831 1140 2027 1177; x_wconf 64' lang='lat' dir='ltr'>Imperatrix,</span> 
     </span>
    </p>
   </div>
   <div class='ocr_carea' id='block_1_11' title="bbox 2033 960 2162 1056">
    <p class='ocr_par' dir='ltr' id='par_1_44' title="bbox 2033 960 2162 1056">
     <span class='ocr_line' id='line_1_89' title="bbox 2033 960 2162 996; baseline -0.016 0"><span class='ocrx_word' id='word_1_626' title='bbox 2033 960 2107 996; x_wconf 86' lang='lat' dir='ltr'>Lib.</span> <span class='ocrx_word' id='word_1_627' title='bbox 2133 973 2162 996; x_wconf 88' lang='lat'>1.</span> 
     </span>
     <span class='ocr_line' id='line_1_90' title="bbox 2033 1011 2159 1056; baseline 0 -9"><span class='ocrx_word' id='word_1_628' title='bbox 2033 1024 2104 1056; x_wconf 86' lang='lat' dir='ltr'>cap·</span> <span class='ocrx_word' id='word_1_629' title='bbox 2127 1011 2159 1047; x_wconf 81' lang='lat'>6.</span> 
     </span>
    </p>
   </div>
   <div class='ocr_carea' id='block_1_12' title="bbox 1131 1183 2199 3281">
    <p class='ocr_par' dir='ltr' id='par_1_45' title="bbox 1138 1183 2199 1824">
     <span class='ocr_line' id='line_1_91' title="bbox 1143 1183 2022 1228; baseline 0.002 -14"><span class='ocrx_word' id='word_1_630' title='bbox 1143 1183 1471 1224; x_wconf 71' lang='lat' dir='ltr'>constantinopolitana</span> <span class='ocrx_word' id='word_1_631' title='bbox 1484 1208 1494 1223; x_wconf 93' lang='lat'>‚</span> <span class='ocrx_word' id='word_1_632' title='bbox 1522 1185 1557 1216; x_wconf 90' lang='lat' dir='ltr'>id</span> <span class='ocrx_word' id='word_1_633' title='bbox 1565 1188 1690 1228; x_wconf 87' lang='lat' dir='ltr'>Legatis</span> <span class='ocrx_word' id='word_1_634' title='bbox 1701 1192 1734 1219; x_wconf 84' lang='lat' dir='ltr'>in</span> <span class='ocrx_word' id='word_1_635' title='bbox 1747 1187 1903 1218; x_wconf 89' lang='lat' dir='ltr'>mandatis</span> <span class='ocrx_word' id='word_1_636' title='bbox 1923 1184 2022 1228; x_wconf 83' lang='lat' dir='ltr'>dedis-</span> 
     </span>
     <span class='ocr_line' id='line_1_92' title="bbox 1138 1231 2053 1281; baseline 0.007 -16"><span class='ocrx_word' id='word_1_637' title='bbox 1138 1231 1172 1275; x_wconf 89' lang='lat' dir='ltr'>se</span> <span class='ocrx_word' id='word_1_638' title='bbox 1184 1234 1336 1266; x_wconf 79' lang='lat' dir='ltr'>traditur.</span> <span class='ocrx_word' id='word_1_639' title='bbox 1364 1234 1495 1277; x_wconf 77' lang='lat' dir='ltr'>Nempe</span> <span class='ocrx_word' id='word_1_640' title='bbox 1507 1232 1541 1267; x_wconf 82' lang='lat' dir='ltr'>hi</span> <span class='ocrx_word' id='word_1_641' title='bbox 1560 1235 1678 1270; x_wconf 86' lang='lat' dir='ltr'>milites</span> <span class='ocrx_word' id='word_1_642' title='bbox 1692 1235 1827 1270; x_wconf 83' lang='lat' dir='ltr'>suntisti</span> <span class='ocrx_word' id='word_1_643' title='bbox 1850 1247 1932 1277; x_wconf 88' lang='lat' dir='ltr'>quos</span> <span class='ocrx_word' id='word_1_644' title='bbox 1955 1234 2021 1270; x_wconf 61' lang='lat' dir='ltr'>ho*</span> <span class='ocrx_word' id='word_1_645' title='bbox 2048 1274 2053 1281; x_wconf 58' lang='grc'><strong>,</strong></span> 
     </span>
     <span class='ocr_line' id='line_1_93' title="bbox 1143 1278 2021 1326; baseline 0.005 -11"><span class='ocrx_word' id='word_1_646' title='bbox 1143 1282 1197 1315; x_wconf 87' lang='lat' dir='ltr'>die</span> <span class='ocrx_word' id='word_1_647' title='bbox 1210 1282 1333 1325; x_wconf 87' lang='lat' dir='ltr'>vulgus</span> <span class='ocrx_word' id='word_1_648' title='bbox 1344 1278 1484 1325; x_wconf 87' lang='lat' dir='ltr'>appellat</span> <span class='ocrx_word' id='word_1_649' title='bbox 1494 1286 1626 1326; x_wconf 83' lang='lat' dir='ltr'>Equites</span> <span class='ocrx_word' id='word_1_650' title='bbox 1638 1296 1760 1318; x_wconf 82' lang='lat' dir='ltr'>auratos</span> <span class='ocrx_word' id='word_1_651' title='bbox 1774 1310 1781 1317; x_wconf 93' lang='lat'><strong>.</strong></span> <span class='ocrx_word' id='word_1_652' title='bbox 1810 1286 1859 1319; x_wconf 86' lang='lat' dir='ltr'>lta</span> <span class='ocrx_word' id='word_1_653' title='bbox 1882 1285 1964 1319; x_wconf 70' lang='lat' dir='ltr'>reste</span> <span class='ocrx_word' id='word_1_654' title='bbox 1973 1287 2021 1319; x_wconf 86' lang='lat' dir='ltr'>af-</span> 
     </span>
     <span class='ocr_line' id='line_1_94' title="bbox 1144 1332 2022 1377; baseline 0.003 -12"><span class='ocrx_word' id='word_1_655' title='bbox 1144 1332 1406 1373; x_wconf 86' lang='lat' dir='ltr'>firmatJoannes</span> <span class='ocrx_word' id='word_1_656' title='bbox 1418 1332 1642 1375; x_wconf 87' lang='lat' dir='ltr'>Cuspinianus</span> <span class='ocrx_word' id='word_1_657' title='bbox 1660 1359 1667 1366; x_wconf 92' lang='lat'><strong><em>.</em></strong></span> <span class='ocrx_word' id='word_1_658' title='bbox 1696 1335 1799 1368; x_wconf 74' lang='lat' dir='ltr'>Porro</span> <span class='ocrx_word' id='word_1_659' title='bbox 1810 1335 1850 1367; x_wconf 90' lang='lat' dir='ltr'>de</span> <span class='ocrx_word' id='word_1_660' title='bbox 1877 1336 2022 1377; x_wconf 84' lang='lat' dir='ltr'>ipsorum</span> 
     </span>
     <span class='ocr_line' id='line_1_95' title="bbox 1144 1380 2022 1424; baseline 0.003 -10"><span class='ocrx_word' id='word_1_661' title='bbox 1144 1391 1236 1414; x_wconf 77' lang='lat' dir='ltr'>aetate</span> <span class='ocrx_word' id='word_1_662' title='bbox 1250 1380 1358 1414; x_wconf 87' lang='lat' dir='ltr'>scribit</span> <span class='ocrx_word' id='word_1_663' title='bbox 1372 1381 1595 1424; x_wconf 83' lang='lat' dir='ltr'>Luitprandus</span> <span class='ocrx_word' id='word_1_664' title='bbox 1611 1384 1784 1417; x_wconf 85' lang='lat' dir='ltr'>Diaconus</span> <span class='ocrx_word' id='word_1_665' title='bbox 1797 1383 1982 1418; x_wconf 89' lang='lat' dir='ltr'>Ticinenfis</span> <span class='ocrx_word' id='word_1_666' title='bbox 2010 1397 2022 1417; x_wconf 94' lang='lat'>.·</span> 
     </span>
     <span class='ocr_line' id='line_1_96' title="bbox 1143 1431 2166 1478; baseline 0.005 -15"><span class='ocrx_word' id='word_1_667' title='bbox 1143 1432 1295 1464; x_wconf 74' lang='lat' dir='ltr'>Saxonum</span> <span class='ocrx_word' id='word_1_668' title='bbox 1306 1443 1370 1463; x_wconf 89' lang='lat' dir='ltr'>mos</span> <span class='ocrx_word' id='word_1_669' title='bbox 1385 1431 1425 1470; x_wconf 73' lang='lat' dir='ltr'>est</span> <span class='ocrx_word' id='word_1_670' title='bbox 1436 1432 1609 1465; x_wconf 84' lang='lat' dir='ltr'>laudandus</span> <span class='ocrx_word' id='word_1_671' title='bbox 1623 1443 1713 1475; x_wconf 89' lang='lat' dir='ltr'>atque</span> <span class='ocrx_word' id='word_1_672' title='bbox 1723 1436 1893 1467; x_wconf 81' lang='lat' dir='ltr'>imitandus</span> <span class='ocrx_word' id='word_1_673' title='bbox 1911 1459 1920 1474; x_wconf 91' lang='lat'>‚</span> <span class='ocrx_word' id='word_1_674' title='bbox 1947 1446 2022 1476; x_wconf 86' lang='lat' dir='ltr'>qua·</span> <span class='ocrx_word' id='word_1_675' title='bbox 2037 1440 2112 1476; x_wconf 69' lang='lat' dir='ltr'>Lib,</span> <span class='ocrx_word' id='word_1_676' title='bbox 2133 1455 2166 1478; x_wconf 75' lang='lat'>2,</span> 
     </span>
     <span class='ocr_line' id='line_1_97' title="bbox 1145 1481 2023 1525; baseline 0.003 -11"><span class='ocrx_word' id='word_1_677' title='bbox 1145 1482 1232 1514; x_wconf 71' lang='lat' dir='ltr'>tenus</span> <span class='ocrx_word' id='word_1_678' title='bbox 1246 1491 1359 1513; x_wconf 82' lang='lat' dir='ltr'>annum</span> <span class='ocrx_word' id='word_1_679' title='bbox 1377 1481 1439 1522; x_wconf 84' lang='lat' dir='ltr'>post</span> <span class='ocrx_word' id='word_1_680' title='bbox 1463 1493 1555 1515; x_wconf 82' lang='lat' dir='ltr'>unum</span> <span class='ocrx_word' id='word_1_681' title='bbox 1576 1491 1666 1525; x_wconf 83' lang='lat' dir='ltr'>atque</span> <span class='ocrx_word' id='word_1_682' title='bbox 1689 1485 1892 1518; x_wconf 83' lang='lat' dir='ltr'>duodecimum</span> <span class='ocrx_word' id='word_1_683' title='bbox 1910 1490 2023 1517; x_wconf 84' lang='lat' dir='ltr'>nemini</span> 
     </span>
     <span class='ocr_line' id='line_1_98' title="bbox 1144 1531 2021 1579; baseline 0.008 -16"><span class='ocrx_word' id='word_1_684' title='bbox 1144 1531 1271 1564; x_wconf 84' lang='lat' dir='ltr'>militum</span> <span class='ocrx_word' id='word_1_685' title='bbox 1282 1531 1354 1564; x_wconf 77' lang='lat' dir='ltr'>bello</span> <span class='ocrx_word' id='word_1_686' title='bbox 1364 1532 1451 1574; x_wconf 83' lang='lat' dir='ltr'>deeffe</span> <span class='ocrx_word' id='word_1_687' title='bbox 1458 1537 1612 1576; x_wconf 80' lang='lat' dir='ltr'>contingat</span> <span class='ocrx_word' id='word_1_688' title='bbox 1624 1559 1632 1568; x_wconf 96' lang='lat'><strong><em>.</em></strong></span> <span class='ocrx_word' id='word_1_689' title='bbox 1665 1533 1809 1569; x_wconf 75' lang='lat' dir='ltr'>Proinde</span> <span class='ocrx_word' id='word_1_690' title='bbox 1823 1536 2021 1579; x_wconf 72' lang='lat' dir='ltr'>dignitatem</span> 
     </span>
     <span class='ocr_line' id='line_1_99' title="bbox 1145 1580 2024 1627; baseline 0.006 -13"><span class='ocrx_word' id='word_1_691' title='bbox 1145 1582 1192 1614; x_wconf 87' lang='lat' dir='ltr'>illi</span> <span class='ocrx_word' id='word_1_692' title='bbox 1217 1580 1295 1614; x_wconf 82' lang='lat' dir='ltr'>dant</span> <span class='ocrx_word' id='word_1_693' title='bbox 1318 1581 1417 1615; x_wconf 85' lang='lat' dir='ltr'>etiam</span> <span class='ocrx_word' id='word_1_694' title='bbox 1439 1582 1544 1624; x_wconf 87' lang='lat' dir='ltr'>pueris</span> <span class='ocrx_word' id='word_1_695' title='bbox 1565 1607 1575 1623; x_wconf 91' lang='lat'>‚</span> <span class='ocrx_word' id='word_1_696' title='bbox 1603 1583 1655 1617; x_wconf 86' lang='lat' dir='ltr'>sed</span> <span class='ocrx_word' id='word_1_697' title='bbox 1679 1594 1755 1618; x_wconf 83' lang='lat' dir='ltr'>ante</span> <span class='ocrx_word' id='word_1_698' title='bbox 1778 1587 1944 1627; x_wconf 83' lang='lat' dir='ltr'>expletum</span> <span class='ocrx_word' id='word_1_699' title='bbox 1968 1586 2024 1619; x_wconf 82' lang='lat' dir='ltr'>di-</span> 
     </span>
     <span class='ocr_line' id='line_1_100' title="bbox 1143 1632 2023 1677; baseline 0.003 -12"><span class='ocrx_word' id='word_1_700' title='bbox 1143 1634 1229 1665; x_wconf 66' lang='lat' dir='ltr'>&amp;um</span> <span class='ocrx_word' id='word_1_701' title='bbox 1252 1632 1354 1665; x_wconf 73' lang='lat' dir='ltr'>aetatis</span> <span class='ocrx_word' id='word_1_702' title='bbox 1373 1633 1495 1665; x_wconf 77' lang='lat' dir='ltr'>annum</span> <span class='ocrx_word' id='word_1_703' title='bbox 1519 1643 1587 1666; x_wconf 86' lang='lat' dir='ltr'>non</span> <span class='ocrx_word' id='word_1_704' title='bbox 1611 1645 1736 1677; x_wconf 85' lang='lat' dir='ltr'>cogunt</span> <span class='ocrx_word' id='word_1_705' title='bbox 1757 1635 1797 1669; x_wconf 87' lang='lat' dir='ltr'>ad</span> <span class='ocrx_word' id='word_1_706' title='bbox 1819 1636 1889 1677; x_wconf 86' lang='lat' dir='ltr'>ejus</span> <span class='ocrx_word' id='word_1_707' title='bbox 1910 1637 2023 1670; x_wconf 90' lang='lat' dir='ltr'>usum.</span> 
     </span>
     <span class='ocr_line' id='line_1_101' title="bbox 1145 1681 2196 1731; baseline 0.005 -15"><span class='ocrx_word' id='word_1_708' title='bbox 1145 1682 1250 1717; x_wconf 86' lang='lat' dir='ltr'>Aulus</span> <span class='ocrx_word' id='word_1_709' title='bbox 1263 1681 1389 1715; x_wconf 87' lang='lat' dir='ltr'>Gellius</span> <span class='ocrx_word' id='word_1_710' title='bbox 1413 1682 1523 1716; x_wconf 88' lang='lat' dir='ltr'>scribit</span> <span class='ocrx_word' id='word_1_711' title='bbox 1536 1684 1625 1726; x_wconf 91' lang='lat' dir='ltr'>quod</span> <span class='ocrx_word' id='word_1_712' title='bbox 1641 1684 1784 1718; x_wconf 82' lang='lat' dir='ltr'>Romani</span> <span class='ocrx_word' id='word_1_713' title='bbox 1800 1686 1947 1726; x_wconf 72' lang='lat' dir='ltr'>non-nisi</span> <span class='ocrx_word' id='word_1_714' title='bbox 1963 1698 2023 1720; x_wconf 82' lang='lat' dir='ltr'>an-</span> <span class='ocrx_word' id='word_1_715' title='bbox 2042 1695 2117 1731; x_wconf 64' lang='lat' dir='ltr'>Lib,</span> <span class='ocrx_word' id='word_1_716' title='bbox 2143 1705 2196 1730; x_wconf 83' lang='lat'>10-</span> 
     </span>
     <span class='ocr_line' id='line_1_102' title="bbox 1147 1732 2199 1791; baseline 0.002 -22"><span class='ocrx_word' id='word_1_717' title='bbox 1147 1748 1190 1772; x_wconf 86' lang='lat' dir='ltr'>no</span> <span class='ocrx_word' id='word_1_718' title='bbox 1223 1732 1528 1779; x_wconf 61' lang='lat' dir='ltr'>decimos-septimo</span> <span class='ocrx_word' id='word_1_719' title='bbox 1548 1734 1758 1771; x_wconf 78' lang='lat' dir='ltr'>admitterent</span> <span class='ocrx_word' id='word_1_720' title='bbox 1768 1735 1808 1771; x_wconf 79' lang='lat' dir='ltr'>ad</span> <span class='ocrx_word' id='word_1_721' title='bbox 1832 1736 1955 1771; x_wconf 84' lang='lat' dir='ltr'>militiae</span> <span class='ocrx_word' id='word_1_722' title='bbox 1976 1748 2023 1780; x_wconf 86' lang='lat' dir='ltr'>ty·</span> <span class='ocrx_word' id='word_1_723' title='bbox 2042 1757 2110 1791; x_wconf 64' lang='lat' dir='ltr'>cap,</span> <span class='ocrx_word' id='word_1_724' title='bbox 2144 1742 2199 1781; x_wconf 80' lang='lat'>18,</span> 
     </span>
     <span class='ocr_line' id='line_1_103' title="bbox 1145 1787 1325 1824; baseline -0.006 -1"><span class='ocrx_word' id='word_1_725' title='bbox 1145 1787 1325 1824; x_wconf 72' lang='lat' dir='ltr'>rocInium.</span> 
     </span>
    </p>

    <p class='ocr_par' dir='ltr' id='par_1_46' title="bbox 1131 1839 2023 3281">
     <span class='ocr_line' id='line_1_104' title="bbox 1194 1839 2022 1885; baseline 0.002 -12"><span class='ocrx_word' id='word_1_726' title='bbox 1194 1839 1338 1885; x_wconf 82' lang='lat' dir='ltr'>Qaestio</span> <span class='ocrx_word' id='word_1_727' title='bbox 1364 1840 1456 1875; x_wconf 84' lang='lat' dir='ltr'>tertia</span> <span class='ocrx_word' id='word_1_728' title='bbox 1473 1839 1518 1875; x_wconf 89' lang='lat' dir='ltr'>est</span> <span class='ocrx_word' id='word_1_729' title='bbox 1541 1866 1552 1881; x_wconf 95' lang='lat'>,</span> <span class='ocrx_word' id='word_1_730' title='bbox 1591 1839 1647 1874; x_wconf 89' lang='lat' dir='ltr'>An</span> <span class='ocrx_word' id='word_1_731' title='bbox 1674 1841 1773 1875; x_wconf 84' lang='lat' dir='ltr'>etiam</span> <span class='ocrx_word' id='word_1_732' title='bbox 1798 1839 2022 1876; x_wconf 82' lang='lat' dir='ltr'>Ecclefiastica</span> 
     </span>
     <span class='ocr_line' id='line_1_105' title="bbox 1146 1889 2023 1935; baseline 0.002 -13"><span class='ocrx_word' id='word_1_733' title='bbox 1146 1889 1311 1923; x_wconf 90' lang='lat' dir='ltr'>Militis&amp;</span> <span class='ocrx_word' id='word_1_734' title='bbox 1334 1891 1512 1924; x_wconf 79' lang='lat' dir='ltr'>Armorum</span> <span class='ocrx_word' id='word_1_735' title='bbox 1537 1891 1720 1925; x_wconf 71' lang='lat' dir='ltr'>benediffio</span> <span class='ocrx_word' id='word_1_736' title='bbox 1735 1893 1852 1935; x_wconf 80' lang='lat' dir='ltr'>possint</span> <span class='ocrx_word' id='word_1_737' title='bbox 1876 1893 2023 1935; x_wconf 86' lang='lat' dir='ltr'>impendi</span> 
     </span>
     <span class='ocr_line' id='line_1_106' title="bbox 1146 1939 2022 1984; baseline 0.001 -10"><span class='ocrx_word' id='word_1_738' title='bbox 1146 1941 1222 1974; x_wconf 90' lang='lat' dir='ltr'>solis</span> <span class='ocrx_word' id='word_1_739' title='bbox 1246 1939 1456 1974; x_wconf 78' lang='lat' dir='ltr'>Nobilibus?</span> <span class='ocrx_word' id='word_1_740' title='bbox 1483 1941 1681 1984; x_wconf 88' lang='lat' dir='ltr'>Respondeo</span> <span class='ocrx_word' id='word_1_741' title='bbox 1704 1943 1915 1976; x_wconf 80' lang='lat' dir='ltr'>affirmative.</span> <span class='ocrx_word' id='word_1_742' title='bbox 1943 1942 2022 1975; x_wconf 87' lang='lat' dir='ltr'>Hoc</span> 
     </span>
     <span class='ocr_line' id='line_1_107' title="bbox 1145 1990 2022 2034; baseline 0.002 -11"><span class='ocrx_word' id='word_1_743' title='bbox 1145 1990 1303 2023; x_wconf 89' lang='lat' dir='ltr'>evincunt</span> <span class='ocrx_word' id='word_1_744' title='bbox 1327 1990 1391 2023; x_wconf 87' lang='lat' dir='ltr'>haec</span> <span class='ocrx_word' id='word_1_745' title='bbox 1415 1991 1507 2024; x_wconf 86' lang='lat' dir='ltr'>verba</span> <span class='ocrx_word' id='word_1_746' title='bbox 1530 1993 1675 2026; x_wconf 38' lang='lat' dir='ltr'>devnovo</span> <span class='ocrx_word' id='word_1_747' title='bbox 1693 1992 1797 2026; x_wconf 87' lang='lat' dir='ltr'>milite</span> <span class='ocrx_word' id='word_1_748' title='bbox 1820 2005 1826 2023; x_wconf 91' lang='lat'>:</span> <span class='ocrx_word' id='word_1_749' title='bbox 1858 1995 1937 2025; x_wconf 84' lang='lat' dir='ltr'>sicut</span> <span class='ocrx_word' id='word_1_750' title='bbox 1960 1991 2022 2034; x_wconf 85' lang='lat' dir='ltr'>ipse</span> 
     </span>
     <span class='ocr_line' id='line_1_108' title="bbox 1145 2039 2023 2083; baseline 0.005 -13"><span class='ocrx_word' id='word_1_751' title='bbox 1145 2039 1182 2072; x_wconf 85' lang='lat' dir='ltr'>de</span> <span class='ocrx_word' id='word_1_752' title='bbox 1196 2045 1307 2072; x_wconf 84' lang='lat' dir='ltr'>minore</span> <span class='ocrx_word' id='word_1_753' title='bbox 1324 2041 1424 2082; x_wconf 85' lang='lat' dir='ltr'>gradu</span> <span class='ocrx_word' id='word_1_754' title='bbox 1436 2043 1479 2072; x_wconf 87' lang='lat' dir='ltr'>ad</span> <span class='ocrx_word' id='word_1_755' title='bbox 1505 2052 1614 2073; x_wconf 83' lang='lat' dir='ltr'>novum</span> <span class='ocrx_word' id='word_1_756' title='bbox 1633 2043 1752 2074; x_wconf 82' lang='lat' dir='ltr'>militiae</span> <span class='ocrx_word' id='word_1_757' title='bbox 1767 2051 1959 2083; x_wconf 82' lang='lat' dir='ltr'>promovetur</span> <span class='ocrx_word' id='word_1_758' title='bbox 1971 2042 2023 2074; x_wconf 80' lang='lat' dir='ltr'>bo-</span> 
     </span>
     <span class='ocr_line' id='line_1_109' title="bbox 1146 2089 2020 2136; baseline 0.003 -15"><span class='ocrx_word' id='word_1_759' title='bbox 1146 2099 1261 2122; x_wconf 86' lang='lat' dir='ltr'>norem.</span> <span class='ocrx_word' id='word_1_760' title='bbox 1294 2089 1334 2122; x_wconf 88' lang='lat' dir='ltr'>Et</span> <span class='ocrx_word' id='word_1_761' title='bbox 1362 2089 1440 2123; x_wconf 87' lang='lat' dir='ltr'>hinc</span> <span class='ocrx_word' id='word_1_762' title='bbox 1470 2089 1527 2123; x_wconf 82' lang='lat' dir='ltr'>ista</span> <span class='ocrx_word' id='word_1_763' title='bbox 1557 2091 1740 2125; x_wconf 70' lang='lat' dir='ltr'>benedictio</span> <span class='ocrx_word' id='word_1_764' title='bbox 1777 2093 1845 2126; x_wconf 87' lang='lat' dir='ltr'>dari</span> <span class='ocrx_word' id='word_1_765' title='bbox 1872 2093 1983 2136; x_wconf 85' lang='lat' dir='ltr'>nequit</span> <span class='ocrx_word' id='word_1_766' title='bbox 2009 2117 2020 2132; x_wconf 92' lang='lat'>,</span> 
     </span>
     <span class='ocr_line' id='line_1_110' title="bbox 1146 2138 2021 2183; baseline 0.005 -13"><span class='ocrx_word' id='word_1_767' title='bbox 1146 2138 1202 2170; x_wconf 80' lang='lat' dir='ltr'>nisi</span> <span class='ocrx_word' id='word_1_768' title='bbox 1231 2148 1284 2180; x_wconf 87' lang='lat' dir='ltr'>per</span> <span class='ocrx_word' id='word_1_769' title='bbox 1306 2139 1504 2181; x_wconf 86' lang='lat' dir='ltr'>Episcopum</span> <span class='ocrx_word' id='word_1_770' title='bbox 1531 2164 1541 2179; x_wconf 92' lang='lat'>,</span> <span class='ocrx_word' id='word_1_771' title='bbox 1578 2142 1630 2174; x_wconf 90' lang='lat' dir='ltr'>cui</span> <span class='ocrx_word' id='word_1_772' title='bbox 1654 2141 1860 2183; x_wconf 79' lang='lat' dir='ltr'>popularium</span> <span class='ocrx_word' id='word_1_773' title='bbox 1883 2142 2021 2176; x_wconf 87' lang='lat' dir='ltr'>benedi-</span> 
     </span>
     <span class='ocr_line' id='line_1_111' title="bbox 1145 2187 2020 2235; baseline 0.006 -16"><span class='ocrx_word' id='word_1_774' title='bbox 1145 2187 1267 2220; x_wconf 65' lang='lat' dir='ltr'>&amp;iones</span> <span class='ocrx_word' id='word_1_775' title='bbox 1290 2198 1357 2219; x_wconf 89' lang='lat' dir='ltr'>non</span> <span class='ocrx_word' id='word_1_776' title='bbox 1372 2189 1475 2221; x_wconf 88' lang='lat' dir='ltr'>solent</span> <span class='ocrx_word' id='word_1_777' title='bbox 1491 2189 1660 2223; x_wconf 86' lang='lat' dir='ltr'>reservari.</span> <span class='ocrx_word' id='word_1_778' title='bbox 1690 2191 1815 2224; x_wconf 80' lang='lat' dir='ltr'>Poffint</span> <span class='ocrx_word' id='word_1_779' title='bbox 1831 2202 1888 2233; x_wconf 89' lang='lat' dir='ltr'>pro</span> <span class='ocrx_word' id='word_1_780' title='bbox 1909 2202 2020 2235; x_wconf 86' lang='lat' dir='ltr'>grega-</span> 
     </span>
     <span class='ocr_line' id='line_1_112' title="bbox 1145 2237 2022 2283; baseline 0.006 -14"><span class='ocrx_word' id='word_1_781' title='bbox 1145 2237 1200 2270; x_wconf 86' lang='lat' dir='ltr'>riis</span> <span class='ocrx_word' id='word_1_782' title='bbox 1225 2237 1321 2269; x_wconf 81' lang='lat' dir='ltr'>etiam</span> <span class='ocrx_word' id='word_1_783' title='bbox 1349 2237 1507 2271; x_wconf 83' lang='lat' dir='ltr'>militibus</span> <span class='ocrx_word' id='word_1_784' title='bbox 1536 2240 1680 2273; x_wconf 87' lang='lat' dir='ltr'>ordinari</span> <span class='ocrx_word' id='word_1_785' title='bbox 1702 2240 1942 2283; x_wconf 81' lang='lat' dir='ltr'>presbyterales</span> <span class='ocrx_word' id='word_1_786' title='bbox 1967 2241 2022 2274; x_wconf 88' lang='lat' dir='ltr'>be-</span> 
     </span>
     <span class='ocr_line' id='line_1_113' title="bbox 1145 2286 2018 2331; baseline 0.006 -12"><span class='ocrx_word' id='word_1_787' title='bbox 1145 2286 1347 2320; x_wconf 70' lang='lat' dir='ltr'>nedistiones</span> <span class='ocrx_word' id='word_1_788' title='bbox 1360 2310 1367 2318; x_wconf 89' lang='lat'>.</span> <span class='ocrx_word' id='word_1_789' title='bbox 1396 2287 1527 2321; x_wconf 77' lang='lat' dir='ltr'>Etenim</span> <span class='ocrx_word' id='word_1_790' title='bbox 1542 2289 1715 2323; x_wconf 85' lang='lat' dir='ltr'>Catholica</span> <span class='ocrx_word' id='word_1_791' title='bbox 1729 2290 1838 2324; x_wconf 84' lang='lat' dir='ltr'>Mater</span> <span class='ocrx_word' id='word_1_792' title='bbox 1864 2292 2018 2331; x_wconf 73' lang='lat' dir='ltr'>Ecclesia,</span> 
     </span>
     <span class='ocr_line' id='line_1_114' title="bbox 1144 2337 2017 2383; baseline 0.007 -14"><span class='ocrx_word' id='word_1_793' title='bbox 1144 2337 1320 2380; x_wconf 81' lang='lat' dir='ltr'>utiquo-ad</span> <span class='ocrx_word' id='word_1_794' title='bbox 1346 2337 1551 2372; x_wconf 85' lang='lat' dir='ltr'>Sacramenta</span> <span class='ocrx_word' id='word_1_795' title='bbox 1566 2363 1576 2379; x_wconf 88' lang='lat'>,</span> <span class='ocrx_word' id='word_1_796' title='bbox 1605 2340 1723 2383; x_wconf 78' lang='lat' dir='ltr'>itaquo</span> <span class='ocrx_word' id='word_1_797' title='bbox 1735 2342 1774 2374; x_wconf 88' lang='lat' dir='ltr'>ad</span> <span class='ocrx_word' id='word_1_798' title='bbox 1789 2341 2017 2374; x_wconf 80' lang='lat' dir='ltr'>Sacramenta·-</span> 
     </span>
     <span class='ocr_line' id='line_1_115' title="bbox 1143 2387 2018 2434; baseline 0.007 -16"><span class='ocrx_word' id='word_1_799' title='bbox 1143 2387 1184 2419; x_wconf 87' lang='lat' dir='ltr'>lia</span> <span class='ocrx_word' id='word_1_800' title='bbox 1206 2398 1271 2419; x_wconf 93' lang='lat' dir='ltr'>non</span> <span class='ocrx_word' id='word_1_801' title='bbox 1284 2387 1439 2420; x_wconf 86' lang='lat' dir='ltr'>discernit</span> <span class='ocrx_word' id='word_1_802' title='bbox 1461 2389 1545 2422; x_wconf 90' lang='lat' dir='ltr'>inter</span> <span class='ocrx_word' id='word_1_803' title='bbox 1566 2392 1735 2432; x_wconf 80' lang='lat' dir='ltr'>personas.</span> <span class='ocrx_word' id='word_1_804' title='bbox 1762 2393 1888 2424; x_wconf 89' lang='lat' dir='ltr'>Omnes</span> <span class='ocrx_word' id='word_1_805' title='bbox 1915 2402 2018 2434; x_wconf 78' lang='lat' dir='ltr'>aequa·</span> 
     </span>
     <span class='ocr_line' id='line_1_116' title="bbox 1143 2434 2014 2482; baseline 0.006 -14"><span class='ocrx_word' id='word_1_806' title='bbox 1143 2436 1215 2470; x_wconf 86' lang='lat' dir='ltr'>liter</span> <span class='ocrx_word' id='word_1_807' title='bbox 1238 2434 1343 2470; x_wconf 81' lang='lat' dir='ltr'>habet·</span> <span class='ocrx_word' id='word_1_808' title='bbox 1359 2449 1416 2479; x_wconf 84' lang='lat' dir='ltr'>pro</span> <span class='ocrx_word' id='word_1_809' title='bbox 1430 2438 1507 2470; x_wconf 85' lang='lat' dir='ltr'>filiis</span> <span class='ocrx_word' id='word_1_810' title='bbox 1530 2462 1536 2469; x_wconf 94' lang='lat'><strong>.</strong></span> <span class='ocrx_word' id='word_1_811' title='bbox 1576 2440 1617 2472; x_wconf 80' lang='lat' dir='ltr'>Er</span> <span class='ocrx_word' id='word_1_812' title='bbox 1641 2440 1825 2482; x_wconf 84' lang='lat' dir='ltr'>optandum</span> <span class='ocrx_word' id='word_1_813' title='bbox 1852 2442 1948 2479; x_wconf 73' lang='lat' dir='ltr'>esset,</span> <span class='ocrx_word' id='word_1_814' title='bbox 1978 2449 2014 2473; x_wconf 91' lang='lat' dir='ltr'>ut</span> 
     </span>
     <span class='ocr_line' id='line_1_117' title="bbox 1142 2487 2013 2523; baseline 0.003 -4"><span class='ocrx_word' id='word_1_815' title='bbox 1142 2497 1257 2520; x_wconf 89' lang='lat' dir='ltr'>omnes</span> <span class='ocrx_word' id='word_1_816' title='bbox 1275 2488 1396 2521; x_wconf 88' lang='lat' dir='ltr'>milites</span> <span class='ocrx_word' id='word_1_817' title='bbox 1420 2487 1487 2520; x_wconf 84' lang='lat' dir='ltr'>istis</span> <span class='ocrx_word' id='word_1_818' title='bbox 1502 2488 1782 2522; x_wconf 66' lang='lat' dir='ltr'>benedictionibus</span> <span class='ocrx_word' id='word_1_819' title='bbox 1803 2489 2013 2523; x_wconf 76' lang='lat' dir='ltr'>donarentur.</span> 
     </span>
     <span class='ocr_line' id='line_1_118' title="bbox 1144 2537 2012 2583; baseline 0.005 -14"><span class='ocrx_word' id='word_1_820' title='bbox 1144 2537 1276 2570; x_wconf 86' lang='lat' dir='ltr'>Etenim</span> <span class='ocrx_word' id='word_1_821' title='bbox 1299 2549 1338 2570; x_wconf 86' lang='lat' dir='ltr'>ex</span> <span class='ocrx_word' id='word_1_822' title='bbox 1362 2537 1432 2578; x_wconf 81' lang='lat' dir='ltr'>ipfis</span> <span class='ocrx_word' id='word_1_823' title='bbox 1454 2539 1726 2578; x_wconf 75' lang='lat' dir='ltr'>suaeprofeffionis</span> <span class='ocrx_word' id='word_1_824' title='bbox 1740 2540 1843 2583; x_wconf 86' lang='lat' dir='ltr'>legem</span> <span class='ocrx_word' id='word_1_825' title='bbox 1866 2552 1902 2572; x_wconf 90' lang='lat' dir='ltr'>ac</span> <span class='ocrx_word' id='word_1_826' title='bbox 1913 2540 2012 2573; x_wconf 83' lang='lat' dir='ltr'>finem</span> 
     </span>
     <span class='ocr_line' id='line_1_119' title="bbox 1140 2585 2011 2630; baseline 0.005 -12"><span class='ocrx_word' id='word_1_827' title='bbox 1140 2586 1360 2620; x_wconf 85' lang='lat' dir='ltr'>addiscerent:</span> <span class='ocrx_word' id='word_1_828' title='bbox 1388 2587 1419 2618; x_wconf 78' lang='grc' dir='ltr'>ὃ(</span> <span class='ocrx_word' id='word_1_829' title='bbox 1443 2585 1481 2618; x_wconf 87' lang='lat' dir='ltr'>ad</span> <span class='ocrx_word' id='word_1_830' title='bbox 1504 2588 1607 2628; x_wconf 83' lang='lat' dir='ltr'>ipsum</span> <span class='ocrx_word' id='word_1_831' title='bbox 1629 2590 1829 2630; x_wconf 76' lang='lat' dir='ltr'>explendum</span> <span class='ocrx_word' id='word_1_832' title='bbox 1853 2590 2011 2623; x_wconf 76' lang='lat' dir='ltr'>divinitus</span> 
     </span>
     <span class='ocr_line' id='line_1_120' title="bbox 1139 2636 2010 2682; baseline 0.005 -13"><span class='ocrx_word' id='word_1_833' title='bbox 1139 2637 1386 2678; x_wconf 73' lang='lat' dir='ltr'>adjuvarentur.</span> <span class='ocrx_word' id='word_1_834' title='bbox 1415 2636 1525 2682; x_wconf 81' lang='lat' dir='ltr'>Qem</span> <span class='ocrx_word' id='word_1_835' title='bbox 1551 2639 1650 2670; x_wconf 79' lang='lat' dir='ltr'>finem</span> <span class='ocrx_word' id='word_1_836' title='bbox 1667 2640 1840 2682; x_wconf 88' lang='lat' dir='ltr'>&amp;qualem</span> <span class='ocrx_word' id='word_1_837' title='bbox 1854 2641 2010 2673; x_wconf 88' lang='lat' dir='ltr'>intentio·</span> 
     </span>
     <span class='ocr_line' id='line_1_121' title="bbox 1139 2685 2009 2729; baseline 0.007 -11"><span class='ocrx_word' id='word_1_838' title='bbox 1139 2697 1214 2719; x_wconf 87' lang='lat' dir='ltr'>nem</span> <span class='ocrx_word' id='word_1_839' title='bbox 1238 2686 1353 2719; x_wconf 87' lang='lat' dir='ltr'>habere</span> <span class='ocrx_word' id='word_1_840' title='bbox 1375 2685 1490 2719; x_wconf 83' lang='lat' dir='ltr'>debeat</span> <span class='ocrx_word' id='word_1_841' title='bbox 1516 2686 1719 2722; x_wconf 80' lang='lat' dir='ltr'>Christianus</span> <span class='ocrx_word' id='word_1_842' title='bbox 1732 2690 1848 2729; x_wconf 88' lang='lat' dir='ltr'>miles,</span> <span class='ocrx_word' id='word_1_843' title='bbox 1873 2690 2009 2724; x_wconf 87' lang='lat' dir='ltr'>demon-</span> 
     </span>
     <span class='ocr_line' id='line_1_122' title="bbox 1138 2735 1835 2781; baseline 0.006 -14"><span class='ocrx_word' id='word_1_844' title='bbox 1138 2735 1214 2768; x_wconf 84' lang='lat' dir='ltr'>strat</span> <span class='ocrx_word' id='word_1_845' title='bbox 1239 2736 1423 2768; x_wconf 67' lang='lat' dir='ltr'>benedictio</span> <span class='ocrx_word' id='word_1_846' title='bbox 1447 2737 1525 2768; x_wconf 83' lang='lat' dir='ltr'>enfis</span> <span class='ocrx_word' id='word_1_847' title='bbox 1551 2762 1558 2768; x_wconf 91' lang='lat'>.</span> <span class='ocrx_word' id='word_1_848' title='bbox 1597 2742 1680 2770; x_wconf 86' lang='lat' dir='ltr'>Hunc</span> <span class='ocrx_word' id='word_1_849' title='bbox 1701 2737 1797 2781; x_wconf 84' lang='lat' dir='ltr'>ensem</span> <span class='ocrx_word' id='word_1_850' title='bbox 1825 2764 1835 2779; x_wconf 89' lang='lat'>‚</span> 
     </span>
     <span class='ocr_line' id='line_1_123' title="bbox 1139 2785 2005 2829; baseline 0.007 -13"><span class='ocrx_word' id='word_1_851' title='bbox 1139 2789 1220 2817; x_wconf 86' lang='lat' dir='ltr'>Deus</span> <span class='ocrx_word' id='word_1_852' title='bbox 1234 2809 1243 2824; x_wconf 93' lang='lat'>,</span> <span class='ocrx_word' id='word_1_853' title='bbox 1271 2785 1436 2818; x_wconf 85' lang='lat' dir='ltr'>benedicere</span> <span class='ocrx_word' id='word_1_854' title='bbox 1459 2788 1615 2828; x_wconf 76' lang='lat' dir='ltr'>digneris,</span> <span class='ocrx_word' id='word_1_855' title='bbox 1644 2797 1792 2829; x_wconf 79' lang='lat' dir='ltr'>quatenus</span> <span class='ocrx_word' id='word_1_856' title='bbox 1807 2789 1853 2821; x_wconf 82' lang='lat' dir='ltr'>bic</span> <span class='ocrx_word' id='word_1_857' title='bbox 1866 2790 2005 2829; x_wconf 75' lang='lat' dir='ltr'>famulus</span> 
     </span>
     <span class='ocr_line' id='line_1_124' title="bbox 1136 2835 2003 2880; baseline 0.005 -13"><span class='ocrx_word' id='word_1_858' title='bbox 1136 2846 1204 2867; x_wconf 86' lang='lat' dir='ltr'>tuus</span> <span class='ocrx_word' id='word_1_859' title='bbox 1227 2837 1278 2876; x_wconf 75' lang='lat' dir='ltr'>esse</span> <span class='ocrx_word' id='word_1_860' title='bbox 1296 2835 1375 2876; x_wconf 83' lang='lat' dir='ltr'>poffit</span> <span class='ocrx_word' id='word_1_861' title='bbox 1399 2835 1535 2878; x_wconf 84' lang='lat' dir='ltr'>defensor</span> <span class='ocrx_word' id='word_1_862' title='bbox 1562 2838 1772 2879; x_wconf 81' lang='lat' dir='ltr'>Ecclefiarum,</span> <span class='ocrx_word' id='word_1_863' title='bbox 1799 2840 1964 2871; x_wconf 77' lang='lat' dir='ltr'>viduarum</span> <span class='ocrx_word' id='word_1_864' title='bbox 1991 2862 2003 2880; x_wconf 89' lang='lat'>‚</span> 
     </span>
     <span class='ocr_line' id='line_1_125' title="bbox 1136 2884 2005 2930; baseline 0.007 -14"><span class='ocrx_word' id='word_1_865' title='bbox 1136 2884 1329 2925; x_wconf 80' lang='lat' dir='ltr'>orphanorum</span> <span class='ocrx_word' id='word_1_866' title='bbox 1351 2909 1361 2924; x_wconf 95' lang='lat'>,</span> <span class='ocrx_word' id='word_1_867' title='bbox 1387 2892 1573 2928; x_wconf 81' lang='lat' dir='ltr'>omniumque</span> <span class='ocrx_word' id='word_1_868' title='bbox 1595 2890 1654 2920; x_wconf 80' lang='lat' dir='ltr'>Deo</span> <span class='ocrx_word' id='word_1_869' title='bbox 1679 2887 1879 2930; x_wconf 77' lang='lat' dir='ltr'>servientium</span> <span class='ocrx_word' id='word_1_870' title='bbox 1897 2898 2005 2922; x_wconf 64' lang='lat' dir='ltr'>contra</span> 
     </span>
     <span class='ocr_line' id='line_1_126' title="bbox 1132 2934 2000 2978; baseline 0.007 -11"><span class='ocrx_word' id='word_1_871' title='bbox 1132 2934 1287 2976; x_wconf 81' lang='lat' dir='ltr'>saevitiam</span> <span class='ocrx_word' id='word_1_872' title='bbox 1310 2938 1500 2978; x_wconf 87' lang='lat' dir='ltr'>Paganorum</span> <span class='ocrx_word' id='word_1_873' title='bbox 1523 2946 1613 2978; x_wconf 72' lang='lat' dir='ltr'>atque</span> <span class='ocrx_word' id='word_1_874' title='bbox 1628 2942 1850 2971; x_wconf 72' lang='lat' dir='ltr'>Haereticorum.</span> <span class='ocrx_word' id='word_1_875' title='bbox 1882 2939 1923 2972; x_wconf 90' lang='lat' dir='ltr'>Et</span> <span class='ocrx_word' id='word_1_876' title='bbox 1932 2939 2000 2973; x_wconf 86' lang='lat' dir='ltr'>haec</span> 
     </span>
     <span class='ocr_line' id='line_1_127' title="bbox 1138 2982 2003 3031; baseline 0.007 -15"><span class='ocrx_word' id='word_1_877' title='bbox 1138 2985 1326 3018; x_wconf 67' lang='lat' dir='ltr'>Benedi&#39;stio</span> <span class='ocrx_word' id='word_1_878' title='bbox 1346 2986 1476 3019; x_wconf 75' lang='lat' dir='ltr'>militis:</span> <span class='ocrx_word' id='word_1_879' title='bbox 1507 2989 1629 3018; x_wconf 76' lang='lat' dir='ltr'>Domine</span> <span class='ocrx_word' id='word_1_880' title='bbox 1651 2992 1746 3027; x_wconf 85' lang='lat' dir='ltr'>Deus,</span> <span class='ocrx_word' id='word_1_881' title='bbox 1765 2982 1829 3031; x_wconf 45' lang='lat' dir='ltr'>&#39;qui</span> <span class='ocrx_word' id='word_1_882' title='bbox 1841 2990 2003 3022; x_wconf 82' lang='lat' dir='ltr'>militarem</span> 
     </span>
     <span class='ocr_line' id='line_1_128' title="bbox 1135 3036 1999 3079; baseline 0.007 -14"><span class='ocrx_word' id='word_1_883' title='bbox 1135 3036 1261 3067; x_wconf 86' lang='lat' dir='ltr'>ordinem</span> <span class='ocrx_word' id='word_1_884' title='bbox 1281 3036 1323 3067; x_wconf 86' lang='lat' dir='ltr'>ad</span> <span class='ocrx_word' id='word_1_885' title='bbox 1340 3037 1440 3076; x_wconf 83' lang='lat' dir='ltr'>populi</span> <span class='ocrx_word' id='word_1_886' title='bbox 1468 3036 1672 3076; x_wconf 69' lang='lat' dir='ltr'>protee‘ltonem</span> <span class='ocrx_word' id='word_1_887' title='bbox 1706 3037 1818 3077; x_wconf 84' lang='lat' dir='ltr'>institui</span> <span class='ocrx_word' id='word_1_888' title='bbox 1849 3040 1961 3078; x_wconf 76' lang='lat' dir='ltr'>voluisti</span> <span class='ocrx_word' id='word_1_889' title='bbox 1987 3062 1999 3079; x_wconf 91' lang='lat'>,</span> 
     </span>
     <span class='ocr_line' id='line_1_129' title="bbox 1136 3085 1998 3131; baseline 0.007 -15"><span class='ocrx_word' id='word_1_890' title='bbox 1136 3085 1200 3117; x_wconf 82' lang='lat' dir='ltr'>huic</span> <span class='ocrx_word' id='word_1_891' title='bbox 1214 3085 1334 3125; x_wconf 85' lang='lat' dir='ltr'>famulo</span> <span class='ocrx_word' id='word_1_892' title='bbox 1355 3095 1402 3117; x_wconf 84' lang='lat' dir='ltr'>tuo</span> <span class='ocrx_word' id='word_1_893' title='bbox 1421 3109 1431 3124; x_wconf 93' lang='lat'><em>‚</em></span> <span class='ocrx_word' id='word_1_894' title='bbox 1470 3092 1520 3126; x_wconf 83' lang='lat' dir='ltr'>qui</span> <span class='ocrx_word' id='word_1_895' title='bbox 1542 3093 1658 3119; x_wconf 82' lang='lat' dir='ltr'>noviter</span> <span class='ocrx_word' id='word_1_896' title='bbox 1683 3089 1757 3131; x_wconf 85' lang='lat' dir='ltr'>jugo</span> <span class='ocrx_word' id='word_1_897' title='bbox 1778 3090 1894 3121; x_wconf 71' lang='lat' dir='ltr'>militia·</span> <span class='ocrx_word' id='word_1_898' title='bbox 1924 3091 1998 3122; x_wconf 85' lang='lat' dir='ltr'>colla</span> 
     </span>
     <span class='ocr_line' id='line_1_130' title="bbox 1131 3133 2002 3176; baseline 0.008 -11"><span class='ocrx_word' id='word_1_899' title='bbox 1131 3133 1270 3176; x_wconf 82' lang='lat' dir='ltr'>supponit</span> <span class='ocrx_word' id='word_1_900' title='bbox 1297 3159 1308 3175; x_wconf 92' lang='lat'>,</span> <span class='ocrx_word' id='word_1_901' title='bbox 1345 3142 1459 3176; x_wconf 83' lang='lat' dir='ltr'>pietate</span> <span class='ocrx_word' id='word_1_902' title='bbox 1480 3136 1584 3174; x_wconf 70' lang='lat' dir='ltr'>caeleflr</span> <span class='ocrx_word' id='word_1_903' title='bbox 1598 3145 1680 3169; x_wconf 79' lang='lat' dir='ltr'>vires</span> <span class='ocrx_word' id='word_1_904' title='bbox 1705 3140 1738 3171; x_wconf 67' lang='lat'>&lt;⁸1⁵</span> <span class='ocrx_word' id='word_1_905' title='bbox 1768 3141 1925 3172; x_wconf 84' lang='lat' dir='ltr'>audaciam</span> <span class='ocrx_word' id='word_1_906' title='bbox 1956 3140 2002 3172; x_wconf 86' lang='lat' dir='ltr'>ad</span> 
     </span>
     <span class='ocr_line' id='line_1_131' title="bbox 1133 3184 1999 3231; baseline 0.003 -15"><span class='ocrx_word' id='word_1_907' title='bbox 1133 3184 1203 3226; x_wconf 85' lang='lat' dir='ltr'>fidei</span> <span class='ocrx_word' id='word_1_908' title='bbox 1225 3188 1258 3218; x_wconf 71' lang='lat'>(9⁶</span> <span class='ocrx_word' id='word_1_909' title='bbox 1272 3184 1398 3226; x_wconf 80' lang='lat' dir='ltr'>justitiae</span> <span class='ocrx_word' id='word_1_910' title='bbox 1423 3184 1614 3226; x_wconf 80' lang='lat' dir='ltr'>defenfionem</span> <span class='ocrx_word' id='word_1_911' title='bbox 1637 3187 1750 3220; x_wconf 83' lang='lat' dir='ltr'>tribuas</span> <span class='ocrx_word' id='word_1_912' title='bbox 1779 3201 1787 3231; x_wconf 92' lang='lat'>·,</span> <span class='ocrx_word' id='word_1_913' title='bbox 1827 3191 1860 3222; x_wconf 68' lang='lat' dir='ltr'>(tt</span> <span class='ocrx_word' id='word_1_914' title='bbox 1889 3188 1999 3230; x_wconf 78' lang='lat' dir='ltr'>praesta</span> 
     </span>
     <span class='ocr_line' id='line_1_132' title="bbox 1134 3234 1997 3281; baseline 0.003 -14"><span class='ocrx_word' id='word_1_915' title='bbox 1134 3241 1159 3267; x_wconf 88' lang='lat' dir='ltr'>ei</span> <span class='ocrx_word' id='word_1_916' title='bbox 1184 3237 1292 3275; x_wconf 83' lang='lat' dir='ltr'>Fidei,</span> <span class='ocrx_word' id='word_1_917' title='bbox 1321 3236 1385 3276; x_wconf 78' lang='lat' dir='ltr'>Spei</span> <span class='ocrx_word' id='word_1_918' title='bbox 1407 3236 1439 3267; x_wconf 60' lang='grc' dir='ltr'>Θ</span> <span class='ocrx_word' id='word_1_919' title='bbox 1459 3234 1627 3267; x_wconf 72' lang='lat' dir='ltr'>charitatis</span> <span class='ocrx_word' id='word_1_920' title='bbox 1649 3247 1837 3281; x_wconf 84' lang='lat' dir='ltr'>augmentum</span> <span class='ocrx_word' id='word_1_921' title='bbox 1849 3251 1861 3279; x_wconf 93' lang='lat'><em>;</em></span> <span class='ocrx_word' id='word_1_922' title='bbox 1889 3242 1935 3270; x_wconf 85' lang='lat' dir='ltr'>Et</span> <span class='ocrx_word' id='word_1_923' title='bbox 1956 3239 1997 3270; x_wconf 78' lang='lat' dir='ltr'>da</span> 
     </span>
    </p>
   </div>
   <div class='ocr_carea' id='block_1_13' title="bbox 1883 2743 2008 2773">
    <p class='ocr_par' dir='ltr' id='par_1_47' title="bbox 1883 2743 2008 2773">
     <span class='ocr_line' id='line_1_133' title="bbox 1883 2743 2008 2773; baseline 0.024 -3"><span class='ocrx_word' id='word_1_924' title='bbox 1883 2743 2008 2773; x_wconf 84' lang='lat' dir='ltr'>Domine</span> 
     </span>
    </p>
   </div>
   <div class='ocr_carea' id='block_1_14' title="bbox 1118 3287 1995 3327">
    <p class='ocr_par' dir='ltr' id='par_1_48' title="bbox 1118 3287 1995 3327">
     <span class='ocr_line' id='line_1_134' title="bbox 1118 3287 1995 3327; baseline 0.007 -13"><span class='ocrx_word' id='word_1_925' title='bbox 1118 3289 1179 3317; x_wconf 84' lang='lat' dir='ltr'>·tui</span> <span class='ocrx_word' id='word_1_926' title='bbox 1196 3292 1326 3317; x_wconf 83' lang='lat' dir='ltr'>timorem</span> <span class='ocrx_word' id='word_1_927' title='bbox 1344 3290 1455 3325; x_wconf 80' lang='lat' dir='ltr'>pariter</span> <span class='ocrx_word' id='word_1_928' title='bbox 1482 3287 1516 3317; x_wconf 61' lang='lat' dir='ltr'>(w</span> <span class='ocrx_word' id='word_1_929' title='bbox 1549 3297 1677 3319; x_wconf 84' lang='lat' dir='ltr'>amorem</span> <span class='ocrx_word' id='word_1_930' title='bbox 1716 3311 1727 3327; x_wconf 87' lang='lat'>,</span> <span class='ocrx_word' id='word_1_931' title='bbox 1765 3288 1959 3320; x_wconf 83' lang='lat' dir='ltr'>humilitatem</span> <span class='ocrx_word' id='word_1_932' title='bbox 1983 3309 1995 3326; x_wconf 90' lang='lat'>‚</span> 
     </span>
    </p>
   </div>
   <div class='ocr_carea' id='block_1_15' title="bbox 1131 3331 1998 3478">
    <p class='ocr_par' dir='ltr' id='par_1_49' title="bbox 1131 3331 1998 3478">
     <span class='ocr_line' id='line_1_135' title="bbox 1131 3331 1996 3379; baseline 0.001 -12"><span class='ocrx_word' id='word_1_933' title='bbox 1131 3331 1387 3377; x_wconf 84' lang='lat' dir='ltr'>perseverantiam</span> <span class='ocrx_word' id='word_1_934' title='bbox 1397 3357 1409 3374; x_wconf 86' lang='lat'>,</span> <span class='ocrx_word' id='word_1_935' title='bbox 1422 3333 1614 3367; x_wconf 84' lang='lat' dir='ltr'>obedientiam</span> <span class='ocrx_word' id='word_1_936' title='bbox 1624 3361 1632 3376; x_wconf 92' lang='lat'><em>‚</em></span> <span class='ocrx_word' id='word_1_937' title='bbox 1661 3339 1694 3371; x_wconf 68' lang='lat'>(5</span> <span class='ocrx_word' id='word_1_938' title='bbox 1706 3343 1887 3379; x_wconf 83' lang='lat' dir='ltr'>patientiam</span> <span class='ocrx_word' id='word_1_939' title='bbox 1900 3349 1908 3378; x_wconf 89' lang='lat'>;</span> <span class='ocrx_word' id='word_1_940' title='bbox 1920 3337 1996 3368; x_wconf 80' lang='lat' dir='ltr'>bona</span> 
     </span>
     <span class='ocr_line' id='line_1_136' title="bbox 1134 3384 1998 3427; baseline 0.001 -10"><span class='ocrx_word' id='word_1_941' title='bbox 1134 3385 1167 3417; x_wconf 61' lang='lat' dir='ltr'>(at</span> <span class='ocrx_word' id='word_1_942' title='bbox 1185 3385 1289 3418; x_wconf 80' lang='lat' dir='ltr'>cunc‘la</span> <span class='ocrx_word' id='word_1_943' title='bbox 1312 3389 1344 3416; x_wconf 84' lang='lat' dir='ltr'>in</span> <span class='ocrx_word' id='word_1_944' title='bbox 1365 3395 1395 3417; x_wconf 88' lang='lat' dir='ltr'>eo</span> <span class='ocrx_word' id='word_1_945' title='bbox 1411 3384 1488 3417; x_wconf 69' lang='lat' dir='ltr'>reHe</span> <span class='ocrx_word' id='word_1_946' title='bbox 1509 3385 1650 3427; x_wconf 71' lang='lat' dir='ltr'>disponas</span> <span class='ocrx_word' id='word_1_947' title='bbox 1673 3411 1683 3426; x_wconf 93' lang='lat'>,</span> <span class='ocrx_word' id='word_1_948' title='bbox 1708 3397 1740 3420; x_wconf 88' lang='lat' dir='ltr'>ut</span> <span class='ocrx_word' id='word_1_949' title='bbox 1762 3393 1905 3421; x_wconf 86' lang='lat' dir='ltr'>neminem</span> <span class='ocrx_word' id='word_1_950' title='bbox 1930 3397 1998 3418; x_wconf 79' lang='lat' dir='ltr'>cum</span> 
     </span>
     <span class='ocr_line' id='line_1_137' title="bbox 1132 3435 1998 3478; baseline 0.001 -11"><span class='ocrx_word' id='word_1_951' title='bbox 1132 3436 1233 3478; x_wconf 85' lang='lat' dir='ltr'>gladio</span> <span class='ocrx_word' id='word_1_952' title='bbox 1245 3435 1293 3471; x_wconf 72' lang='lat' dir='ltr'>ifflo</span> <span class='ocrx_word' id='word_1_953' title='bbox 1312 3435 1364 3466; x_wconf 81' lang='lat' dir='ltr'>vei</span> <span class='ocrx_word' id='word_1_954' title='bbox 1380 3435 1437 3466; x_wconf 79' lang='lat' dir='ltr'>alio</span> <span class='ocrx_word' id='word_1_955' title='bbox 1453 3435 1558 3475; x_wconf 74' lang='lat' dir='ltr'>injuste</span> <span class='ocrx_word' id='word_1_956' title='bbox 1578 3436 1693 3476; x_wconf 80' lang='lat' dir='ltr'>laedat,</span> <span class='ocrx_word' id='word_1_957' title='bbox 1720 3439 1753 3470; x_wconf 59' lang='lat' dir='ltr'>&lt;vr</span> <span class='ocrx_word' id='word_1_958' title='bbox 1773 3440 1872 3469; x_wconf 86' lang='lat' dir='ltr'>omnia</span> <span class='ocrx_word' id='word_1_959' title='bbox 1883 3447 1913 3468; x_wconf 88' lang='lat' dir='ltr'>eo</span> <span class='ocrx_word' id='word_1_960' title='bbox 1914 3435 1998 3476; x_wconf 79' lang='lat' dir='ltr'>justa</span> 
     </span>
    </p>
   </div>
   <div class='ocr_carea' id='block_1_16' title="bbox 1136 3483 2002 3529">
    <p class='ocr_par' dir='ltr' id='par_1_50' title="bbox 1136 3483 2002 3529">
     <span class='ocr_line' id='line_1_138' title="bbox 1136 3483 2002 3529; baseline -0.007 -7"><span class='ocrx_word' id='word_1_961' title='bbox 1136 3487 1169 3522; x_wconf 61' lang='grc' dir='ltr'><strong>Θ</strong></span> <span class='ocrx_word' id='word_1_962' title='bbox 1193 3485 1271 3525; x_wconf 67' lang='lat' dir='ltr'>rcc‘la</span> <span class='ocrx_word' id='word_1_963' title='bbox 1283 3483 1430 3527; x_wconf 74' lang='lat' dir='ltr'>defendat</span> <span class='ocrx_word' id='word_1_964' title='bbox 1451 3508 1458 3519; x_wconf 92' lang='lat'><strong><em>.</em></strong></span> <span class='ocrx_word' id='word_1_965' title='bbox 1484 3487 1530 3520; x_wconf 81' lang='lat' dir='ltr'>Et</span> <span class='ocrx_word' id='word_1_966' title='bbox 1543 3485 1617 3528; x_wconf 84' lang='lat' dir='ltr'>ficut</span> <span class='ocrx_word' id='word_1_967' title='bbox 1636 3484 1695 3529; x_wconf 77' lang='lat' dir='ltr'>ipse</span> <span class='ocrx_word' id='word_1_968' title='bbox 1714 3487 1750 3521; x_wconf 80' lang='lat' dir='ltr'>de</span> <span class='ocrx_word' id='word_1_969' title='bbox 1775 3490 1880 3521; x_wconf 82' lang='lat' dir='ltr'>minori</span> <span class='ocrx_word' id='word_1_970' title='bbox 1901 3486 2002 3529; x_wconf 82' lang='lat' dir='ltr'>gradu</span> 
     </span>
    </p>
   </div>
   <div class='ocr_carea' id='block_1_17' title="bbox 1574 3535 1955 3573">
    <p class='ocr_par' dir='ltr' id='par_1_51' title="bbox 1574 3535 1955 3573">
     <span class='ocr_line' id='line_1_139' title="bbox 1574 3535 1955 3573; baseline 0.003 -5"><span class='ocrx_word' id='word_1_971' title='bbox 1574 3535 1604 3573; x_wconf 84' lang='lat' dir='ltr'>L</span> <span class='ocrx_word' id='word_1_972' title='bbox 1848 3535 1891 3569; x_wconf 83' lang='lat' dir='ltr'>ad</span> <span class='ocrx_word' id='word_1_973' title='bbox 1910 3547 1955 3571; x_wconf 84' lang='lat' dir='ltr'>no·</span> 
     </span>
    </p>
   </div>
  </div>
 </body>
</html>
