2366 3736
391 128 454 181 89
567 139 594 163 τ’).

858 124 1575 190 · Ι)ΑιςεεκτζΑτιο,,

347 220 496 253 redituum
503 216 563 259 fine
569 218 693 263 speciali
706 217 798 261 Regis
808 216 927 253 licentia
937 216 983 274 ad
1003 227 1126 250 manum
1147 226 1228 252 mor-
1274 226 1281 259 i
1292 229 1347 261 que
1354 226 1520 261 proventus
1528 226 1584 261 per
1595 226 1701 251 manus
1713 217 1889 260 Feoffatem
1912 221 2023 267 &sque
2045 225 2168 261 [Imma

348 281 437 304 tuam
451 270 657 303 devolvantur
670 294 677 301 .
915 304 919 308 .

397 323 548 368 Longius
586 320 653 353 haee
690 316 841 351 describit
860 315 1061 357 Guilielmns
1087 314 1229 358 Thorne

347 376 433 419 apud
452 369 665 407 Cantuariam
688 362 877 403 Monachus
903 368 1001 402 santii
1025 366 1229 410 Augustini:

174 421 203 454 A
212 431 278 455 nno
349 423 517 458 Eduardus
529 424 597 453 Rex
612 443 623 459 ,
649 420 820 454 aemulorum
831 418 948 454 sanc‘lae
960 415 1094 456 Ecclefiae
1108 416 1225 460 instiga·

175 485 189 509 1
199 485 240 522 29
246 483 274 519 3.
346 482 423 508 tione
433 464 654 505 circumventus
666 493 677 509 ,
695 468 807 509 statutt
817 467 966 515 &consilio
991 470 1146 500 Procerum
1163 465 1228 509 suo·

344 536 410 561 rum
420 523 578 559 ordinavit
594 544 605 560 ‚
630 519 708 562 quod
715 518 812 552 nullus
836 515 998 562 Religiosus
1019 519 1122 559 aliqua
1143 526 1226 550 tenu-

343 582 446 608 menta
456 582 550 607 emere
562 571 613 605 vel
625 570 753 603 vendere
765 593 775 609 ‚
802 570 855 604 vel
874 580 912 602 ex
930 570 1003 601 dono
1021 569 1149 608 alicujus
1172 569 1227 601 aliz

342 625 420 669 quid
424 627 577 666 percipere
591 645 602 661 ,
628 629 682 652 aut
695 621 754 653 alio
761 620 969 661 qualicumque
989 619 1072 650 modo
1085 642 1095 657 ,
1122 627 1189 651 arte
1212 642 1224 659 ,

342 676 396 708 vei
407 680 524 717 ingenio
536 674 701 713 quidquam
724 675 875 713 acquirere
882 669 970 711 posset
980 692 990 708 ‚
1015 669 1049 702 (vt
1069 665 1179 711 fisecus
1205 669 1225 699 ἃ

345 735 491 769 quoquam
505 719 648 765 Religioso
651 720 748 766 fuerit
763 727 946 753 attentatum
956 741 967 757 ‚
991 717 1093 751 liceret
1119 721 1225 750 Domi·

340 786 377 808 no
402 778 476 818 Regi
498 774 576 809 illud
589 770 628 812 fic
647 768 817 813 acquisitum
831 793 842 809 ,
869 776 1017 809 emptum,
1045 761 1100 803 ‘vel
1117 769 1222 800 datum

337 834 393 868 per
407 828 435 858 E
433 823 593 867 [caetorem
602 820 688 864 suum
698 820 813 862 ingredi
825 843 834 858 ,
862 820 896 852 (ν
906 824 939 850 in
949 825 1122 859 perpetuum
1143 827 1223 854 tene-

339 882 414 908 rein
418 874 516 916 feudo
531 875 564 906 (Ὗ
586 872 767 905 baereditate
791 894 798 900 .
814 872 874 905 Heu
888 893 899 909 ‚
925 866 979 901 beu
990 892 1001 908 ,
1024 876 1081 909 pro
1103 869 1147 901 dol
1156 880 1187 900 or
1209 892 1220 907 ,

340 926 482 968 quomodo
496 935 553 957 non
562 921 655 965 solum
663 925 743 963 perit
755 929 828 955 nunc
841 918 1009 957 liberalitas
1020 920 1071 951 illa
1085 921 1144 951 Deo
1150 930 1222 961 gra-

338 984 372 1009 ta
383 1001 392 1015 ,
418 987 479 1017 qua
494 977 595 1008 devoti
609 976 701 1017 Reges
714 994 724 1010 ‚
753 972 889 1005 Proceres
901 993 911 1008 ‚
937 974 1093 1010 caeterique
1116 967 1219 1010 fideles

334 1035 392 1068 pro
407 1036 512 1069 magno
524 1022 659 1064 defiderio
673 1020 844 1053 habuerant
870 1016 1028 1063 Religiosos
1045 1017 1183 1060 fundare
1208 1040 1219 1056 ,

333 1077 456 1118 praedia
472 1077 504 1108 (5·
516 1074 685 1119 posseffiones
700 1077 732 1103 in
742 1069 877 1105 bonorem
888 1070 944 1103 Dei
954 1069 1145 1108 liberaliffime
1156 1078 1217 1100 con·

332 1125 417 1167 ferre
430 1150 440 1165 ‚
469 1127 502 1158 (τ
523 1122 601 1166 ipsiu
628 1127 723 1160 tueri.
751 1120 860 1153 Verum
880 1130 919 1152 ex
937 1127 1006 1151 tunc
1026 1126 1111 1159 opere
1130 1117 1219 1158 hujus

337 1167 510 1208 charitatis
521 1175 628 1215 palam
642 1169 805 1212 tabescente
817 1193 828 1209 ‚
855 1170 889 1206 i&
909 1178 1073 1211 unoquoque
1098 1178 1220 1199 manum

330 1223 358 1268 s
353 1237 423 1257 uam
437 1225 456 1255 a
467 1224 581 1256 talibus
594 1222 740 1263 beneficiis
760 1217 931 1253 retrahente
940 1240 952 1257 ,
981 1228 1038 1252 non
1045 1215 1140 1260 solum
1161 1228 1218 1250 non

332 1276 450 1317 possunt
474 1270 596 1316 religiosi
617 1273 778 1314 quidquam
804 1279 915 1315 notium
936 1272 1086 1309 acquirere
1109 1290 1120 1306 ‚
1146 1273 1218 1308 quin

336 1331 431 1358 etiam
457 1335 508 1359 nee
527 1328 663 1364 antiquis
682 1319 745 1362 suis
763 1317 971 1360 poffeffiont'bus
983 1341 994 1357 ‚
1015 1324 1138 1358 propter
1163 1326 1217 1360 op-

333 1375 501 1417 preffionem
514 1374 654 1405 laicorum
668 1395 678 1410 ,
705 1381 741 1404 ne
754 1371 851 1400 dicam
874 1370 1052 1410 Magnarum
1062 1391 1072 1407 ,
1099 1365 1217 1410 prospe·

338 1426 371 1460 re
381 1435 413 1457 ut
426 1424 498 1456 laici
505 1423 639 1466 gaudere
651 1445 662 1461 ‚
684 1419 740 1463 sed
749 1419 796 1454 hir
811 1418 967 1459 novifflmis
979 1417 1152 1459 temporibus
1163 1415 1216 1460 sa-

335 1479 453 1517 pientes
468 1473 558 1513 buy'us
568 1470 670 1515 saeculi
681 1470 783 1503 borum
796 1465 990 1512 prosperitati
1009 1468 1178 1502 invidentes
1206 1490 1216 1506 ‚

336 1524 454 1568 suaeque
461 1522 571 1565 fraudi
583 1518 785 1566 consulentes,
810 1514 963 1563 universos
973 1516 1130 1563 Religiosbs
1143 1541 1154 1557 ‚
1180 1529 1217 1551 ne

332 1573 370 1618 fic
381 1576 481 1608 oblata
492 1579 679 1614 acceptarent
691 1595 702 1611 ,
728 1572 761 1604 (5
774 1568 852 1611 quod
860 1573 982 1609 nequius
994 1567 1030 1606 est
1043 1592 1054 1608 ‚
1060 1567 1113 1608 fibi
1124 1569 1216 1610 quid-

337 1637 430 1668 quam
441 1628 669 1666 approprias-ent
681 1644 691 1660 ‚
714 1629 771 1662 per
783 1620 929 1653 decretum
940 1618 973 1651 <9⁶
995 1619 1014 1650 5
1016 1623 1143 1651 eniorum
1157 1620 1210 1658 ju·

338 1676 450 1708 dicium
461 1672 665 1707 coarc‘iarunt.
693 1677 733 1706 Et
747 1672 782 1703 de
786 1671 834 1710 jis
849 1673 996 1702 veraciter
1004 1668 1096 1710 posset
1118 1669 1178 1701 dici
1201 1693 1213 1709 ‚

340 1727 421 1767 quod
433 1724 537 1767 egreffa
544 1720 580 1763 fit
590 1727 738 1763 iniquitas
751 1721 771 1752 ἆ
779 1717 943 1762 senioribus
949 1721 981 1762 J
983 1718 1118 1751 udici'bus
1129 1742 1141 1759 ,
1166 1724 1215 1759 qui

336 1775 432 1818 filiam
456 1773 552 1816 lsrael
564 1796 575 1813 ,
595 1779 672 1815 puta
694 1767 855 1813 Ecclessam
878 1791 893 1810 2
927 1772 1065 1812 aequiter
1084 1769 1214 1803 condem·

337 1833 492 1872 naverunt
503 1848 510 1855 .

389 1875 487 1909 Plura
497 1873 630 1909 adducit
645 1872 810 1908 Henricus
823 1867 1047 1917 Cnygbtonus
1058 1894 1071 1911 ,
1108 1869 1214 1905 Cano-

171 1938 245 1973 L3b,
266 1949 295 1985 3·
339 1925 433 1959 nicus
446 1925 691 1970 Leesessrenfis:
720 1927 785 1956 Rex
807 1924 975 1955 Eduardus
996 1933 1061 1955 cum
1084 1923 1215 1955 Proceri·

153 2001 231 2033 cap·
249 2000 279 2024 1·
341 1976 396 2009 bus
406 1974 471 2019 sui‘s
483 1975 579 2009 edidit
603 1978 753 2009 statutum
774 1975 877 2006 contra
890 1983 1011 2004 manum
1031 1980 1179 2004 mortuam
1203 1993 1215 2010 ‚

218 2041 321 2073 Anno
340 2031 386 2066 ita
398 2035 433 2059 ut
442 2027 537 2059 nullus
549 2027 683 2067 deinceps
705 2034 803 2066 terras
817 2047 827 2063 ,
854 2031 1026 2059 tenumenta
1036 2045 1047 2061 ,
1076 2022 1214 2053 redditus

340 2079 428 2110 daret
438 2101 450 2117 ,
471 2077 614 2110 venderet
622 2100 632 2115 ,
645 2077 759 2119 legaret
772 2098 783 2113 ,
809 2081 863 2104 aut
870 2079 1058 2114 permutaret
1068 2094 1081 2111 ,
1090 2068 1140 2113 seu
1152 2081 1217 2113 quo·

340 2134 391 2160 vis
405 2128 489 2159 titulo
500 2131 576 2159 viris
589 2124 721 2169 religiosis
732 2123 885 2166 affignaret
894 2122 954 2161 fine
972 2123 1091 2155 licentia
1102 2125 1192 2164 Regis
1204 2145 1210 2151 .

341 2177 516 2210 Eduardus
529 2175 641 2209 habuit
654 2177 732 2207 dura
745 2184 819 2205 cum
836 2172 968 2204 Francis
982 2170 1072 2203 Bella
1091 2194 1101 2210 ,
1128 2171 1214 2203 ideo-

342 2238 405 2269 que
417 2226 457 2258 ab
471 2225 619 2258 Ecclefiis
631 2235 667 2257 ac
681 2220 891 2256 Monasteriis
905 2220 1040 2263 piurima
1054 2220 1086 2252 ὅ(
1109 2220 1215 2261 rapuit

341 2277 373 2310 ἃ
412 2274 543 2309 extorfit
557 2299 564 2306 .
592 2274 673 2306 Haec
710 2270 823 2305 omnia
843 2271 981 2314 exponit
1019 2279 1217 2302 memoratus

342 2326 485 2368 Scriptor
497 2349 507 2363 ,
534 2325 567 2358 &
584 2323 805 2366 prosequitur:
836 2323 922 2363 ‚Quia
932 2325 1107 2352 immunitas
1118 2320 1213 2352 Eccle-

335 2376 387 2418 fiae
398 2401 408 2416 ,
436 2373 568 2416 utsupra
581 2373 692 2406 dic‘lum
703 2371 741 2411 est
752 2396 763 2413 ,
788 2369 862 2412 laesa
863 2370 931 2412 fuit
953 2371 986 2403 Θ
1004 2370 1119 2402 violata
1132 2393 1142 2409 ,
1166 2377 1215 2411 pe-

343 2433 393 2460 tiit
408 2427 514 2458 Clerus
526 2427 545 2456 ἃ
558 2427 637 2466 Rege
646 2420 786 2465 quosdam
797 2421 940 2466 drticulos
951 2442 964 2458 ‚
988 2424 1065 2462 Rege
1074 2419 1209 2460 jubente.

337 2475 423 2522 Just‘t
437 2479 501 2507 Rex
515 2499 524 2514 ‚
546 2475 701 2516 postquam
713 2477 792 2505 votis
815 2469 900 2511 ipsius
922 2478 1105 2511 paruerunt,
1133 2477 1166 2501 ut
1185 2469 1217 2501 (a'

343 2525 400 2568 ipsi
403 2525 441 2557 ab
463 2536 493 2556 eo
508 2533 643 2565 peterent
663 2523 797 2556 remedia
816 2531 883 2563 quae
907 2521 1039 2553 vellent.
1069 2522 1114 2551 Et
1122 2524 1204 2561 petie

343 2585 417 2610 runt
432 2579 577 2615 imprimis
596 2598 606 2614 ,
631 2582 662 2606 ut
674 2575 825 2605 statutum
835 2572 871 2604 de
884 2582 975 2602 manu
988 2579 1104 2602 mortua
1116 2593 1126 2610 ,
1138 2570 1219 2611 quod

345 2628 378 2659 ἶη
384 2625 595 2667 praejudi'cium
602 2622 717 2666 sandiae
729 2625 843 2653 Matris
855 2619 1062 2661 Ecclest‘aefuit
1081 2621 1194 2653 editum
1206 2643 1216 2658 ‚

344 2677 489 2709 deleretur
503 2698 510 2705 .
537 2677 594 2705 Cui
615 2674 732 2714 quidem
756 2672 884 2703 Articulo
905 2674 972 2703 Rex
998 2693 1008 2709 ,
1034 2671 1116 2712 quod
1138 2670 1216 2702 idem

344 2728 501 2759 statutum
513 2724 550 2756 de
562 2722 670 2763 confilio
680 2725 856 2764 Magnatum
865 2718 983 2761 suorum
987 2719 1095 2761 fuerat
1105 2721 1217 2752 editum

344 2787 381 2809 ac
392 2776 563 2808 ordinatum
577 2797 587 2813 ,
614 2774 648 2806 (5
661 2770 770 2814 absque
782 2781 877 2802 eorum
890 2769 998 2810 consilio
1021 2763 1078 2802 non
1098 2779 1218 2805 tratre·

345 2827 510 2860 vocandum
520 2837 534 2866 ;
561 2827 679 2856 Ceteris
693 2830 792 2854 autem
807 2820 943 2851 Articulis
955 2818 1103 2861 respondit
1114 2821 1151 2852 de
1165 2818 1218 2860 fa·

171 2087 270 2136 1278.

171 2345 257 2386 Cap.
269 2352 297 2387 7.

222 2394 325 2426 Anno

178 2454 276 2489 1294

345 2879 394 2909 cili
409 2898 419 2914 ,
445 2881 490 2908 ita
499 2875 580 2916 quod
581 2872 724 2915 frustrati
742 2882 776 2904 ac
793 2868 950 2910 delufifint
961 2868 1068 2909 reversi
1087 2871 1130 2901 ad
1148 2879 1229 2919 pro·-

340 2931 434 2968 pria.
463 2925 619 2959 Attamen
642 2933 722 2957 tunc
743 2919 905 2955 emanasse
932 2918 1060 2952 videtur
1085 2920 1218 2952 medici-

344 2974 420 3009 nale
443 2974 593 3008 Edictum
606 2998 616 3014 ‚
644 2968 915 3017 supralaudatum
929 2969 947 3003 ὲ
966 2968 1105 3002 Thoma
1129 2969 1219 3002 Wal-

345 3025 537 3068 fingamenfi
551 3048 560 3056 .

392 3074 516 3108 Denuo
528 3085 574 3108 res
597 3074 681 3107 varie
703 3071 845 3108 cucurrit
867 3071 968 3112 usque
989 3068 1028 3102 ad
1053 3069 1214 3112 sequentis

342 3125 449 3160 saecuii
474 3135 597 3157 annum
629 3124 874 3167 nonagesimum
901 3120 1065 3164 primum,
1092 3120 1126 3152 ὅ(
1151 3119 1218 3152 Re-

341 3185 445 3220 gnum
462 3172 621 3207 Richardi
645 3174 684 3206 11.
696 3173 736 3207 de
749 3184 816 3214 quo
837 3172 925 3205 idem
937 3170 1079 3213 scriptor
1093 3169 1217 3202 Henri-

340 3237 422 3259 cus:
451 3225 594 3257 Ricardus
605 3227 671 3256 Rex
681 3223 845 3256 celebravit
871 3222 1110 3254 Parliamentum
1133 3221 1219 3260 apud

342 3274 647 3317 West·Monasterium
661 3297 672 3313 ,
698 3279 729 3305 in
751 3271 872 3310 crastino
893 3277 1081 3306 animarum.
1110 3273 1146 3300 1n
1169 3269 1217 3309 isto

343 3327 547 3360 parliamento
570 3325 683 3357 editum
696 3322 733 3357 est
742 3321 933 3363 prophanum
944 3323 1094 3353 statutum
1118 3329 1218 3350 contra

343 3374 500 3417 Ecclesiam
514 3376 547 3408 &
561 3372 695 3414 Ecclefiae
704 3369 848 3414 perfhnas
863 3395 873 3410 ,
899 3372 1040 3404 videlicet
1053 3380 1088 3401 ne
1097 3376 1216 3411 quaevis

341 3424 471 3468 personae
494 3422 697 3464 Ecclest'asticae
716 3423 873 3464 poffideant
896 3426 1053 3460 maneria,
1080 3420 1177 3450 domos
1206 3443 1216 3459 ,

338 3475 444 3519 glebas
460 3499 471 3516 ,
492 3475 663 3519 poffiffiones
676 3496 689 3514 ,
714 3482 838 3511 terras,
876 3472 1008 3504 redditus
1031 3494 1043 3512 ,
1070 3467 1217 3512 quoscum-

173 3254 245 3288 Lib.
271 3265 301 3301 ς.

175 3305 279 3340 Anno

179 3364 278 3402 1371.

1276 272 1379 335 ⁵Regis
1393 272 1428 304 Θ
1437 269 1613 311 capitalium
1624 270 1807 301 dominorum
1817 294 1825 301 .
1853 274 1899 303 Et
1912 273 1993 312 istud
2007 278 2168 314 *statutum

1275 321 1428 367 4extendit
1434 319 1467 362 se
1480 330 1544 353 tam
1557 320 1600 350 ad
1609 317 1748 359 Ecclefias
1764 319 1950 354 Parocbiales
1963 347 1974 363 ‚
1999 329 2141 367 capellas
2157 352 2169 369 ‚

1276 373 1456 409 jCantarias
1471 394 1481 409 ,
1507 381 1599 411 quam
1623 371 1669 402 ad
1696 368 1862 410 abbatias,
1893 374 2047 407 Prior-atus
2069 400 2081 416 ,
2112 376 2167 420 seu

1289 431 1475 462 quaecumque
1484 420 1545 453 alta
1558 418 1751 458 Monasteria.
1778 421 1917 453 similiter
1928 424 1973 454 ad
1993 427 2087 458 cives
2113 431 2170 460 Ci-

1290 474 1422 504 vitatum
1442 495 1453 511 ,
1479 471 1514 507 <y
1526 469 1703 509 villicanos,
1731 478 1821 512 atque
1834 470 2001 514 Burgenses
2014 497 2026 512 ,
2052 477 2169 520 Burgo-

1288 531 1355 555 rum
1366 522 1400 553 Gt
1414 521 1559 557 villarum
1571 516 1738 560 hujusmodi
1750 522 1885 554 redditus
1898 544 1908 559 ‚
1935 521 2104 566 hujusmodi
2115 527 2166 559 vel

1283 570 1457 611 posseffiones
1476 578 1533 611 pro
1557 574 1701 602 commum·
1725 571 1857 605 utilitate
1876 571 2019 605 babentes
2043 598 2052 606 .
2081 578 2169 607 Nam

1288 618 1419 652 homines
1441 624 1472 652 in
1487 620 1546 653 illis
1557 617 1662 652 diebus
1673 641 1684 658 ‚
1712 625 1764 660 qui
1778 621 1919 655 volebant
1930 621 2059 662 conferre
2070 626 2168 657 reddi-

1289 678 1338 702 tus
1353 670 1579 712 velpoffefflones
1593 670 1679 702 alicui
1687 668 1820 709 Ecclesiae
1834 673 1889 704 vel
1895 678 2032 714 cuiquam
2044 685 2169 708 commu·

1288 723 1405 759 nitati,
1433 731 1483 752 nec
1503 717 1650 762 expensas
1666 719 1776 761 possent
1797 719 1947 760 effundere
1971 746 1981 762 ‚
2007 733 2041 756 ut
2063 735 2111 757 eos
2133 731 2166 757 in

1286 780 1409 804 manum
1420 778 1564 802 mortuam
1575 770 1746 803 reducerent
1755 767 1811 811 sub
1822 770 1944 804 licentia
1957 775 2048 816 Regis
2057 775 2090 809 (9*
2101 781 2164 808 Ca—

1281 820 1424 860 pitalium
1450 823 1642 852 Dominarum
1665 843 1675 858 ,
1697 817 1833 861 solebant
1855 821 1992 860 Feoffare
2013 833 2105 857 certos
2117 824 2166 857 bo-

1286 876 1381 902 mines
1395 893 1406 908 ,
1432 870 1581 911 inquibus
1607 868 1755 905 habebant
1770 871 1912 912 fiduciam
1925 893 1936 909 ,
1957 870 2015 914 sub
2042 884 2164 915 quorum

1286 925 1401 953 nomine
1414 921 1448 953 (τ
1458 918 1619 962 defenfione
1631 919 1833 960 Ecclesiasticae
1842 919 1976 963 persimae
1989 923 2042 955 vel
2065 922 2166 966 hujus-

1285 970 1363 1002 modi
1373 973 1582 1006 communitas
1594 973 1637 1002 rei
1646 972 1792 1002 commodo
1811 972 1996 1013 gauderent,
2023 973 2057 1006 Ca·
2081 974 2165 1006 utili-

1285 1027 1378 1051 tatem
1404 1031 1502 1058 eorum
1520 1020 1692 1062 poffiderent
1706 1043 1714 1051 .
1742 1023 1789 1052 Et
1813 1030 1934 1054 cautum
1954 1020 2040 1061 estin
2059 1025 2162 1056 eodem

1281 1067 1391 1107 statuto
1404 1093 1415 1111 ,
1439 1070 1518 1113 quad
1529 1081 1628 1106 omnes
1639 1068 1786 1113 &singuli
1799 1093 1810 1110 ‚
1837 1079 1902 1103 tam
1910 1070 2046 1115 persbnae
2065 1074 2164 1107 Eccle-
2180 1095 2184 1098 -

1277 1117 1418 1160 fiasticae,
1445 1131 1537 1162 quam
1551 1118 1760 1160 Parocbiales,
1786 1122 1820 1153 (9⁵
1842 1124 1937 1155 Cives
1962 1131 2053 1165 atque
2074 1126 2163 1156 Bur-

1257 1185 1259 1189 .
1279 1167 1385 1212 genses
1399 1194 1410 1210 ‚
1436 1171 1470 1203 <St
1485 1171 1620 1203 villicani
1636 1193 1647 1210 ,
1667 1170 1719 1213 seu
1731 1177 1903 1213 quicumque
1915 1173 1969 1204 alii
1978 1195 1988 1211 ,
2014 1172 2159 1207 babentes

1283 1217 1449 1261 hujusmodi
1461 1220 1617 1262 redditus,
1639 1220 1809 1262 posstffiones
1821 1245 1831 1259 ,
1858 1228 1991 1255 maneria
1999 1222 2051 1265 seu
2073 1222 2162 1266 quos-

1280 1279 1402 1310 cumque
1432 1269 1589 1304 P-ra'oratus.
1606 1293 1618 1310 ‚
1645 1275 1677 1303 in
1689 1270 1829 1303 manibus
1840 1272 1949 1304 talium
1962 1272 2162 1312 Feofflitorum

1276 1317 1335 1358 fine
1345 1320 1464 1352 licentia
1488 1322 1576 1362 Regis
1590 1320 1624 1353 ά
1636 1321 1744 1352 talium
1754 1322 1942 1360 Capitulium
1956 1324 2163 1362 Dominarum,
2198 1351 2204 1362 ,

1281 1370 1382 1410 quoad
1391 1377 1443 1402 aut
1456 1370 1605 1402 licentiam
1625 1370 1646 1400 ci
1666 1371 1744 1413 Rege
1758 1370 1791 1402 <tt
1803 1370 1996 1411 capitalibus
2022 1373 2164 1405 Dominio·

1282 1424 1491 1460 impetrarent,
1516 1425 1550 1451 in
1586 1430 1708 1451 manum
1734 1428 1881 1452 mortuam
1918 1422 2052 1463 redigere
2073 1445 2084 1462 ,
2112 1422 2166 1455 vel

1283 1470 1450 1502 venditioni
1470 1469 1547 1502 talia
1559 1477 1701 1509 exponere
1711 1489 1721 1506 ‚
1747 1470 1780 1501 Θ
1792 1467 1879 1510 suum
1891 1471 2071 1503 commodum
2087 1473 2161 1507 ind?

1274 1518 1379 1560 facere
1392 1517 1586 1560 citrafeslum
1594 1516 1694 1560 sandli
1708 1517 1864 1554 Michaelis
1871 1522 1969 1560 primo
1988 1518 2118 1562 sequens
2145 1544 2158 1560 ,

1280 1570 1331 1602 vel
1341 1569 1389 1604 illo
1404 1568 1481 1610 festo
1501 1568 1622 1609 peradio
1640 1571 1705 1603 Rex.
1720 1569 1754 1602 <tt
1768 1571 1925 1609 Capitale:
1950 1573 2069 1602 Domini
2081 1567 2161 1611 inste

1279 1630 1336 1651 non
1347 1619 1561 1660 praeordinatis
1573 1620 1606 1652 <tt
1621 1616 1765 1660 dispositis
1780 1623 1896 1653 intrare
1909 1642 1921 1660 ,
1947 1621 1982 1654 (at
2003 1622 2122 1664 Saeegire
2145 1641 2159 1659 v

1278 1671 1312 1703 Θ
1319 1667 1455 1711 adsuunt
1463 1670 1610 1710 placitum
1621 1668 1747 1702 obtinere
1759 1692 1766 1701 .

1328 1718 1425 1752 Plura
1454 1718 1507 1751 hic
1533 1718 1749 1754 involvuntur
1761 1744 1770 1751 .
1797 1717 1934 1760 Primo,
1958 1718 2049 1764 quod
2075 1731 2160 1765 qua·

1279 1768 1353 1803 dam
1368 1768 1515 1803 Ecclefiae
1528 1769 1672 1804 maneria
1686 1793 1697 1809 ,
1720 1768 1831 1814 glebas
1843 1794 1854 1811 ,
1880 1771 2018 1811 domos,
2044 1770 2162 1815 posses?

1278 1819 1379 1860 (iones
1392 1844 1402 1860 ,
1430 1829 1527 1853 terras
1539 1844 1551 1859 ,
1576 1819 1718 1853 redditus
1744 1844 1754 1860 ,
1781 1831 1819 1853 ac
1859 1820 1943 1855 alios
1981 1829 2162 1864 proventus
2199 1821 2202 1824 ’

1281 1870 1473 1912 possiderent
1487 1881 1540 1913 per
1551 1871 1578 1903 F
1580 1869 1752 1904 eoffatores
1763 1868 1881 1914 absque
1897 1870 2028 1906 licentia
2038 1870 2159 1915 „Regis-

1279 1920 1443 1955 Feoffator
1456 1922 1500 1954 est
1516 1931 1555 1953 ex
1569 1918 1714 1963 Anglico
1728 1918 1895 1954 barbarum
1906 1920 2119 1955 >vocabulum
2145 1943 2159 1960 ,

1252 2006 1255 2011 ,
1278 1981 1314 2004 ac
1329 1969 1434 2013 ipsum
1450 1969 1483 2003 in
1506 1970 1563 2003 suo
1584 1969 1747 2002 Gloffario
1785 1969 1925 2013 exponit
1960 1969 2161 2004 Guilielmus

1279 2020 1476 2053 Somnerus:
1505 2017 1828 2058 Feoffarenostratibus
1839 2019 1876 2058 est
1899 2019 2032 2062 feudum
2049 2020 2122 2053 aare
2145 2043 2158 2061 ,

1279 2074 1375 2103 autin
1388 2069 1516 2110 aliquem
1529 2067 1661 2108 conferre
1674 2092 1681 2099 .
1703 2071 1734 2112 J
1738 2079 1772 2101 us
1783 2070 1970 2111 praediorum
1983 2070 2136 2103 concedere
2145 2079 2175 2109 f

1277 2120 1460 2161 poffefflonem
1470 2119 1590 2151 tradere
1605 2142 1616 2158 ,
1640 2117 1942 2159 investire,donare.
1974 2123 2053 2153 Hinc
2064 2117 2152 2160 Fess-

1273 2169 1361 2209 fator
1376 2193 1383 2200 .
1410 2170 1462 2201 Ille
1470 2166 1598 2210 scilicet,
1625 2173 1676 2208 qui
1687 2169 1778 2200 alium
1789 2168 1884 2209 feudo
1905 2171 2018 2210 donat,
2040 2166 2090 2211 seu
2113 2173 2159 2202 in·

1280 2217 1363 2258 vessit
1376 2242 1385 2249 .
1412 2221 1444 2249 Is
1457 2226 1554 2250 autem
1565 2223 1615 2259 qui
1624 2215 1847 2257 ficinvestitur‚
1874 2220 2047 2258 appellatur
2069 2217 2160 2260 Peos,-

1272 2267 1384 2309 fatus.
1413 2267 1516 2312 Igitur
1527 2267 1566 2300 ad
1592 2264 1921 2300 circumscribendum
1960 2267 2104 2301 Eduardi
2129 2268 2158 2301 1.

1283 2317 1431 2351 Edietum
1444 2315 1590 2359 quaedam
1602 2316 1751 2351 Ecclefiae
1763 2315 1883 2350 fundos
1894 2324 1951 2350 aut
1962 2316 2026 2351 alia
2038 2317 2159 2350 immo-

1279 2367 1356 2401 bilia
1367 2368 1524 2401 tenebant
1538 2365 1809 2410 perintermedias
1831 2368 2002 2409 personas,
2028 2365 2157 2409 quibuss

1278 2429 1355 2451 cum
1379 2416 1539 2451 habebant
1552 2417 1705 2472 secretarii
1726 2416 1999 2461 intelligentiam.
2031 2417 2073 2450 Et
2099 2416 2157 2450 has

1279 2478 1358 2502 artes
1383 2466 1568 2501 Richardus
1592 2466 1633 2499 11.
1659 2464 2080 2501 circumduxit-Secundo
2105 2463 2160 2499 ha-

1282 2518 1418 2557 bemus,
1447 2516 1535 2560 quod
1550 2516 1693 2551 Eduardi
1718 2516 1868 2550 Edictum
1887 2527 1955 2550 non
1981 2518 2159 2550 solummo-

1278 2566 1321 2601 do
1336 2567 1456 2601 fundos
1468 2579 1505 2601 ac
1521 2567 1641 2600 domos
1654 2566 1964 2609 comprehenderet,
1994 2566 2047 2600 sed
2072 2558 2161 2602 insti·

1279 2628 1332 2660 per
1354 2618 1485 2651 census.
1513 2616 1618 2663 Qod
1644 2616 1759 2659 nempe
1779 2615 1813 2648 hi
1839 2615 1926 2659 apud
1949 2615 2082 2659 Anglos
2095 2615 2160 2649 fint

1279 2667 1365 2701 bona
1378 2665 1586 2701 immobilia.
1615 2665 1738 2700 Tertio
1760 2664 1939 2704 habemus,
1966 2664 2054 2708 quod
2080 2664 2162 2700 Edi·

1278 2718 1363 2751 stum
1377 2728 1444 2751 non
1464 2717 1635 2751 dumtaxat
1661 2715 1839 2756 Ecclefias,
1867 2714 2090 2754 Monasteria,
2117 2725 2155 2748 ac

1278 2769 1342 2808 alia
1367 2768 1418 2810 pia
1446 2767 1541 2807 ioca,
1573 2766 1768 2808 sedinsuper
1793 2764 1923 2807 quasvis
1944 2763 2040 2798 laicas
2058 2763 2158 2798 Com-

1278 2818 1452 2851 munitates
1471 2817 1583 2851 fecerit
1605 2815 1667 2849 esse
1703 2826 1819 2849 manus
1841 2823 1984 2848 mortuas
2007 2837 2016 2846 .
2055 2811 2158 2860 (ζυὸά

1279 2866 1430 2901 videlicet
1453 2864 1626 2906 etiambae
1641 2865 1865 2900 consueverint
1888 2865 1942 2899 sua
1978 2863 2065 2898 bona
2088 2874 2157 2898 non

1278 2919 1444 2956 alienare,
1482 2917 1622 2960 ideoque
1655 2915 1722 2958 ipsa
1761 2913 1949 2948 subtrahant
1984 2912 2158 2947 communi

1278 2967 1500 3002 commercio.
1527 2963 1630 3000 Porro
1645 2964 1725 3008 quid
1754 2965 1791 2998 fit
1818 2963 1995 3002 Casuaria,
2020 2963 2158 3006 exponit

1280 3018 1427 3061 praefatus
1440 3017 1659 3050 Guilielmus:
1686 3018 1835 3047 Cantaria
1862 3013 1899 3055 est
1911 3015 2014 3047 AEdes
2033 3011 2119 3055 sacra
2144 3037 2157 3053 ‚

1276 3069 1343 3100 ideo
1360 3067 1496 3107 instituta
1510 3068 1543 3100 Θ
1568 3067 1670 3099 dotata
1690 3065 1842 3107 praediis,
1879 3073 1913 3096 ut
1937 3063 2023 3105 Mi‘ffa
2045 3063 2158 3096 ibidem

1278 3127 1452 3151 cantaretur
1473 3126 1530 3158 pro
1543 3122 1644 3149 anima
1657 3118 1686 3147 F
1689 3116 1845 3148 undatoris
1870 3115 1904 3148 Φ
1920 3118 2158 3155 propinquorum

1277 3170 1342 3209 eius
1355 3192 1362 3199 .
1391 3168 1507 3201 Franci
1522 3166 1684 3210 appellant
1698 3164 1848 3207 Capellas
1860 3188 1868 3196 .
1887 3163 2073 3198 Richardus
2083 3163 2157 3197 Rex

1277 3229 1393 3250 omnes
1419 3217 1492 3251 istas
1514 3216 1646 3250 fraudes
1667 3213 1828 3253 abolevit:
1856 3214 1960 3247 vetuit
1983 3213 2023 3246 ab
2046 3213 2158 3249 Eccle-

1276 3267 1325 3300 fiis
1338 3291 1348 3306 ,
1375 3278 1412 3299 ac
1425 3266 1495 3299 aliis
1508 3267 1566 3308 piis
1579 3265 1660 3299 locis
1671 3287 1682 3304 ,
1710 3264 1882 3306 itemquea
1896 3263 1988 3298 laicis
2000 3264 2156 3299 Commu·

1278 3316 1436 3350 nitatibus
1471 3314 1549 3359 quid
1575 3313 1722 3358 poffideri
1748 3324 1801 3356 per
1823 3313 2032 3355 subornatam
2055 3312 2158 3355 perso-

1277 3377 1351 3400 nam
1367 3391 1374 3397 .
1403 3366 1562 3399 Attamen
1577 3363 1707 3407 possessa
1721 3364 1754 3397 &
1778 3364 1884 3397 taliter
1906 3363 2056 3407 acquifita
2070 3361 2157 3394 bona

1276 3428 1345 3451 non
1361 3415 1482 3459 redegit
1497 3416 1530 3448 in
1545 3414 1674 3447 Fuscum
1686 3436 1697 3452 ,
1723 3411 1775 3447 sed
1798 3414 1976 3458 unicuique
2000 3410 2158 3455 poffiden·

1275 3467 1316 3503 da
1329 3464 1470 3512 permitit
1483 3490 1495 3509 ,
1518 3463 1704 3500 dummodo
1714 3473 1823 3500 tamen
1845 3463 1981 3500 facultas
2005 3462 2157 3504 impetra<

2037 3518 2122 3551 retur
