2366 3736
383 256 548 301 Loquitur
566 252 608 294 de
628 252 733 290 tertiis
752 248 896 296 nuptiis,
921 249 1074 290 &aflerit
1096 253 1184 288 varia
1212 277 1219 287 .

334 307 472 349 Primo,
498 306 579 351 ipsas
616 307 678 340 effe
702 302 825 347 grande
850 313 1019 346 peccatum
1050 327 1057 338 .
1087 302 1220 350 Utpote

334 358 426 403 quod
440 368 509 394 non
521 357 588 391 sola
601 352 813 389 substratione
837 352 987 402 castigari
1000 351 1140 392 debeat,
1164 353 1219 387 sed

332 409 467 455 insuper
484 406 580 448 dejici
604 402 643 438 ad
663 401 884 450 Auditionem
910 428 922 444 ,
960 402 1100 446 ideoque
1123 403 1157 439 ὅ(
1179 402 1220 438 ad

332 457 487 498 Fletum.
514 452 780 489 Poenitentialem
817 453 1078 498 graviffimorum
1115 453 1221 487 crimi-

330 518 414 546 num
436 506 626 541 stationem..
653 501 805 540 Secundo
839 503 946 539 asserit
982 502 1064 537 tales
1089 503 1219 545 nuptias

330 568 400 591 non
413 557 474 590 esse
487 555 618 598 nuptias
629 577 643 596 a
666 553 720 587 sed
731 553 923 598 castigatam
946 553 1199 589 fornicationem
1214 576 1222 584 .

330 604 452 643 Tertio
464 605 569 640 afferit
582 602 666 638 hanc
676 603 740 640 effe
757 614 826 642 non
850 604 1022 647 positivam
1047 602 1220 647 Evangelii

329 654 460 700 legem,
488 654 542 689 sed
555 652 696 693 omnino
708 653 891 689 naturalem
904 677 911 686 .
940 653 992 686 Ex
1008 652 1069 687 hac
1092 653 1182 687 enim
1210 677 1221 694 ,

327 716 400 739 non
423 716 466 739 ex
487 704 545 739 ista
570 704 738 740 Dominus
759 703 822 739 fuit
846 703 975 740 locutus
985 702 1024 737 ad
1049 703 1219 739 Samarita-

327 764 407 789 nam
422 754 591 790 mulierem
604 778 611 790 .,
637 752 769 801 Qartei
780 755 886 789 asserit
900 753 989 789 hunc
999 753 1061 788 effe
1072 753 1218 787 constan·

327 814 397 839 tem
418 805 545 843 sensum
568 805 702 840 Parrum
726 812 826 847 atque
847 804 1049 838 Canonum.
1085 801 1219 850 Qintd

326 853 479 899 adjungit
493 853 672 891 istiusmodi
696 853 826 897 nuptias
836 853 907 896 post
932 853 1095 898 expletam
1110 853 1217 898 poeni-

326 905 466 939 tentiam
480 903 715 949 dispensatori&
725 903 874 939 tolerari.
903 903 951 938 At
963 903 1041 938 vero.
1063 904 1104 938 de
1126 914 1217 944 quar·

326 955 371 989 tis
382 954 503 998 nuptiis
517 952 773 998 loquiturlonge
795 952 932 989 durius:
960 956 1072 987 Patres
1097 954 1216 997 Polygn-

325 1011 419 1039 miam
424 1003 538 1046 silentio
544 1002 805 1047 praetermifhrunt
821 1028 833 1044 ,
857 1013 893 1037 ut
915 1002 1097 1043 belluinam,
1124 1004 1159 1038 (vt
1177 1002 1216 1037 ab

303 1058 312 1103 J
324 1061 404 1091 omni
415 1054 567 1088 hominum
574 1065 681 1097 genere
691 1055 821 1087 alienam
832 1078 839 1085 .
867 1053 968 1089 Nobis
988 1062 1089 1088 autem
1096 1063 1101 1074 ¹
1108 1060 1128 1096 p
1135 1051 1217 1085 roba-

323 1112 372 1141 tur
381 1097 449 1139 eam
473 1104 525 1148 esfir
549 1111 704 1145 peccatum
717 1105 818 1143 majus
838 1103 1060 1145 fornicatione.
1086 1105 1132 1135 Et
1151 1103 1215 1136 ideo

322 1154 548 1198 consentaneum
560 1154 601 1194 est
613 1178 624 1194 ‚
650 1156 719 1195 utji
745 1153 920 1190 canonibus
930 1150 1148 1197 subjiciantur·
1178 1155 1215 1185 Ut

320 1204 432 1249 scilicet
452 1203 607 1245 postquam
631 1214 712 1236 anno
733 1205 917 1244 Fleverint‚
942 1205 977 1238 ό·
1001 1202 1098 1234 tribus
1122 1205 1213 1233 annis

321 1253 468 1295 substrati
483 1252 627 1294 fuerint,
648 1252 689 1293 fic
704 1251 911 1297 suscipiantur
932 1274 939 1282 .
979 1249 1122 1286 Rursum
1151 1260 1212 1282 nos

321 1303 422 1337 docet
445 1301 555 1344 plura.
582 1301 696 1334 Primo
715 1324 727 1340 ,
765 1299 856 1342 quod
886 1300 1005 1336 Patres
1040 1297 1211 1335 adversum

323 1361 452 1397 quartas
465 1350 591 1392 nuptias
613 1349 740 1383 nullutn
761 1347 926 1385 ediderint
948 1349 1144 1389 Canonern,
1171 1348 1212 1383 οὸ

321 1402 413 1447 quod
426 1399 610 1436 censuerint
625 1399 686 1432 effe
701 1398 885 1439 belluinas‚
909 1410 949 1433 ac
968 1398 1009 1432 ab
1035 1399 1130 1435 omni
1155 1396 1210 1432 hu-

317 1463 424 1486 mano
434 1460 552 1495 genere
565 1449 694 1491 penitus
706 1446 852 1488 alienas,
879 1449 1028 1491 adeoque
1040 1448 1148 1492 palam
1161 1448 1212 1483 ad-

322 1504 429 1535 versas
440 1497 646 1545 generalibus
660 1509 780 1536 naturae
790 1497 939 1543 legibust
965 1499 999 1536 ὅ(
1011 1508 1081 1542 quae
1096 1499 1211 1542 proin·-

323 1550 363 1586 δὲ
374 1551 392 1585 a
404 1549 558 1587 fidelibus
576 1548 716 1593 cogitari
731 1559 799 1583 non
811 1551 937 1593 possent
951 1572 963 1590 2
989 1547 1091 1593 longe
1103 1547 1214 1585 minus.

322 1598 497 1640 attentari.
523 1597 676 1633 Secundo
698 1598 778 1632 dicit
803 1598 886 1642 ipsas
900 1600 963 1634 effe
982 1610 1050 1635 non
1072 1599 1208 1643 eastiga—

323 1660 393 1686 tam
413 1660 469 1686 aut
490 1646 711 1693 castigabilem
733 1648 992 1685 fornicationem
1005 1672 1018 1689 ‚
1042 1648 1097 1684 sed
1118 1648 1211 1683 omni

322 1700 543 1737 fornicatione
560 1698 698 1742 majores
710 1723 719 1733 .
747 1698 791 1732 Et
829 1698 884 1733 hic
921 1698 967 1733 est
986 1707 1158 1742 perpetuus
1177 1698 1211 1735 &

323 1751 476 1786 constans
491 1749 602 1784 sensus,
615 1748 717 1783 totius
731 1747 912 1785 orientalis
923 1748 1072 1784 Ecclesiae
1085 1773 1093 1780 .
1119 1747 1211 1785 Hinc

323 1802 357 1840 ἀ,
371 1800 515 1837 Romani
536 1798 724 1833 Clementis
746 1797 971 1841 Apostolum,
996 1798 1208 1833 continentes

323 1852 497 1895 antiquam
514 1848 606 1882 istius
619 1847 767 1881 Ecclefiae
778 1847 985 1891 disciplinam
1006 1871 1017 1888 ,
1043 1847 1210 1883 Constitu-

274 1921 285 1933 .
324 1902 432 1938 tiones
447 1898 564 1934 diserte
574 1898 742 1935 scribunt:
769 1900 903 1933 Tertium
928 1899 1094 1941 conjugium
1117 1897 1211 1938 osten·-

274 1971 285 1984 ι
324 1953 372 1988 dit
395 1954 636 1991 intemperantiae
643 1948 793 1989 judicium
804 1972 815 1988 ‚
843 1956 987 1990 quartum
999 1950 1070 1983 verti
1084 1948 1117 1981 (9
1129 1948 1211 1982 dein·

323 2010 392 2044 ceps
411 2000 451 2040 est
470 2000 565 2042 plan?
578 1998 666 2031 libido
688 2020 699 2037 ‚
731 1998 766 2034 (9·
787 1996 946 2038 manifesta
983 1998 1176 2039 impudicitia
1202 2022 1211 2031 ,

321 2055 407 2086 Deus
419 2055 499 2084 enim
510 2059 603 2083 unam
614 2057 735 2081 uxorem
757 2048 842 2078 dedit
864 2053 954 2082 viro,
978 2057 1042 2076 cum
1058 2050 1175 2077 creavit
1199 2065 1211 2080 ‚

320 2101 472 2135 &dixin
497 2105 586 2130 erunt
599 2096 657 2130 duo
668 2092 700 2127 in
710 2102 890 2126 carneuna.
929 2092 1100 2126 Dominus
1122 2091 1211 2124 Deus

320 2148 397 2183 istic
410 2147 577 2189 positivam
590 2156 659 2177 non
670 2142 760 2177 dedit
771 2142 876 2182 legem
888 2162 899 2178 ,
929 2139 983 2172 sed
993 2138 1096 2172 edixit
1122 2150 1212 2174 natu·

323 2196 425 2233 salem
437 2219 448 2234 ,
474 2193 617 2233 adeoque
629 2189 760 2224 istarum
774 2188 1062 2223 Constitutionum
1076 2188 1210 2223 Author

325 2246 588 2289 censuitquartas
599 2240 729 2283 nuptias
740 2237 816 2271 huic
835 2238 1011 2272 adversari.
1041 2239 1122 2274 Haec
1145 2249 1209 2272 om-

326 2298 384 2332 nia
394 2295 495 2329 etiam
518 2290 782 2325 docentsanetus
805 2287 1058 2333 Athenagoras,
1087 2290 1212 2324 sanetus

328 2347 488 2381 Clemens
513 2339 756 2376 Alexandrinus
778 2361 789 2378 ,
815 2339 941 2372 sandius
967 2337 1171 2381 Epiphanius
1199 2362 1209 2378 ‚

327 2398 452 2432 sanctus
470 2393 612 2437 Ioannes
634 2388 885 2434 Chrysostomus
899 2413 913 2431 a
937 2400 974 2423 ae
998 2388 1055 2424 alii
1078 2387 1208 2424 Graeco-

329 2456 401 2484 rum
425 2444 537 2479 Patres
549 2467 558 2477 2

383 2495 427 2528 Et
451 2493 529 2526 hine
541 2490 714 2532 antiquas,
739 2500 776 2523 ac
790 2499 845 2532 per
867 2488 1097 2532 Imperatorem
1122 2487 1212 2531 Justi-

331 2544 468 2580 niarium
480 2542 648 2585 probatas,
675 2535 851 2584 gentilium
866 2538 1095 2573 Romanorum
1121 2539 1212 2574 Prin·

331 2596 442 2639 cipum
456 2593 562 2636 leges‚
588 2600 658 2634 quae
668 2599 794 2633 quartas
816 2588 1021 2623 indulserunt
1044 2590 1176 2632 nuptias
1202 2613 1212 2628 ,

333 2656 403 2680 non
416 2643 586 2678 dumtaxat
599 2639 839 2678 circumduxit,
867 2639 918 2673 sed
940 2639 1071 2681 insuper
1093 2649 1129 2673 ut
1141 2650 1214 2682 pra:-

334 2693 540 2730 varicatrices
558 2688 725 2723 damnavit
748 2689 923 2730 Imperator
946 2689 1081 2724 Basilius
1103 2689 1212 2722 Mace·

335 2745 381 2780 do
395 2756 403 2776 ς
424 2747 509 2788 Jam
520 2741 586 2772 olim
597 2741 616 2771 ἃ
631 2736 738 2782 Priscis
749 2736 861 2780 scripta
883 2738 932 2771 lex
943 2738 979 2777 est
992 2762 1002 2778 ,
1027 2739 1183 2781 eademque
1195 2740 1214 2771 ἆ

335 2795 454 2840 pnffimo
468 2789 643 2840 Justiniano
663 2787 858 2830 confirmata,
879 2796 935 2829 per
956 2799 1048 2831 quam
1059 2788 1148 2830 usque
1173 2790 1217 2822 ad

337 2852 466 2890 quartas
479 2848 573 2875 ettam
583 2842 777 2879 nupturus,
802 2841 854 2880 qui
867 2838 994 2878 volunt,
1020 2844 1212 2873 matrimonia

337 2899 556 2939 permittuntur
570 2914 577 2923 .
604 2889 741 2930 Fortaffls
763 2887 815 2920 hoe
836 2886 1026 2930 respiciente,
1062 2890 1146 2932 quod
1164 2887 1215 2931 usu

340 2948 446 2979 venire
452 2938 596 2984 plerisque
601 2937 692 2982 soleat
703 2962 715 2978 ‚
742 2948 775 2971 ut
785 2940 842 2970 cito
854 2943 1037 2971 matrimonii
1061 2936 1215 2980 consortem

341 2999 486 3028 amittant
498 3014 505 3021 .
531 2991 585 3025 Vel
596 2997 629 3023 ut
634 2987 797 3028 juvenibus
809 2987 860 3023 boc
874 2989 993 3020 accidat
1005 3011 1017 3027 ‚v
1040 2992 1093 3029 qui
1101 2996 1216 3021 naturae

343 3040 554 3085 cupiditatibus
566 3037 687 3079 obfistere
699 3046 845 3079 nequeunt
856 3063 866 3078 ,
892 3039 1009 3079 ideoque
1021 3037 1087 3079 ipsis
1109 3045 1215 3071 contin-

339 3103 409 3139 gere
418 3115 429 3131 ‚
454 3098 486 3123 ut
499 3091 518 3120 ἃ
531 3088 614 3128 castis
627 3088 743 3129 quidem
756 3093 866 3128 nuptiis
879 3088 1071 3121 diversantur
1083 3112 1094 3128 ,
1105 3089 1218 3129 adpro-

344 3142 452 3176 bibitos
465 3147 562 3172 autem
582 3137 743 3172 concubitus
760 3136 819 3180 sese
840 3137 995 3179 conferant
1009 3162 1016 3169 .
1052 3138 1212 3179 oportebat

343 3194 415 3232 vero
427 3201 477 3223 nos
489 3198 597 3231 quoque
607 3211 618 3227 ,
644 3188 726 3221 velut
737 3185 864 3231 eiusdem
873 3197 936 3220 tam
958 3196 1076 3226 naturae
1089 3211 1100 3227 ‚
1126 3199 1215 3229 quam

345 3240 555 3277 imbecillitatis
568 3235 726 3278 consortes,
750 3235 858 3279 priscis
869 3238 978 3280 legibus
990 3243 1022 3269 in
1034 3236 1084 3271 hoc
1093 3239 1215 3278 adquie-

342 3291 422 3339 scere
436 3315 443 3322 .
467 3289 525 3324 sed
544 3289 564 3319 ἃ
585 3286 643 3330 lege
656 3289 774 3320 Divina
786 3298 836 3318 nos
850 3288 1015 3328 praepediri
1037 3292 1181 3322 cernimus
1206 3313 1213 3320 .

350 3346 510 3382 Propterea
525 3339 674 3372 Sereniras
685 3335 778 3376 nostra
783 3334 888 3378 solutis
899 3342 1063 3371 amantium
1073 3338 1215 3379 cupidita.

352 3393 427 3423 tibus
432 3389 564 3431 fraenum
575 3388 693 3426 injicere
713 3386 812 3421 volens
829 3410 839 3425 ‚
865 3384 953 3428 usque
967 3389 1041 3420 adeo
1054 3398 1214 3430 quenquam

354 3439 399 3472 ad
407 3447 542 3479 quartum
552 3436 769 3469 matrimonium
787 3438 927 3479 progredi
949 3446 1051 3477 vetat,
1076 3445 1108 3470 ut
1126 3443 1214 3470 etiam

355 3493 473 3526 tertium
492 3484 696 3532 contrahentes
713 3484 825 3531 ableget
839 3486 1093 3530 adEcclefiastit-os
1114 3491 1217 3528 Canos

968 163 1607 214 D1ss1z1t‘rarto

1286 262 1356 286 nes.
1382 253 1505 297 Ideoque
1516 260 1549 287 ut
1558 251 1736 294 eadrmjura
1743 253 1904 296 procedant
1911 257 1944 292 in
1955 262 2043 293 tertio
2051 269 2162 302 quoque

1274 304 1438 347 ‘=eonJugio‚
1463 315 1533 346 quae
1556 305 1591 338 ό*
1607 308 1639 337 in
1659 314 1788 345 quarto,
1822 306 2008 349 maniftstum
2031 309 2165 344 omnebus

1285 352 1338 392 esto
1338 352 1481 394 futurum
1497 377 1509 394 ‚
1534 363 1568 387 ut
1576 353 1603 392 fi
1611 359 1680 399 quis
1690 353 1781 397 ausus
1798 354 1896 396 fuerit
1906 360 1950 392 αἱ
1966 369 2090 402 quartas
2111 371 2165 394 nu·

1280 410 1389 444 ptius,
1416 414 1473 436 non
1485 402 1626 447 nuptias,
1653 406 1806 446 accedere,
1834 403 1986 448 nonsoliim
1994 418 2051 452 pro
2072 410 2162 443 nullis

1283 452 1450 489 habeantur
1461 454 1509 490 bae
1531 459 1670 495 nupttae,
1695 465 1747 489 nec
1767 454 1872 489 Liberi
1892 467 1928 489 en
1952 463 1996 492 eis
2017 465 2164 500 procreati

1278 510 1334 546 pro
1345 504 1483 548 legitimis
1494 501 1710 548 agnoscantur3
1734 505 1944 539 verumetiam
1955 515 1988 539 ut
2010 506 2083 548 ipsae
2105 517 2167 551 ρω-

1282 558 1330 585 nis
1349 555 1526 595 pollutorum
1553 551 1742 597 scortationis
1773 553 1912 597 sordibus
1946 554 2127 597 subjiciatur
2156 582 2168 599 ‚

1281 600 1422 645 ejusmodi
1433 605 1572 639 videlicet
1589 602 1723 647 personis
1745 605 1766 636 ἃ
1781 602 1818 646 se
1837 610 1965 639 invicem
1974 605 2130 650 separatis
2156 631 2164 641 ,

1283 653 1501 689 Manifefle&
1523 654 1710 689 constanter
1731 655 1871 690 affirmat
1890 654 1948 690 has
1968 657 2096 699 nuptias
2115 656 2169 691 ad-

1282 704 1396 740 versari
1412 702 1619 749 Evangelicis
1633 729 1644 746 ,
1669 704 1858 749 adeoque&
1869 705 2070 741 naturalibus
2081 705 2162 751 legi·

1281 752 1359 789 bus.
1387 754 1519 790 Etenim
1556 754 1800 799 Evangelium,
1828 765 1938 798 praeter
1975 756 2163 799 paucissima

1281 803 1509 845 Sacramenta,
1534 804 1642 838 nullas
1662 804 1756 838 nobis
1777 806 1885 848 posuit
1909 806 1995 851 leges
2022 832 2030 840 .
2058 806 2167 840 Basilii

1282 853 1433 888 Edictum
1447 853 1550 890 exstat
1560 854 1594 889 in
1607 854 1677 898 jure
1689 855 1807 891 Graeco
1818 873 1827 880 -
1843 855 2001 891 Romano
2012 880 2019 887 .
2048 855 2167 899 Neque

1281 903 1344 946 ipse
1358 904 1479 950 primus
1491 914 1548 939 aut
1568 905 1655 939 solus
1676 905 1789 939 invasit
1811 904 1905 939 istam
1931 905 2105 950 Justiniani
2123 905 2168 939 le-

1278 963 1353 996 gem
1365 977 1373 986 .
1400 952 1536 988 Etenim
1549 955 1672 988 sandius
1684 954 1815 998 Martyr
1836 954 2062 999 Theophanes
2081 955 2167 988 inter

1278 1003 1340 1036 alia
1364 1003 1571 1047 Imperatoris
1591 1004 1805 1039 Constantini
1827 1004 1996 1040 Caballini
2029 1004 2167 1039 crimina

1278 1052 1371 1095 ponit
1380 1055 1491 1089 tertias
1503 1054 1632 1098 nuptias
1644 1079 1652 1087 .
1682 1054 1775 1090 Hinc
1785 1055 1936 1091 videmus
1949 1055 2034 1091 hanc
2057 1055 2167 1103 legem

1256 1105 1258 1107 ’
1277 1103 1443 1141 Orientali
1464 1104 1610 1141 Ecclefiae
1621 1106 1743 1148 semper
1754 1105 1969 1149 displicuisse,

1325 1152 1434 1188 Basilii
1456 1154 1543 1190 filius
1561 1165 1598 1189 ac
1618 1155 1654 1189 in
1677 1155 1819 1199 Imperio
1840 1155 2007 1191 Succeffor
2018 1156 2091 1191 Leo
2113 1155 2167 1190 Sa-

1277 1201 1366 1244 piens
1390 1204 1460 1245 post
1483 1213 1546 1238 tres
1568 1204 1633 1239 fine
1652 1205 1744 1248 prole
1764 1207 1894 1249 nuptias
1914 1206 2012 1241 inivit
2032 1214 2167 1249 quartas

1275 1261 1351 1284 cum
1380 1251 1476 1293 Zoe,
1501 1253 1535 1287 δε
1554 1265 1599 1288 ex
1620 1255 1688 1298 ipsa
1711 1256 1851 1300 suscepit
1887 1257 2009 1290 filium.
2037 1253 2166 1289 Verum

1274 1311 1350 1336 cum
1361 1301 1522 1335 omnisua
1539 1303 1680 1348 synodo
1702 1304 1890 1340 Patriarcha
1914 1305 2077 1341 Nicolaus
2101 1303 2166 1339 fuit

1275 1347 1360 1383 adeo
1373 1349 1586 1393 indignatus,
1613 1362 1650 1387 ut
1672 1363 1808 1397 puerum
1831 1356 1972 1388 solemni
1995 1354 2168 1396 Baptismo

1276 1399 1475 1443 privaverit,
1501 1398 1690 1442 Principem
1713 1402 1937 1437 Ecclefiaffica
1956 1403 2169 1437 communio·

1277 1459 1316 1482 ne
1332 1472 1339 1480 .
1365 1449 1460 1484 Hinc
1486 1448 1544 1483 ille
1570 1450 1762 1492 provocavit
1789 1449 1830 1483 ad
1853 1449 2004 1494 Sergium
2025 1451 2162 1487 tertium

1276 1498 1501 1540 Pontificem,
1528 1498 1712 1542 supplicans
1723 1499 1986 1544 mittiLegatos,
2013 1499 2170 1537 discussu-

1275 1559 1329 1582 ros
1352 1550 1501 1589 causam,
1526 1549 1558 1582 δε
1585 1548 1858 1592 impedimentum
1894 1547 2132 1593 dispensaturos
2158 1572 2169 1584 .

1275 1597 1400 1633 Latinae
1421 1598 1600 1641 disciplinae
1623 1599 1745 1642 peritus
1782 1599 1854 1634 Leo
1874 1624 1885 1640 ,
1912 1600 2020 1634 voluit
2058 1599 2169 1644 legem

1275 1647 1369 1683 istam
1402 1649 1465 1683 esse
1502 1647 1676 1685 dumtaxat
1713 1645 1920 1683 Orientalem
1947 1649 2125 1690 Canonem
2151 1672 2165 1690 ‚

1275 1698 1416 1742 ideoque
1426 1698 1694 1744 dispensabilem.
1722 1698 1836 1734 Photii
1848 1698 1985 1734 schisma
1999 1699 2055 1733 ille
2076 1699 2169 1742 peni·

1274 1748 1325 1785 tus
1336 1749 1543 1788 extinxerat,
1568 1750 1601 1784 &
1623 1749 1811 1783 sceleratum
1835 1748 2008 1784 hominem
2029 1749 2179 1801 incluso,

1275 1808 1324 1833 rat
1334 1808 1490 1842 perpetuo
1502 1798 1619 1833 carceri
1633 1812 1644 1835 ε
1671 1798 1751 1834 hinc
1773 1798 1897 1833 offendi
1911 1810 1979 1834 non
1992 1808 2122 1842 poterat
2146 1823 2160 1840 ,

1276 1859 1317 1882 ne
1339 1848 1447 1883 forsan
1469 1847 1607 1883 schisma
1629 1849 1837 1895 revivisceret
1851 1874 1859 1882 .
1885 1848 1998 1894 Qare
2020 1848 2048 1882 L
2067 1857 2167 1893 gatos

1274 1898 1360 1932 misit
1373 1897 1565 1941 Apostolica
1579 1899 1676 1934 Sedes
1688 1924 1700 1940 ,
1725 1900 1758 1935 δε
1772 1899 1904 1943 nuptias
1926 1897 2040 1944 dirpen
2057 1898 2127 1933 avit
2154 1920 2165 1933 .
2187 1908 2193 1915 '

1276 1948 1320 1983 Et
1332 1948 1522 1984 constanter
1541 1949 1713 1985 nolentem
1738 1960 1846 1993 parere
1866 1948 2050 1985 Nicolaum
2071 1947 2165 1983 Prin·

1274 2008 1350 2042 ceps
1364 1998 1459 2042 ejecit
1471 1997 1639 2034 Cathedra
1652 2023 1667 2039 2
1691 2011 1729 2034 ac
1741 2000 1826 2035 misit
1838 1999 1874 2033 in
1895 1999 2034 2033 exilium
2048 2022 2060 2038 ‚
2083 1997 2167 2040 ejus·

1274 2048 1384 2085 quein
1399 2048 1511 2075 locum
1533 2048 1664 2075 niffeeit
1682 2048 1913 2085 ‘Euthymium
1932 2047 2129 2089 syncellum
2155 2068 2166 2081 ι

1275 2090 1398 2126 Verum
1411 2090 1600 2131 deportatus
1618 2090 1804 2127 Patriarcha
1819 2105 1879 2135 pro
1903 2095 1962 2129 suo
1972 2107 2011 2129 ac
2033 2095 2094 2130 suae
2105 2095 2167 2137 Sy-

1277 2138 1355 2172 nodi
1366 2136 1490 2181 judicio
1501 2147 1652 2183 potenter
1660 2139 1830 2176 intercessit
1842 2155 1851 2175 =
1877 2143 2006 2186 Atfat‘lo
2013 2142 2166 2188 dispensa-

1274 2194 1362 2224 tionis
1375 2199 1477 2221 nomen
1489 2212 1499 2228 ‚
1525 2196 1561 2221 ut
1582 2190 1693 2228 audio,
1715 2192 1922 2230 praetenditar
1934 2214 1943 2223 .
1980 2193 2079 2234 ‚Quasi
2091 2196 2167 2230 ver&

1272 2249 1327 2281 per
1341 2239 1433 2271 ullam
1446 2235 1691 2281 dispensationem
1702 2241 1793 2272 liceat
1798 2238 1870 2282 fidei
1881 2240 2063 2283 dignitatem
2074 2265 2086 2282 ‚
2104 2245 2166 2276 Ee·

1275 2288 1363 2330 clcfiae
1387 2286 1575 2331 disciplinam
1589 2293 1782 2327 imminuere,
1808 2288 1995 2333 effrarJisque
2005 2295 2164 2326 canonum

1276 2340 1424 2383 repagulis
1444 2337 1680 2380 fornicationem
1705 2339 1890 2375 introducere
1913 2345 1944 2372 in
1956 2340 2086 2375 Sanc‘la.
2117 2341 2164 2378 Et

1277 2389 1426 2423 adfirmat
1438 2386 1504 2422 haec
1515 2399 1556 2422 ex
1568 2388 1708 2423 laudatis
1718 2390 1832 2433 magni
1846 2390 1956 2425 Basilii
1969 2402 2006 2425 ac
2020 2391 2165 2427 Nazian-

1276 2439 1350 2474 zeni
1361 2439 1513 2482 Gregorii
1528 2438 1747 2473 testimoniis:
1774 2442 1837 2472 Cur
1847 2451 1918 2481 eos,
1945 2447 1996 2484 qui
2017 2439 2163 2484 hujusme-

1276 2490 1309 2523 di
1319 2490 1412 2530 culpae
1419 2486 1614 2531 succubuere,
1635 2487 1716 2531 sacti
1735 2492 1874 2526 Canones
1897 2490 1935 2524 ab
1964 2489 2091 2532 Ecclefiae
2110 2493 2166 2533 eji-

1276 2539 1379 2573 ciunt?
1404 2542 1468 2572 Cur
1483 2539 1628 2573 brutalem
1639 2539 1716 2572 banc
1726 2540 1877 2574 luxuriam
1890 2565 1900 2581 ,
1928 2542 1962 2575 6·
1972 2540 2117 2575 humanos
2122 2540 2167 2583 fi.-

1277 2601 1329 2624 nes
1360 2587 1571 2633 fiepergreffam
1610 2598 1718 2625 vocant
1737 2590 1755 2623 ἓ
1791 2591 1990 2625 Constantes
2023 2590 2162 2635 persistit
2192 2624 2195 2627 .

1277 2648 1405 2685 quartas
1430 2640 1561 2686 nuptias
1588 2651 1766 2685 repugnare
1785 2639 1887 2680 fidei,
1913 2641 1975 2676 esse
1995 2641 2164 2677 bestialem

1278 2690 1533 2725 fornicationem
1546 2714 1557 2730 ‚
1583 2690 1723 2732 ideoque
1737 2690 1827 2724 nulla
1839 2688 2082 2732 dispensatione
2093 2691 2164 2734 pos-

1279 2741 1308 2775 se
1318 2739 1417 2774 levari
1431 2740 1463 2773 in
1475 2739 1618 2775 validum
1631 2740 1844 2784 conjugium.
1873 2739 1917 2774 Et
1931 2739 2057 2775 Latinae
2067 2762 2079 2779 ,
2089 2751 2160 2783 quae

1277 2791 1376 2824 etiam
1403 2790 1535 2832 quintas
1561 2801 1598 2824 ac
1625 2791 1791 2824 ulteriores
1815 2789 1975 2833 permittit
1995 2790 2126 2833 nuptias
2149 2814 2162 2832 ‚

1277 2839 1507 2875 consuetudini
1532 2840 1672 2884 opponit
1691 2839 1859 2875 laudatum
1891 2839 2160 2883 Apostolicarum

1278 2888 1567 2924 Constitutionum
1589 2889 1835 2929 testimonium,
1861 2890 2026 2924 affirmans
2062 2891 2163 2935 triga-

1279 2939 1379 2975 miam
1401 2939 1465 2973 effe
1488 2939 1744 2983 intemperantiae
1766 2938 1925 2976 indicium
1953 2964 1964 2980 ,
1990 2939 2162 2985 quadriga-

1278 2990 1378 3025 miam
1390 2989 1452 3023 esse
1463 3000 1605 3033 apertam
1617 2988 1871 3024 fornicationem
1883 3014 1892 3024 .
1920 2990 1962 3025 Et
1985 2989 2042 3023 hic
2052 2989 2160 3024 omni-

1279 3037 1323 3075 no.
1335 3040 1379 3074 est
1394 3040 1500 3073 avitus
1512 3040 1617 3074 sensus
1629 3039 1810 3074 Orientalis
1821 3039 1970 3074 Ecclefiae
1982 3063 1991 3074 .
2016 3039 2112 3074 Hinc
2123 3039 2160 3073 in

1278 3090 1392 3124 mortis
1403 3090 1486 3125 leffo
1508 3089 1549 3123 ad
1572 3099 1716 3123 mentem
1737 3089 1881 3123 reduetus
1902 3089 2079 3132 Imperator
2088 3090 2160 3126 Leo

1278 3140 1355 3174 fecit
1368 3164 1380 3180 ,
1406 3138 1496 3183 quod
1515 3139 1602 3174 idem
1615 3138 1801 3174 Patriarcha
1813 3139 1932 3182 scripsit
1943 3140 1983 3174 ad
1995 3140 2158 3185 Ioannem

1277 3190 1440 3224 decimum
1455 3189 1676 3223 Pontificem:
1703 3193 1764 3222 Leo
1784 3193 1970 3232 Imperator,
1997 3197 2157 3233 antequam

1277 3239 1344 3273 hinc
1354 3245 1495 3283 migraret
1509 3263 1519 3278 ,
1550 3245 1675 3282 agnovit
1693 3239 1827 3276 flebiliter
1835 3238 2054 3283 erroremsuum
2066 3264 2077 3280 ,
2104 3249 2157 3273 ve-

1276 3290 1443 3332 mamque&
1468 3293 1528 3322 Deo
1541 3294 1657 3332 petiit,
1683 3294 1817 3323 meinter
1832 3297 1949 3331 primos
1973 3289 2119 3322 hortatore
2142 3313 2156 3330 ‚

1276 3350 1309 3373 ae
1329 3341 1512 3381 deprecatore
1524 3364 1531 3371 .
1558 3341 1689 3373 Aderam
1701 3344 1778 3372 enim
1790 3339 1946 3382 runeforte=
1957 3339 1995 3374 ab
2012 3338 2100 3371 exilio
2110 3349 2156 3374 re·

1275 3388 1378 3433 versus
1392 3413 1403 3429 ,
1428 3389 1466 3421 ab
1474 3400 1560 3433 eoque
1585 3388 1717 3430 Ecclefiae
1737 3389 1949 3432 gubernationi
1969 3386 2117 3426 restitutus
2143 3412 2154 3421 .

1277 3439 1328 3473 Ex
1337 3450 1404 3482 quo
1417 3438 1502 3473 lucet
1515 3463 1526 3479 ‚
1551 3438 1638 3482 quod
1652 3449 1720 3472 non
1732 3441 1898 3475 Successor
1913 3436 2055 3475 aestater
2076 3436 2158 3470 Ale-

1275 3489 1396 3527 xander
1404 3512 1416 3533 2
1444 3487 1497 3524 sed
1509 3490 1576 3537 ipse
1587 3490 1657 3527 Leo
1669 3489 1848 3527 Nicolaum
1858 3486 2029 3527 restituerit
2039 3510 2047 3518 .
2067 3485 2156 3573 ‘file-

2001 3546 2064 3573 xan
2088 3546 2124 3573 er
