2366 3736
8 921 10 923 *
58 904 143 940 aio.

622 181 688 218 ΜΞ
725 171 1166 217 C‘oNTRt-rroue
1202 182 1269 213 ET
1299 170 1704 218 Attin-nonc-

231 257 343 295 leenfis
355 252 565 302 Episcopus,
591 258 625 291 δε
647 258 759 290 sanssae
781 254 938 289 Romanae
962 253 1111 287 Ecclefiae

232 308 417 344 Cardiualis
431 322 438 342 z
467 314 528 343 Hoc
538 307 735 350 estproprmm
747 305 918 349 Angelorum
930 305 964 341 (ς
976 308 1110 345 Compre-

230 355 384 401 henfirrum
395 366 427 392 in
436 366 546 401 patria
558 382 565 390 .
592 356 744 392 sufficere
755 353 871 389 adserit
885 354 1022 398 supremi
1036 354 1110 397 justi

229 414 286 441 aut
311 407 388 443 boni
414 411 623 446 dilectionem
642 406 813 442 virtualem
834 429 845 446 ,
873 414 943 449 quae
974 405 1054 449 quid
1075 405 1112 438 sit

230 460 357 502 exponi
379 472 448 496 non
470 458 563 502 poffit
586 467 653 491 uno
677 456 800 495 verbo,
829 466 890 488 nec
903 454 946 488 est
959 453 1055 498 hujus
1070 454 1112 489 lo-

233 510 263 543 ci
279 534 285 541 .
309 510 498 553 Expreffatn
513 517 624 540 tamen
638 507 702 540 Dei
716 506 924 540 dilectionem
936 506 1051 549 requisi
1063 505 1112 538 ad-

233 559 329 593 firmo
340 559 380 593 ad
394 556 641 592 Contritionem
655 581 661 588 .
690 556 879 599 Requiritur
889 555 979 588 enirn
992 556 1115 599 expres-

59 605 116 644 Λᾶ
129 605 217 639 Con·
235 612 266 644 sa
289 608 461 652 profeffio,
487 618 550 650 qua
575 605 842 641 catechumenus
860 605 987 639 credere
999 606 1028 639 se
1039 616 1114 639 con-

60 656 200 690 tritione
236 660 368 693 testetur
387 658 420 691 in
437 658 543 690 Deum
556 656 685 691 Patrem
701 680 712 697 ,
725 657 833 690 Deum
844 655 968 693 Filium
983 657 1114 696 ,Deum

55 706 194 750 requiri·
235 708 390 752 Spiritum
411 707 588 751 Sanetum3
616 718 678 750 qua
700 705 843 750 expresse
862 706 1062 740 contestetur
1086 705 1116 738 se

59 764 114 790 tur
166 766 220 789 ex·
237 758 399 804 conjungi
427 757 584 798 Christo,
612 758 645 791 ὅ(
668 757 771 801 legem
795 755 861 798 ejus
879 755 911 788 in
927 766 1115 799 perpetuum

60 805 162 850 pressa
237 809 356 845 servare
379 821 389 851 ς
417 819 481 851 qua
503 817 669 851 tamquam
691 806 777 842 filius
799 804 954 850 prodigus
985 814 1115 839 reverta-

61 856 128 891 Dei
141 853 221 889 dile·
237 869 289 893 tur
309 857 358 893 ad·
371 858 500 893 Patrem
522 883 532 892 .
561 859 603 891 Et
625 856 703 890 hinc
722 855 836 890 diserte
858 855 902 889 ait
923 856 1117 890 sacrosancta

238 909 440 946 Tridentina
454 908 624 952 synodus:
652 909 747 942 Deum
770 906 891 950 diligere
904 911 1066 947 incipiunt.

290 958 416 993 Verum
443 969 542 1003 quare
564 956 654 992 addit
672 980 682 995 ,
709 959 866 998 Tanquam
890 962 984 989 omnis
995 955 1120 998 justitiae

60 1004 175 1043 Deum
187 1014 223 1038 ut
231 1010 378 1058 fontem?
399 1006 597 1050 Respondeo
619 1005 706 1050 quod
722 1007 799 1039 velit
811 1007 1019 1040 dilectionem
1030 1008 1120 1041 illam

59 1054 172 1088 omnis
239 1061 302 1094 effe
323 1059 500 1102 gratuitam
525 1057 558 1090 &
577 1057 717 1095 castam,
744 1058 785 1090 de
795 1058 903 1100 quain
919 1057 1119 1089 psalmorum

17 1112 20 1115 ‘
60 1103 191 1149 justitiae
239 1108 483 1143 commentario
506 1107 631 1142 sanetus
658 1106 865 1151 Augustinus
888 1119 899 1140 .-
929 1111 1009 1139 Deui
1032 1105 1121 1146 noster

60 1154 191 1189 fontem
239 1160 376 1196 laudetur
393 1160 550 1191 voluntate
565 1180 576 1197 ,
600 1166 718 1191 ametur
742 1157 891 1190 charitate
913 1181 920 1188 .
950 1160 1124 1190 Gratuitum

60 1202 200 1247 diligere
234 1208 273 1251 fit
296 1204 331 1243 ὀ·
351 1210 435 1251 quod
455 1217 598 1247 amatur,
625 1209 658 1240 &⁵
675 1208 756 1250 quod
779 1208 923 1240 laudatur
944 1233 951 1239 .
979 1208 1069 1250 ,Quid
1088 1205 1124 1244 est

63 1253 100 1288 ὅ(
122 1252 225 1295 ipsum
237 1260 429 1306 gratuitum?
455 1256 519 1300 lpse
536 1265 658 1299 propter
667 1257 717 1300 se,
747 1260 780 1291 (Ὺ
801 1270 858 1289 non
878 1265 999 1299 propter
1019 1258 1123 1290 aliud.

63 1301 202 1347 diligere
243 1311 363 1342 sienim
371 1310 478 1342 laudas
495 1311 589 1340 Deum
603 1331 612 1346 ,
637 1316 670 1339 ut
682 1309 732 1339 det
747 1307 806 1340 tibi
817 1309 935 1350 aliquid
943 1308 1027 1342 aliud
1038 1331 1047 1345 ‚
1054 1308 1125 1346 jam

67 1353 190 1398 gruis·
245 1369 302 1391 non
319 1365 418 1402 gratis
431 1371 517 1391 amas
537 1361 650 1391 Deum.
681 1356 896 1401 Erubesceres,
916 1357 977 1397 fite
989 1365 1125 1388 uxortua

15 1425 19 1430 ·
74 1401 229 1437 Camilli—‘³
241 1416 365 1453 propter
388 1410 519 1441 divitias
543 1406 681 1445 amaret,
703 1406 841 1447 &fhrti‚
861 1406 891 1448 fi
897 1407 952 1438 tihi
958 1414 1125 1447 paupertas

64 1451 101 1487 ἃ
122 1451 229 1494 ludfi’
244 1464 424 1502 contingeiet
437 1482 447 1496 ,
475 1459 511 1490 de
521 1458 665 1489 adulterio
675 1462 834 1498 cogitaret.
862 1457 938 1488 cum
959 1466 1027 1499 ergo
1051 1464 1079 1487 te
1104 1456 1124 1486 ἃ

65 1513 105 1536 ⁰²
153 1501 218 1535 Dei
244 1509 363 1553 conjuge
382 1514 483 1551 gram
506 1511 604 1539 amari
626 1507 704 1538 velis
721 1529 731 1543 ‚
757 1515 790 1537 tu
803 1508 898 1538 Deum
906 1514 1028 1547 propter
1040 1505 1128 1538 allud

68 1549 201 1584 dile-&10
244 1558 390 1591 amabis?
417 1558 514 1599 ,Quod
530 1559 687 1597 pra-mium
710 1563 880 1596 accepturus
905 1567 935 1588 es
962 1558 982 1587 ἃ
1005 1559 1084 1595 Deo,
1110 1565 1126 1586 o

66 1601 204 1644 exponi·
243 1608 363 1641 avare?
393 1611 464 1639 Non
487 1606 541 1639 tibi
565 1616 699 1644 terram,
722 1604 780 1647 sed
786 1604 911 1647 seipsum
920 1604 1047 1648 servat,
1074 1609 1126 1646 qui

45 1694 49 1696 Y
67 1659 137 1689 tur·
236 1657 314 1701 fecit
339 1658 442 1690 coelum
466 1658 500 1689 (ν
521 1665 653 1688 terram.
681 1656 769 1701 Qis
788 1655 915 1697 Judaeus
937 1679 947 1695 ,
974 1654 1046 1699 quis
1073 1655 1125 1687 Sa-

48 1702 49 1705 *
242 1708 444 1746 maritanus,
470 1707 542 1749 quis
566 1706 759 1738 Platonicus
777 1727 788 1742 ‚
814 1705 887 1748 quis
912 1702 1125 1738 Marcionista

240 1768 310 1791 non
336 1766 422 1790 amat
435 1757 568 1790 Deum?
598 1755 721 1789 Verum
733 1754 914 1796 dejudaico
925 1752 1125 1788 amoredicit

241 1806 370 1851 Regius
385 1805 546 1848 Propheta
562 1818 568 1837 :
583 1806 665 1839 Velut
673 1802 1030 1846 jamenrumfallursum
1043 1804 1128 1845 apud

241 1866 294 1897 te,
322 1859 356 1890 (9·
381 1868 431 1900 ego
455 1854 571 1898 semper
596 1865 709 1888 tecum.
740 1854 887 1895 Exponit
911 1854 943 1886 in
972 1853 1062 1887 libris
1085 1853 1124 1886 dc

240 1907 309 1943 Dei
329 1906 462 1940 civitate
487 1905 637 1939 laudatus
651 1904 879 1947 Augustinus.-
907 1904 989 1937 Velut
1005 1912 1093 1945 pecus
1115 1927 1124 1942 ,

243 1958 299 1989 seu
325 1954 509 1997 iumentum
522 1978 532 1993 ‚
558 1956 631 1987 dicit
644 1978 653 1992 ,
682 1961 781 1995 utique
794 1955 1025 1998 nonintelligens
1038 1977 1045 1984 .
1074 1955 1125 1983 Ea

58 953 148 991 psal,
169 964 223 1002 53.

244 2011 355 2048 quippe
373 2007 393 2038 ἃ
419 2014 448 2038 te
472 2004 633 2045 defiderare
651 2004 758 2042 debui,
784 2015 852 2044 quae
863 2003 937 2036 mibi
948 2007 1122 2043 cumimpiis

242 2066 303 2090 mn
321 2055 438 2098 possunt
453 2055 504 2096 effe·
525 2058 688 2087 communia
708 2077 715 2085 .
744 2056 856 2085 Tamen
877 2064 926 2096 ego
947 2052 1066 2095 semper
1084 2059 1122 2084 te-

243 2117 309 2140 cum
323 2129 334 2145 ,
359 2111 430 2147 quia
451 2109 543 2137 etiam
563 2108 595 2135 r‘n
620 2103 782 2136 carnalium
793 2113 890 2135 rerum
903 2102 1036 2144 defiderto
1049 2104 1124 2133 Deos

245 2157 354 2188 alienos
373 2166 431 2190 non
454 2152 593 2195 quaefivi.
624 2152 725 2186 Canis
753 2153 927 2185 dominum
950 2150 1033 2185 adeo
1053 2151 1123 2184 dili-

244 2206 317 2251 git,
344 2215 382 2239 ut
405 2203 462 2248 ipfi
486 2214 554 2236 non
579 2202 775 2236 solumadfit
791 2198 1124 2244 semper&adhaereat

244 2252 427 2290 fideliffime
450 2275 460 2290 ,
498 2251 550 2285 sed
581 2252 612 2284 ὅ(
640 2251 802 2285 invasores
828 2262 886 2295 pro
910 2252 981 2294 ipso
1004 2258 1125 2295 pugnet

245 2304 346 2347 usque
368 2304 408 2336 ad
434 2303 644 2346 sanguinem.
674 2301 805 2344 Nempe
825 2300 1125 2343 offamsibidiligit‚

245 2354 279 2388 δε
299 2353 318 2386 ὲ
338 2353 480 2387 domino
500 2353 624 2394 sperat,
652 2350 792 2394 ideoque
814 2351 906 2385 illum
922 2363 988 2385 non
1002 2349 1126 2394 diligit,

121 2401 232 2439 Etiam
250 2403 304 2438 sed
328 2404 464 2446 seipsum
478 2426 485 2433 .
513 2401 641 2434 Eodem
654 2402 755 2434 modo
767 2401 852 2435 idola
868 2402 972 2445 fugit,
995 2401 1029 2434 ὅτ,
1041 2399 1125 2443 apud

72 2453 139 2490 vita
151 2465 235 2487 aeter-
251 2453 393 2487 Domini
427 2452 527 2485 altare
555 2450 636 2484 fidus
666 2450 778 2484 mansit
801 2452 938 2484 carnalis
965 2450 1091 2494 Judaeus
1118 2462 1125 2482 :

76 2515 118 2537 na
132 2501 235 2546 potest
254 2503 308 2538 Ut
341 2513 437 2545 pecus
468 2502 513 2534 ob
546 2511 668 2534 terrena
689 2501 809 2544 gaudia
832 2502 864 2534 δι
888 2501 1091 2543 semetipsum
1118 2525 1127 2540 ,

75 2553 216 2586 carnali-
253 2564 320 2586 non
343 2563 376 2585 ut
392 2551 494 2584 homo
507 2549 648 2583 obbona
662 2551 832 2584 rationalia
844 2551 992 2593 &ipsum
1005 2552 1128 2589 Deum,

74 2614 120 2638 ter
131 2602 236 2646 diligi.
252 2614 348 2646 quem
372 2601 506 2643 proinde
526 2599 678 2633 tractabat
701 2611 767 2633 non
782 2600 829 2633 uti
842 2601 1021 2643 supremum
1037 2601 1127 2633 suum

76 2653 114 2690 L.
130 2663 157 2700 3.
173 2662 233 2698 c.9.
252 2652 438 2687 Dominum
451 2674 462 2690 ,
490 2649 542 2683 sed
564 2649 611 2682 uti
635 2649 803 2683 satellitem
821 2651 949 2684 suarum
973 2650 1129 2693 cupidita·

249 2712 340 2736 tum.
369 2701 498 2735 Eodem
521 2698 620 2733 modo
644 2699 735 2732 illum
762 2699 904 2744 diligunt
930 2699 1094 2734 Platonici
1118 2724 1128 2738 ,

246 2751 474 2789 Marcionitae,
501 2748 603 2783 imm&
622 2750 655 2784 ὅ(
679 2749 866 2784 Calvinistae
882 2775 893 2791 ‚
920 2748 1098 2785 Lutherani
1114 2773 1125 2788 ,

247 2803 294 2839 δε,
315 2802 424 2836 cuncti
450 2800 631 2845 generatim
660 2799 801 2835 haeretici
820 2825 830 2841 ,
859 2801 916 2845 qui
942 2802 1122 2834 sancrorum

246 2853 456 2898 Angelorum
489 2851 526 2884 in
547 2850 658 2884 futuro
684 2850 798 2884 saeculo
817 2851 1032 2892 aequalitatem
1052 2874 1062 2891 ,
1090 2850 1123 2882 ἀ

246 2903 309 2938 alia
338 2901 492 2946 spiritalia
515 2900 601 2934 bona
615 2900 656 2933 ab
678 2900 746 2942 ipso
757 2900 891 2944 quidem
904 2903 1050 2942 sperant,
1073 2910 1122 2932 ve-

247 2954 318 2986 rum
343 2954 383 2986 ad
407 2952 496 2985 illam
517 2952 679 2990 formam,
705 2950 746 2984 de
768 2961 832 2994 qua
854 2951 887 2984 in
910 2949 1002 2984 libris
1022 2951 1063 2984 de
1089 2950 1122 2982 li·

248 3001 324 3036 bero
345 3001 478 3036 arbitrio
501 3002 626 3035 sandius
640 2999 868 3044 Augustinus.-
894 3002 1121 3045 ‚Quiaequalita-

248 3061 308 3084 tem
331 3054 504 3095 Angelorum
527 3049 697 3092 defiderant
713 3058 837 3093 propter
858 3055 977 3084 inanem
993 3052 1121 3094 gloriam

244 3099 331 3143 suam
347 3125 357 3140 ,
381 3114 439 3134 non
461 3103 526 3134 ide«)
549 3102 654 3134 volunt
675 3101 727 3142 esse
749 3101 878 3143 ‘equales
891 3101 1008 3144 Angelis
1030 3127 1041 3143 ‚
1063 3099 1122 3143 sed

249 3152 372 3194 Angelos
392 3151 467 3192 fibi.
495 3157 600 3193 Itaque
622 3158 654 3183 in
678 3151 734 3183 tali
758 3153 911 3185 voluntate
928 3149 1120 3193 perseveran-

246 3208 291 3233 tes
325 3202 518 3241 aequabuntur
542 3200 683 3244 supplicio
715 3202 996 3243 praevaricaeoribus
1032 3207 1122 3244 Ange·

245 3251 302 3289 lis,
327 3251 500 3291 potestatem
515 3253 614 3292 potiur
637 3251 723 3293 suam
742 3277 751 3291 ‚
776 3263 865 3293 quam
880 3255 1120 3294 Deiomnipoten·

246 3307 289 3334 tir
312 3300 518 3343 diligentibus.
545 3301 664 3334 Talibus
687 3308 765 3334 enim
788 3304 832 3334 ad
834 3302 981 3343 sinistram
990 3303 1122 3342 constitu·

246 3359 308 3390 tis,
336 3357 407 3393 quia
429 3361 485 3382 non
506 3350 678 3391 quaest'erunt
694 3355 789 3385 Deum
809 3360 863 3393 per
877 3352 1054 3385 humilitatis
1070 3354 1119 3392 ja·

247 3413 339 3433 naam
362 3425 372 3441 ,
399 3402 432 3434 (γ
455 3399 722 3442 immisericorditer
741 3400 918 3444 superbeque
941 3409 1083 3435 vixerunt
1111 3426 1120 3442 ,

247 3452 357 3483 dicetur
392 3463 398 3483 :
437 3450 519 3483 lTF,
547 3450 595 3483 ΙΝ
623 3449 780 3484 lGNEM
810 3452 1084 3486 AETERNUM
1110 3477 1120 3492 ,

244 3500 358 3549 QUl
397 3499 746 3536 PRAEPARATUS
782 3501 872 3535 EST
906 3503 1120 3538 DIABOLO

1133 1460 1151 3554 mm-ffl—*m

1923 187 1980 222 21

1174 252 1241 286 ET
1267 252 1472 289 ANGELls
1501 255 1612 298 131th
1635 279 1642 288 .
1682 252 1925 300 AEqua-litatem
1954 188 2048 294 inin

1173 303 1323 339 ambiunt
1346 328 1357 344 ‚
1397 316 1467 338 non
1499 316 1534 338 ut
1555 306 1630 340 Deo
1651 330 1662 348 ‚
1689 307 1722 340 in
1744 317 1841 351 quem
1858 305 1988 341 rebelles
2013 310 2049 343 <Sc

1174 354 1354 398 blasphemi
1378 356 1450 390 sunt
1463 378 1473 394 ‚
1501 356 1661 397 peripsam
1676 357 1770 398 plene
1783 356 1993 399 subjiciantur
2013 359 2050 392 ὅ(
2067 380 2070 385 -

1175 405 1337 446 serviant,
1364 404 1417 438 sed
1440 414 1475 441 ut
1498 404 1628 438 curiosae
1647 417 1685 438 ac
1707 407 1796 439 elatae
1811 408 1873 442 suae
1883 409 2003 442 mentis
2014 409 2052 441 li·

1175 455 1319 488 bidinem
1342 456 1495 499 expleant
1509 478 1519 494 ,
1546 454 1684 498 ideoque
1694 456 1879 499 semetipsos
1892 458 2052 503 diligunt,

1176 515 1242 538 nou
1268 505 1454 539 Dominum
1467 505 1577 537 Deum
1590 528 1598 542 ,
1625 515 1765 549 eumque
1784 507 1817 539 ὅτ.
1840 508 1895 549 ipsi
1905 507 2054 542 demuta-

1176 566 1208 588 re
1241 564 1404 591 conantur
1438 555 1470 587 in
1497 553 1681 588 ministrum
1705 556 1738 589 δε
1758 567 1961 592 executorem
1987 559 2053 592 sun·

1176 616 1246 638 rum
1267 605 1484 648 cupiditatum
1497 629 1504 636 .
1533 603 1615 640 Non
1638 606 1755 641 castam
1772 605 2029 642 benevolentiam
2041 631 2055 648 ‚
2071 631 2073 633 -

1177 654 1230 688 sed
1254 655 1499 698 impurissimam
1518 653 1687 687 avaritiam
1709 656 1741 687 ὅ(
1757 658 2056 700 concupiscentiam

1175 705 1239 738 effe
1273 704 1454 739 istiusmodi
1484 705 1693 738 dilectionem
1726 704 1869 738 ostendit
1892 709 2057 750 eleganter

1179 756 1212 788 in
1233 755 1322 789 libris
1345 755 1386 789 de
1410 757 1475 788 vita
1497 754 1757 796 contemplativa
1781 755 1926 801 Julianus
1941 758 2057 791 Pome-

1179 806 1244 838 rius
1269 818 1281 838 .·
1318 807 1382 848 ‚Qui
1409 810 1535 838 amicum
1566 812 1685 846 propter
1708 807 1887 838 commodum
1910 808 2056 848 quodlibet

1179 863 1285 901 fimat,
1312 865 1368 888 non
1389 860 1514 887 amicum
1530 866 1632 891 amere
1642 860 1750 888 convin
1766 862 1827 886 itur
1839 880 1848 895 ‚
1869 854 1929 897 sed
1939 868 2057 889 commo·
2075 863 2114 898 L,
2147 871 2175 913 3,
2199 872 2228 897 c,

1180 907 1265 942 dum.
1291 908 1336 937 Et
1347 907 1413 938 lde&
1426 909 1506 938 Deus
1517 930 1527 945 ,
1555 916 1610 946 quo
1623 903 1701 936 nihil
1709 904 1747 943 est
1759 907 1859 944 majus
1873 916 1927 938 aut
1941 908 2057 947 melius,
2077 924 2130 962 25,

1177 964 1299 998 propter
1309 957 1384 996 quid
1395 956 1530 998 diligitur
1544 955 1560 986 ?
1574 957 1699 995 Propter
1706 953 1835 996 seipsum
1843 955 1977 997 perfecie
1991 958 2059 989 dili-

1177 1010 1278 1055 gitur.
1306 1007 1337 1038 51‘
1360 1008 1430 1038 verb
1438 1004 1547 1047 saltem
1566 1012 1688 1045 propter
1711 1006 1784 1044 illa,
1810 1015 1877 1046 quae
1896 1006 2021 1046 praellat
2050 1030 2061 1046 ‚

1183 1058 1323 1096 ametur,
1351 1067 1409 1087 non
1419 1061 1518 1096 utique
1521 1060 1623 1098 gratis
1637 1064 1760 1087 amatur
1772 1079 1782 1095 ,
1811 1058 1958 1097 quiajam
1971 1057 2062 1096 illud,

1181 1114 1303 1147 propter
1313 1107 1393 1147 quod
1403 1107 1537 1148 diligitur
1549 1130 1558 1144 ,
1585 1110 1614 1136 ei
1625 1127 1635 1143 ‚
1660 1106 1740 1146 quod
1759 1105 1838 1137 diHu
1852 1118 1963 1149 quoque
1973 1106 2062 1147 nefas

1184 1155 1220 1195 est
1232 1181 1241 1196 ‚
1268 1155 1438 1197 antefertur
1452 1180 1459 1187 .
1481 1155 1592 1203 Qiam
1604 1166 1761 1199 germane
1774 1154 1995 1190 Christianam
2008 1157 2063 1189 do-

1184 1207 1319 1242 urinam
1343 1207 1374 1238 in
1396 1205 1513 1238 litteris
1534 1204 1574 1238 ad
1597 1206 1706 1238 fratres
1729 1203 1966 1239 Carthufienies
1984 1205 2064 1240 mul-

1185 1257 1255 1289 tum
1271 1255 1417 1299 praedicat
1428 1280 1437 1295 ,
1449 1256 1483 1288 ἀ
1496 1255 1666 1299 insigniter
1677 1253 1820 1291 elucidat
1832 1257 1931 1290 etiam
1946 1258 1975 1290 S.
1991 1257 2066 1291 Ber·
2083 1265 2143 1310 Ep,
2159 1275 2212 1301 η,

1188 1306 1304 1339 nardus
1314 1330 1321 1336 .
1351 1305 1442 1338 Hinc
1454 1315 1533 1348 ergo
1547 1305 1740 1338 sacrosancta
1753 1303 1950 1338 Tridentina
1963 1306 2068 1347 Syno-

1186 1355 1246 1389 dus
1267 1356 1361 1388 illum
1384 1352 1591 1398 diligendum
1618 1354 1758 1394 definit,
1785 1364 1851 1387 non
1868 1365 1996 1397 propter
2011 1366 2069 1388 no-

1188 1405 1287 1439 strum
1314 1404 1492 1447 temporale
1514 1403 1565 1437 vel
1588 1413 1743 1437 aeternum
1759 1404 1974 1438 commodum
1989 1428 1999 1444 ,
2015 1403 2071 1438 sed

1188 1466 1316 1499 propter
1339 1454 1631 1497 illummetipsum,
1656 1463 1821 1496 tamquam
1846 1455 1954 1487 omnis
1977 1454 2071 1497 Justi-

1188 1508 1241 1540 tiae
1261 1505 1388 1540 fontem
1402 1528 1413 1544 ‚
1438 1512 1606 1548 tamquam
1628 1504 1809 1546 supremam
1831 1504 1864 1537 ὅ(
1886 1505 2074 1538 incommu-

1189 1554 1341 1596 tabilem,
1368 1555 1422 1587 cui
1439 1564 1500 1589 nos
1509 1554 1604 1597 plene
1615 1552 1824 1596 subjiciamus
1837 1554 1869 1587 δε
1882 1565 2072 1597 perpetuum

1189 1606 1304 1639 servire
1327 1605 1555 1648 profiteamur,
1582 1602 1763 1645 disciplinae
1783 1603 1818 1637 δε
1842 1604 1912 1637 vitae
1924 1603 2076 1638 humana:

1187 1656 1334 1700 regulam
1359 1678 1370 1694 ,
1401 1653 1435 1688 &
1466 1665 1507 1687 ex
1531 1654 1592 1688 hac
1614 1653 1790 1687 dilectione
1813 1653 2072 1697 concipiendum

1188 1706 1434 1739 commissorum
1457 1714 1663 1746 peccatorum
1694 1703 1810 1737 odium
1833 1704 1866 1737 δε
1889 1704 2076 1737 detestatio-

1189 1767 1264 1789 nem
1279 1768 1286 1787 :
1315 1756 1395 1787 Haec
1407 1754 1451 1787 est
1467 1752 1657 1796 paenitentia
1667 1777 1679 1794 ,
1700 1763 1799 1796 quam
1812 1754 1866 1798 agi
1878 1764 2009 1798 oportet
2022 1765 2082 1788 an·

1187 1815 1220 1841 te
1249 1804 1472 1849 Baptismum.

1372 1903 1751 1940 CAPUT
1850 1904 1894 1940 V.

1238 2009 1445 2047 Exponuntur
1470 2009 1552 2038 varii
1579 2008 1706 2100 ὒῗιὶηω
1731 2004 1895 2039 daemonis
1903 2007 2024 2050 gradus

1532 2054 1587 2099 seu
1622 2061 1734 2097 pectes.

1190 2153 1389 2240 VArias
1413 2154 1546 2189 Divinae
1558 2155 1746 2190 dileffionis
1764 2157 1874 2191 classes
1889 2158 1941 2191 seu
1955 2155 2074 2200 gradus
2092 2163 2173 2208 Cap,
2193 2175 2253 2213 70,

1317 2204 1491 2247 distinguit
1511 2205 1545 2238 in
1563 2205 1647 2238 libro
1661 2203 1701 2238 de
1715 2215 1824 2240 natura
1838 2208 1871 2241 ὅ(
1885 2209 1988 2250 gratia
2007 2207 2073 2239 san·
2091 2215 2214 2249 Diversi

1189 2256 1256 2287 ctus
1281 2253 1486 2297 Augustinus
1507 2278 1517 2294 ,
1544 2254 1657 2289 dicens
1675 2255 1773 2289 aliam
1795 2255 1988 2291 charitatem
2009 2257 2071 2289 esse
2090 2264 2224 2299 Djvinae

1190 2303 1396 2343 inchoatam,
1423 2304 1520 2337 aliam
1542 2307 1745 2346 provectam,
1771 2307 1870 2340 aliam
1893 2316 2069 2350 magnam,
2089 2315 2239 2349 dilefflo.

1189 2353 1284 2386 aliam
1304 2355 1473 2397 perfectam
1487 2378 1494 2385 .
1524 2355 1560 2388 ln
1582 2357 1701 2399 quinto
1723 2356 1860 2389 &sexto
1874 2355 1964 2398 super
1975 2356 2071 2397 Joan-
2088 2367 2138 2399 „13
2171 2377 2248 2410 gf„

1192 2405 1239 2437 nis
1252 2402 1407 2447 Apostoli
1419 2402 1525 2437 literas
1549 2407 1679 2438 trae'tatu
1692 2403 1867 2448 distinguit
1878 2404 2069 2438 charitatem
2086 2414 2146 2448 dus
2159 2439 2167 2447 ,

1189 2462 1318 2493 natam,
1351 2454 1506 2487 nutritam
1520 2478 1530 2493 ,
1557 2455 1703 2488 adultam
1716 2480 1725 2494 ‚
1752 2455 1912 2488 robustam
1927 2480 1938 2496 ‚
1957 2456 1990 2488 ὅ(
2005 2465 2071 2497 per-

1190 2505 1324 2538 sectam.
1354 2503 1530 2543 Adultam,
1559 2504 1748 2544 robustam,
1775 2505 2067 2547 acperfestamlau-

1190 2552 1244 2587 dat
1266 2554 1299 2587 in
1324 2553 1422 2586 literis
1439 2553 1478 2586 ad
1492 2551 1717 2587 Anastafium:
1747 2554 1847 2588 Nunc
1862 2554 1945 2598 hanc
1957 2579 1967 2594 ‚
1983 2567 2069 2589 nunc
2087 2539 2146 2584 ΕΡ·
2164 2549 2241 2589 144·

1192 2605 1279 2636 illam
1308 2603 1419 2636 laudat
1443 2602 1562 2643 ubique
1580 2604 1709 2646 paffim.
1740 2604 1848 2638 Etiam
1863 2616 1936 2639 nata
1950 2606 2001 2638 seu
2022 2605 2072 2638 in·

1189 2654 1307 2687 choata
1331 2651 1467 2686 charitas
1477 2653 1522 2684 est
1538 2654 1584 2686 ilii
1598 2653 1740 2696 duplex3
1771 2654 1941 2697 Nempe&
1955 2656 2069 2698 prima,

1190 2715 1252 2746 qua
1286 2703 1350 2746 legi
1373 2702 1436 2735 Dei
1470 2702 1645 2736 secundum
1681 2706 1867 2738 interiorem
1897 2703 2066 2738 hominem

1190 2752 1405 2787 condelestari
1429 2753 1625 2795 incipimus,
1650 2753 1816 2788 charitatis
1827 2756 1986 2795 scintilla,
2015 2756 2066 2788 seu

1191 2804 1291 2846 prima
1315 2802 1348 2836 δε
1369 2800 1475 2835 adhuc
1499 2803 1592 2836 bona:
1614 2803 1791 2837 voluntatis
1811 2804 1944 2838 exordia
1968 2817 1977 2847 3
2007 2815 2065 2838 nec

1190 2864 1255 2887 non
1268 2853 1302 2888 ἀ
1324 2853 1425 2895 prima
1439 2853 1567 2886 Divinae
1580 2853 1735 2889 bonitatis
1747 2854 1958 2896 superomnia
1972 2879 1981 2893 ‚
1996 2865 2065 2888 non

1187 2903 1294 2946 quoad
1321 2903 1419 2941 vires,
1447 2903 1480 2935 δι
1504 2903 1649 2936 effestum
1665 2929 1674 2943 ,
1702 2903 1753 2936 sed
1771 2905 1879 2946 quoad
1905 2904 2006 2937 solum
2021 2905 2068 2938 af·

1188 2955 1304 2987 festum
1326 2953 1479 2985 dileetio.
1509 2952 1642 2986 Grande
1664 2953 1708 2985 est
1733 2954 1815 2986 inter
1827 2953 1920 2988 hasce
1931 2954 2067 2988 charita-

1189 3014 1234 3036 tes
1261 3002 1431 3036 discrimen
1456 3027 1466 3042 ,
1492 3013 1658 3044 utramque
1678 3014 1786 3036 tamen
1810 3005 2004 3047 quandoque
2023 3015 2066 3037 ex

1186 3053 1256 3087 aliis
1277 3053 1311 3087 &
1332 3054 1403 3086 aliis
1420 3051 1585 3094 principiis
1609 3063 1704 3085 vocat
1728 3064 1837 3087 natam
1850 3055 2017 3088 dumtaxat
2031 3055 2066 3089 δε
2148 3093 2150 3095 ,

1187 3101 1374 3136 inchoatam
1386 3127 1393 3134 .
1424 3101 1568 3135 Priorem
1582 3102 1718 3137 subinde
1727 3103 1824 3138 etiam
1838 3116 1933 3139 vocat
1948 3107 2064 3138 solum·
2081 3107 2156 3143 Alia
2169 3119 2238 3151 quo

1187 3151 1287 3187 modo
1305 3163 1495 3195 conceptam
1507 3176 1514 3183 .
2077 3160 2116 3192 ad
2157 3160 2238 3193 vires

1235 3203 1301 3237 Dei
1313 3203 1390 3237 item
1403 3204 1493 3244 super
1504 3202 1616 3235 omnia
1627 3201 1817 3239 charitatem
1831 3205 1863 3238 in
1876 3216 1946 3238 eam
1958 3228 1970 3245 ,
1992 3215 2061 3248 quae
2075 3209 2109 3242 ὅς
2135 3210 2213 3243 effe·-

1189 3252 1310 3287 viribus
1332 3254 1365 3288 ὅ(
1387 3252 1497 3286 eifestu
1511 3276 1521 3290 ,
1547 3253 1579 3285 &
1600 3255 1635 3286 in
1657 3265 1728 3287 eam
1751 3266 1821 3297 quae
1843 3255 1910 3288 solo
1934 3254 2056 3287 adfectu
2075 3259 2240 3299 flumana

1187 3303 1261 3337 talis
1280 3304 1338 3344 sit,
1366 3302 1539 3345 distinguit
1561 3302 1739 3337 admodum
1763 3307 1963 3348 frequenter,
1982 3315 2057 3346 prae-
2078 3307 2186 3351 quoad

1188 3354 1295 3387 sertim
1320 3354 1352 3386 in
1377 3352 1459 3385 libro
1477 3351 1517 3384 de
1533 3354 1635 3395 gratia
1649 3354 1792 3388 &libero
1804 3354 1935 3387 arbitrio
1959 3367 1971 3386 .-
1997 3357 2061 3397 ,ραι
2079 3360 2181 3393 solum
2196 3361 2240 3394 :rf-

1191 3405 1257 3436 vult
1260 3404 1365 3446 facere
1379 3405 1436 3434 Dei
1445 3403 1620 3435 mandatum
1632 3427 1643 3444 ‚
1672 3407 1704 3437 (5
1716 3416 1771 3436 non
1783 3403 1871 3444 potest
1882 3429 1890 3441 ,
1913 3405 1983 3444 jam
1995 3411 2057 3445 φη.
2081 3409 2202 3442 sedtum

1192 3455 1259 3487 dem
1274 3454 1363 3486 babet
1385 3453 1572 3485 voluntatem
1591 3452 1698 3486 bonam
1711 3478 1721 3493 ‚
1744 3452 1801 3495 sed
1823 3453 1919 3486 adhuc
1926 3462 2062 3494 parvam
2081 3458 2125 3492 est
2150 3460 2167 3490 s
2166 3472 2181 3490 u
2189 3470 2242 3502 per

1191 3503 1427 3546 &invalidam5
1443 3507 1554 3546 poterit
1563 3512 1685 3545 autem,
1704 3503 1768 3539 cum
1780 3514 1918 3547 magnam
1925 3504 2064 3538 habuerit
2082 3511 2197 3544 omnia
2209 3533 2218 3543 .

1934 3564 2021 3588 acro-
