2366 3736
115 876 168 902 21·

113 1066 132 1101 ’ῐ
136 1077 170 1113 5.

110 1526 169 1573 14.

61 1673 215 1715 Fol.280.
232 1673 292 1708 bro
311 1675 410 1708 Anna
431 1675 603 1710 Comnena
628 1690 639 1710 t
665 1682 741 1710 Cum
767 1684 844 1710 omni
868 1681 999 1719 Praeda‚
1025 1691 1111 1723 quam

429 149 501 195 Dr.
536 150 822 201 ΑΝτῐφυΑ
858 146 1221 193 ΒῐεςῐΡιιΝΑ
1258 147 1498 192 ΟΗΜετ.
1537 151 1822 195 Murrus.

243 228 450 277 eognovmbnt.
477 231 909 276 Respondeoteflimonium
924 240 991 264 non
1016 232 1119 265 facere

243 282 284 316 ad
303 283 522 325 propofitum,
548 282 600 317 sed
623 283 758 326 speaare
780 279 820 314 ad
847 280 944 314 aliam
968 280 1041 314 faoi
1056 282 1119 323 spe-

241 331 342 365 ciem.
372 332 516 367 Romani
539 333 627 366 enim
651 341 716 364 non
743 331 778 364 in
793 330 903 364 Africa
919 355 929 371 ,
957 330 1010 364 sed
1036 330 1117 364 intra

240 379 393 421 ltaliam,
421 384 580 426 propriam
608 380 792 424 Regionem
813 405 824 420 ‚
851 379 1056 421 militabant,
1085 382 1118 414 &

232 430 385 474 'gloriose
406 431 610 487 pugnarant,
637 429 778 473 ideoque
800 432 945 474 proprios
968 430 1120 465 Rusticos

233 478 309 513 non
337 478 484 524 porei-ant
512 480 677 523 spoliare.
709 481 832 516 Eorum
866 481 1019 515 Rusticos
1046 481 1116 514 Afri

241 530 435 572 spoliarant,
456 531 488 563 δε
511 527 577 563 haec
600 530 703 572 spolia
726 531 781 574 ipsi
794 540 997 572 receperant.
1026 530 1118 564 Hinc

240 579 404 614 decretum
425 579 443 612 ὲ
465 579 653 614 Victoribus
673 605 684 621 ,
712 591 748 614 ut
771 578 905 624 pecudes
927 581 990 614 suis
1001 581 1118 614 Domi-

239 627 290 662 nis
307 653 320 669 ,
347 628 403 671 qui
420 629 505 662 intra
529 630 664 674 triginta
687 630 753 664 dies
771 629 986 664 reclamassent
1002 632 1035 665 &
1057 642 1116 664 co-

237 678 420 722 gnoviffent
439 703 450 718 ‚
478 679 717 714 restituerentur
743 705 750 713 .
777 680 857 713 Haec
884 681 928 713 est
958 680 1116 714 Doctrina

235 727 344 761 Livii.
375 728 418 762 Et
439 729 484 762 est
507 729 587 764 bene
600 730 743 764 notanda
756 754 763 762 .
778 730 871 763 'Eam
886 729 1029 763 Romani
1043 741 1115 762 con-

235 775 356 811 stanter
376 780 596 814 servaverunt.
629 781 670 814 Et
691 779 838 813 Gentiles
862 781 895 814 ὅ(
920 777 1118 813 Christiani.

236 826 371 861 Etenim
389 828 429 861 de
453 830 647 873 Imperatore
674 829 790 862 Marco
815 830 991 863 Antonino
1004 830 1114 863 Philo-

236 875 339 920 sopho
359 879 582 923 scribitJulius
594 877 820 922 Capitolinus:
850 884 1012 912 Antoninus
1030 883 1115 912 Mar-

235 937 390 961 comannos
408 935 441 961 tn
462 930 522 973 ipfh
532 928 656 970 tranffiu
671 929 804 961 Danubii
816 931 923 962 delevit
939 956 944 962 .
976 934 1019 962 Et
1038 938 1115 972 prae-

237 978 311 1009 dam
328 978 569 1012 provincialibus
582 979 737 1013 reddidit.
762 979 804 1014 Et
815 981 854 1014 de
866 980 1000 1014 devietis
1020 1004 1029 1019 ,
1059 981 1113 1023 qui

234 1024 359 1060 Gallias
390 1027 589 1063 incursarant
612 1040 650 1062 ac
671 1029 846 1072 spoliarant
868 1055 878 1070 ‚
908 1030 1079 1064 Germanis
1106 1053 1116 1069 ,

231 1074 354 1118 scriplit
374 1076 414 1110 ad
436 1077 590 1113 Senatum
616 1078 741 1113 Probus
763 1080 941 1124 Imperator
967 1092 973 1111 :
1004 1081 1116 1113 Praeda

233 1132 327 1159 omnis
343 1135 460 1169 recepta
472 1128 525 1171 est3
555 1138 646 1168 capta
669 1135 760 1162 etiam
770 1132 831 1163 alia
843 1155 853 1170 ,
882 1131 1044 1173 &quidem
1054 1142 1112 1162 ma·

200 1172 206 1179 ’
226 1170 278 1219 fir
299 1178 389 1219 quam
409 1177 516 1218 fuerat
535 1180 607 1213 ant?
629 1181 749 1221 direpta
773 1204 780 1212 .
808 1186 939 1214 Arantur
961 1181 1116 1213 Gallicana

233 1237 305 1259 rura
326 1228 475 1260 Barbari:
497 1230 587 1262 bobus
609 1254 620 1269 ,
646 1232 679 1265 (5
699 1233 775 1273 juga
796 1234 972 1264 Germanica
990 1237 1115 1272 captiva

230 1274 367 1318 praebent
387 1278 488 1318 nostris
511 1281 583 1312 colla
604 1280 781 1313 cultoribus.
812 1279 979 1322 Pascuntur
1000 1282 1044 1313 ad
1068 1293 1112 1313 no·

228 1325 323 1366 stram
334 1329 644 1372 alimoniamgenttum
657 1333 764 1362 Pecora
786 1330 990 1373 diversarum.
1020 1334 1050 1363 E
1053 1336 1103 1371 qui

235 1386 306 1408 num
323 1385 415 1417 pecus
441 1378 530 1416 nostro
544 1381 615 1418 jam
629 1380 826 1420 faecundatur
846 1387 1010 1421 equitatui.
1037 1383 1108 1416 Fru-

236 1435 334 1457 mento
347 1426 507 1460 Barbarico
514 1430 608 1468 plena
612 1427 687 1469 sunt
699 1428 817 1461 borrea.
846 1431 1030 1471 ,Qutdplura
1041 1424 1059 1469 ζ’
1077 1430 1110 1462 tl-

235 1475 273 1508 lts
281 1474 344 1517 fiala
353 1476 520 1519 reliquimus
531 1478 599 1509 Ida
610 1501 621 1516 ,
648 1489 701 1510 nos
714 1489 811 1511 eorum
822 1484 918 1510 omnin
927 1480 1093 1520 possidemus
1103 1504 1110 1512 .

234 1525 348 1559 Exstat
362 1525 505 1568 Epistola
528 1528 611 1570 apud
627 1527 775 1562 Flavium
788 1527 989 1571 Vopiscum.
1020 1530 1060 1562 Et
1073 1528 1112 1563 de

232 1572 366 1608 devitiis
376 1574 416 1608 ab
430 1575 625 1618 Imperatore
639 1576 760 1611 Alexio
771 1602 781 1617 ‚
797 1579 851 1621 qui
863 1579 1035 1613 Romanos
1044 1582 1112 1623 spo-

234 1622 351 1659 liarant
362 1648 372 1664 ,
399 1625 558 1659 Comanis
569 1626 679 1661 scribit
691 1628 725 1661 in
737 1627 867 1662 decimo
882 1629 1062 1664 Alexiados
1076 1630 1110 1663 li-

233 1724 369 1757 Barbari
377 1724 572 1768 corraserant,
599 1733 689 1768 potiti
701 1728 789 1770 effent
801 1732 928 1762 Romani
942 1755 953 1771 ,
981 1729 1065 1763 baud
1074 1729 1110 1769 est

227 1774 331 1817 paffus
360 1786 425 1808 eam
447 1779 630 1817 Imperator,
658 1787 692 1810 ut
711 1784 801 1810 moris
810 1779 866 1819 est,
893 1786 970 1813 inter
982 1781 1110 1812 Vic‘lores

232 1825 334 1857 dividi·
346 1850 357 1866 ,
382 1825 464 1867 quod
486 1838 523 1859 ex
537 1833 614 1860 vicis
627 1829 811 1869 acfinmmis
822 1835 904 1872 agris
916 1839 1038 1872 raptam
1059 1828 1110 1872 sci·

230 1883 278 1907 ret
298 1875 318 1906 a
330 1875 480 1908 Barbaris
493 1888 502 1918 ;
526 1875 584 1919 sed
602 1878 684 1910 illam
695 1880 829 1912 decrevit
841 1883 976 1913 Dominis
988 1881 1111 1913 redden-

232 1924 324 1956 dam.
351 1923 495 1968 Dispersa
521 1926 558 1967 est
570 1929 682 1961 volucri·
690 1930 836 1962 celeritate
845 1939 908 1961 tam
913 1930 988 1971 justi·
1009 1930 1112 1962 Edit‘lt

224 1970 318 2014 fama
329 1981 387 2015 per
402 1978 652 2014 circumjacentem
674 1981 847 2020 Regionem.
875 1982 921 2011 Et
941 1980 1050 2012 collem
1071 1980 1114 2011 ad

231 2021 325 2061 castra
335 2028 446 2068 viginti
458 2035 575 2057 numero
583 2050 594 2065 ,
615 2032 638 2057 it
648 2032 699 2068 qui
705 2028 779 2066 paffi
787 2032 927 2068 rapinam
939 2030 959 2061 ἃ
971 2033 1111 2060 comanis

224 2071 351 2114 fuerant
363 2098 373 2113 ,
393 2071 451 2116 Juae
462 2079 567 2116 quique
575 2077 631 2108 rite*
641 2082 746 2119 agnita
757 2077 938 2117 recipiebant
947 2103 957 2118 ‚
984 2080 1110 2111 tunden-

231 2130 276 2154 tes
284 2122 406 2164 pedara
420 2146 431 2163 ,
448 2122 664 2166 &supplicibus
677 2131 710 2157 tn
720 2128 815 2158 altum
827 2129 964 2160 manibuj
972 2126 1110 2169 sublatis,

224 2171 327 2214 firufla
348 2179 446 2205 omma
457 2181 521 2205 tam
539 2174 666 2206 humano
677 2198 686 2213 ,
712 2183 777 2207 tam
798 2175 919 2217 benefico
936 2181 1111 2218 Imperatori

224 2230 382 2264 precantes
396 2246 407 2262 ,
432 2220 605 2265 adsui-gente
626 2225 671 2256 ad
688 2226 790 2257 caelum
802 2223 910 2267 usque,
938 2232 1043 2258 mtxtts
1063 2231 1108 2259 vi·

229 2282 327 2304 rorum
337 2282 370 2303 ac
381 2272 531 2304 mulierum
546 2279 625 2305 votis
637 2285 672 2306 ac
685 2274 803 2307 vocibus
814 2300 823 2315 ‚
847 2274 918 2318 sono
929 2282 1086 2308 murmuris
1096 2300 1106 2316 ,

229 2331 282 2354 aut
289 2326 391 2361 potius
414 2321 631 2363 vociferationis
645 2329 795 2367 ingentis.
823 2325 1037 2374 Qaejustitia
1063 2327 1106 2359 est

229 2370 323 2414 plane
343 2370 385 2404 ab
404 2372 496 2405 omni
518 2372 705 2407 Christiano
718 2374 810 2419 Rege
821 2385 859 2408 ac
870 2377 974 2410 milite
988 2377 1106 2410 servan-

229 2421 270 2454 da
284 2445 291 2452 .
319 2421 411 2455 Hinc
426 2421 481 2455 ista
495 2422 637 2457 militum
651 2423 751 2467 spolia
765 2434 864 2459 nemo
875 2426 969 2470 poffit
981 2437 1084 2459 emere
1097 2451 1107 2466 ,

230 2481 289 2504 nec
301 2481 406 2513 empta
416 2470 572 2505 retinere.
598 2474 790 2508 Fundantur
801 2473 868 2510 haec
877 2477 910 2509 in
926 2476 1027 2510 Sacris
1039 2477 1106 2510 Lit-

229 2520 321 2553 reris.
350 2520 673 2556 EtenimPatriarcha
688 2523 852 2559 Abraham
877 2526 1103 2560 omniainimi-

226 2569 275 2602 cis
287 2568 434 2612 Regibus
445 2581 551 2613 erepta
565 2572 664 2613 spolia
678 2573 816 2607 reddidit
836 2576 899 2608 suis
921 2577 1075 2611 Dominis
1098 2602 1103 2607 .

228 2618 338 2652 Etiam
362 2618 523 2661 Propheta
550 2620 657 2654 David
670 2623 782 2656 onmia
795 2635 861 2666 quae
873 2626 991 2668 eripuit
1006 2627 1105 2659 Ama-

227 2667 357 2702 Iecitis.
385 2669 467 2702 Sunt
481 2671 832 2716 ressurtivae&raptae:
862 2675 903 2708 Et
929 2676 1103 2717 nequefur-

223 2727 315 2756 turn,
336 2729 441 2760 neque
454 2720 565 2762 rapina
580 2723 774 2758 transferunt
787 2722 984 2758 Dominium
997 2750 1004 2757 .

278 2767 427 2802 Adducta
441 2767 538 2803 Probi
560 2772 765 2814 Imperatoris
780 2772 922 2816 Epistola
935 2775 1031 2808 docet
1045 2787 1104 2809 nos

227 2818 373 2859 quaedam
397 2819 527 2860 insuper
543 2820 625 2855 alia.
654 2821 765 2855 Primo
787 2847 808 2861 ,‚
825 2823 924 2871 Qod
949 2826 1099 2858 Gentiles

227 2867 371 2911 Romani
394 2869 458 2902 suis
479 2869 1099 2915 Barbarishostibuseriperentarmenta

227 2917 258 2951 ὃ(
284 2921 417 2960 pecora.
448 2918 555 2952 Etiam
575 2932 687 2964 equos.
719 2923 868 2956 Secundo
888 2947 898 2962 ,
924 2925 1011 2968 quod
1038 2925 1101 2958 illis

228 2969 325 3001 etiam
356 2970 518 3003 frumenta
549 2971 581 3004 ἀ
602 2973 751 3006 collestas
776 2972 894 3007 Messes
914 2975 1072 3016 eriperent
1090 3000 1096 3006 .

228 3016 365 3058 Tertio,
391 3018 479 3063 quod
499 3020 655 3063 eriperent
677 3023 789 3056 omnia
813 3048 823 3063 ,
850 3023 989 3066 ideoque
1013 3025 1096 3058 nuda

230 3065 293 3099 illis
312 3067 386 3101 Sola
409 3070 640 3113 relinquerent.
669 3073 800 3120 Qarto
814 3097 824 3113 ‚
852 3074 939 3115 quod
953 3072 1018 3108 haec
1031 3086 1099 3107 om—

228 3117 283 3149 nia
295 3120 458 3153 censerent
471 3120 616 3164 legitima
629 3122 726 3164 spolia
741 3147 746 3153 .
759 3122 832 3155 Sata
845 3133 952 3158 tamen
967 3126 998 3158 &
1011 3125 1096 3158 stan-

228 3175 274 3198 tes
288 3165 402 3200 Meffes
425 3170 574 3203 videntur
590 3184 655 3205 non
668 3173 873 3206 dcstruxiffe.
903 3175 1003 3208 Erant
1015 3175 1097 3208 Gen-

227 3215 318 3248 tiles.
349 3216 438 3251 Hinc
461 3219 560 3264 longe
575 3221 664 3255 aliud
675 3225 735 3256 elie
746 3222 762 3254 ὲ
777 3221 971 3257 Christianis
993 3224 1101 3258 obser-

227 3264 370 3298 vandum
393 3266 573 3303 audivimus
593 3273 683 3314 supra
714 3273 731 3306 a
755 3273 883 3317 Magno
904 3269 1099 3317 Imperatore

227 3315 368 3349 Carolo.
391 3314 516 3352 Verum
538 3320 594 3353 ista
615 3321 739 3363 Iustitia
771 3324 895 3365 nequiit
919 3325 1097 3366 persuaderi

225 3364 396 3399 omnibus.
425 3365 884 3407 Hincintrodussasexistimo
910 3375 1100 3408 Exaoiones

225 3415 257 3449 &
270 3415 542 3450 Contributiones
557 3442 567 3457 ,
594 3421 709 3462 quibus
734 3423 881 3456 infelices
895 3424 1022 3458 Rustici
1046 3425 1100 3458 sua

227 3464 312 3500 bona
326 3467 410 3508 quasi
423 3465 587 3502 redimunt
598 3468 638 3502 ab
649 3468 812 3505 hostibus.
841 3474 913 3509 Has
923 3497 934 3516 ‚
946 3474 1101 3519 quiajam
1114 3504 1119 3519 ÷

315 3515 425 3557 christ.
437 3520 516 3561 Lupi
540 3522 639 3562 Opera
658 3522 739 3556 Tom.
757 3523 813 3558 xl.

1931 163 2025 211 157

1181 230 1350 264 communi
1365 232 1523 266 Gentium
1536 234 1602 275 jure
1614 234 1701 277 quasi
1717 233 1888 267 firmantur
1901 257 1912 276 ‚
1939 236 1987 267 uti
2004 243 2073 278 pro-

1181 279 1255 314 bare
1276 280 1400 320 nolim,
1428 281 1472 314 ita
1496 293 1554 316 nec
1581 284 1753 317 damnare.
1780 283 1948 317 Dominus
1966 284 2058 318 Deus

1180 331 1238 363 suo
1259 338 1405 373 ternpore
1427 330 1583 372 judicabit
1609 358 1615 364 .
1643 334 1740 367 Certe
1759 334 1876 367 durum
1901 333 1946 366 est
1968 331 2059 376 quor}

1181 378 1360 413 Christiani
1381 380 1488 425 Reges
1510 393 1548 414 ac
1571 382 1713 424 ipsorum
1738 383 1893 419 militares
1912 380 2060 416 Ministri

1180 428 1338 463 ditescant
1359 441 1396 463 ac
1417 430 1623 464 luxurientur
1645 432 1685 465 de
1710 444 1886 477 pauperum
1910 432 2061 466 Rustico-

1180 490 1250 512 rum
1275 480 1453 523 sanguine,
1481 480 1512 513 &
1534 490 1573 512 ex
1596 481 1664 523 ipso
1678 481 1789 516 bibant
1804 484 1949 517 fomenta
1959 482 2062 516 bello·

1180 539 1268 561 rum.
1297 529 1398 575 Qiod
1424 528 1532 571 injusti
1557 528 1631 562 belli
1647 530 1982 576 Gestoristanequeat
1993 542 2063 575 per·

1179 579 1284 620 cipere
1312 603 1322 618 ,
1362 579 1500 622 ideoque
1525 578 1566 612 ad
1589 579 1719 622 plenam
1742 581 1979 616 restitutionem
2003 580 2062 615 ob·

1181 627 1376 672 stringatur,
1395 629 1439 662 est
1468 639 1592 662 certum
1614 629 1884 664 &manifestum.
1914 632 2061 678 Qiaestio

1179 678 1220 711 est
1241 679 1283 711 de
1303 680 1433 721 proprio
1459 679 1551 723 Rege
1575 703 1585 719 ‚
1614 689 1730 713 vexato
1756 692 1811 723 per
1834 680 1956 714 bellurn
1979 681 2063 722 inju-

1181 728 1281 760 stum.
1311 728 1389 762 Huc
1403 730 1555 771 respicere
1567 729 1718 762 videntur
1732 730 1825 764 verba
1840 729 2005 764 Clotharii
2016 729 2062 762 11.

1179 778 1378 811 Francorum
1400 779 1501 823 Regis
1522 780 1555 811 in
1571 779 1687 813 Edicto
1709 779 1954 814 confirmatorio
1966 781 2062 823 quin-

1181 839 1218 860 .ae
1238 826 1418 862 Parifienfis
1429 828 1579 871 Synodi:
1607 833 1651 862 Et
1674 841 1742 871 quae
1766 841 1843 862 unus
1854 830 2057 871 defideltbus,

1175 876 1225 919 seu
1239 876 1386 911 Leodibus
1398 904 1408 919 ‚
1425 877 1514 920 suam
1521 878 1613 919 fldem
1621 878 1776 922 servando
1786 883 1909 912 Domino
1919 881 2060 923 legitimo,

1178 930 1371 971 Inter-Regno
1384 928 1519 969 faciente
1539 928 1623 971 visus
1635 929 1838 972 estperdtdiffe
1848 955 1858 970 ,
1882 931 2060 973 generaliter

1179 975 1286 1019 absque
1305 979 1406 1020 aliquo
1426 981 1605 1011 incommodo
1624 981 1661 1012 de
1682 979 1768 1013 rebus
1787 978 1845 1020 -fibt
1860 980 1940 1021 juste
1951 979 2061 1013 debitis

1175 1032 1364 1068 praecipimus
1380 1028 1511 1068 revestiri
1525 1053 1531 1059 .
1558 1028 1697 1063 Mandat
1709 1031 1821 1064 omnia
1834 1030 1953 1063 damna
1966 1053 1977 1070 ,
1989 1040 2061 1072 quae

1178 1075 1322 1111 Subditis
1341 1089 1385 1112 ex
1399 1077 1502 1113 bellos
1512 1079 1690 1119 sustinent,
1716 1081 1798 1114 fasta
1821 1090 1920 1122 pace,
1947 1079 2062 1112 debere

1178 1138 1231 1170 per
1244 1127 1369 1172 Regem
1386 1130 1536 1172 reparari.
1561 1130 1723 1173 Loquitur
1733 1130 1773 1163 de
1785 1130 1876 1164 bellis
1889 1155 1899 1170 ‚
1912 1141 1980 1171 quae
1991 1140 2062 1162 non

1177 1176 1221 1211 ob
1243 1178 1353 1222 populi
1374 1177 1550 1218 delicium,
1576 1180 1627 1213 sed
1651 1178 1696 1213 ob
1717 1180 1846 1225 Regum
1869 1179 2063 1224 quaestiones

1177 1239 1349 1271 geruntur.
1381 1229 1423 1262 Et
1445 1231 1522 1263 re‘esta
1547 1229 1708 1274 loquitur.
1738 1230 1870 1264 Etenim
1893 1231 1966 1264 Rex
1978 1229 2063 1263 suaa.

1177 1278 1300 1320 populo
1323 1278 1479 1320 stipendia
1506 1278 1603 1314 babet
1624 1305 1635 1320 ,
1661 1291 1701 1313 ex
1723 1280 1794 1323 ipfis
1816 1280 1910 1314 debet
1934 1279 2064 1322 explere

1176 1327 1268 1360 suum
1293 1328 1437 1360 officium
1451 1352 1461 1367 ‚
1489 1328 1618 1371 suasque
1638 1330 1761 1362 caussas
1782 1341 1879 1373 agere
1901 1330 1935 1362 ὅ(
1957 1328 2066 1361 defen-

1175 1374 1269 1414 dere,
1295 1387 1332 1408 ac
1350 1376 1506 1419 populum
1530 1379 1648 1411 servare
1676 1378 1884 1413 indemnem.
1914 1379 2000 1412 Boni
2029 1390 2067 1413 ac

1175 1425 1249 1468 justi
1275 1426 1382 1470 Reges
1393 1429 1632 1461 consue-verunt
1657 1428 1839 1462 istiusmodi
1867 1428 2004 1472 popu!0's
2024 1428 2066 1462 ad

1177 1487 1280 1509 annos
1291 1477 1414 1521 aliquoi
1428 1479 1558 1512 liberare
1570 1478 1587 1510 a
1601 1477 1811 1522 vestigalibus
1825 1502 1835 1517 ‚
1848 1479 1982 1523 aliisque
1990 1491 2067 1513 exa·

1177 1527 1356 1560 (tionibus.
1386 1526 1528 1561 Proinde
1554 1529 1633 1570 justa
1651 1528 1792 1562 militum
1806 1529 1904 1571 spolia
1922 1530 2067 1563 sumide-

1178 1574 1254 1608 bent
1288 1588 1327 1610 ex
1351 1577 1491 1619 ipsorum
1518 1578 1605 1611 ultro
1628 1579 1775 1620 citroque
1801 1579 1915 1612 bellica
1938 1581 2067 1622 supelle-

1177 1627 1251 1659 &ile
1265 1650 1274 1665 ,
1304 1639 1369 1660 non
1393 1640 1433 1660 ex
1448 1628 1580 1662 Civium
1597 1640 1651 1662 aut
1669 1628 1878 1663 Russicorum
1894 1629 2010 1663 bonis.

1229 1677 1375 1723 Qiaeslio
1399 1679 1514 1721 quinta
1537 1679 1580 1711 est
1594 1702 1603 1717 ‚
1633 1691 1672 1711 an
1687 1679 1796 1721 Spolia
1810 1680 1870 1714 lint
1884 1679 2070 1714 indifferen-

1177 1737 1225 1758 ter
1247 1728 1399 1771 cujusque
1433 1730 1586 1771 rapientis
1616 1730 1628 1761 2
1657 1727 1855 1771 Respondeo
1881 1731 2033 1774 negative
2061 1755 2070 1763 .

1179 1776 1311 1809 Etenim
1337 1777 1424 1819 quod
1439 1779 1478 1812 Sa
1486 1778 1659 1811 noiffimus
1673 1778 1750 1811 Rex
1761 1791 1798 1812 ac
1811 1777 1971 1821 Propheta
1997 1781 2070 1815 Da-

1176 1826 1229 1860 v'id
1249 1827 1388 1860 sanxerit
1410 1829 1523 1861 omnia
1549 1828 1648 1870 spolia
1665 1829 1695 1861 in
1710 1840 1812 1862 unum
1836 1830 1975 1864 conferri
1999 1856 2009 1870 ,
2037 1831 2071 1864 ὅ(

1176 1889 1216 1911 ex
1231 1887 1323 1919 aequo
1339 1888 1404 1910 non
1418 1877 1451 1909 in
1467 1879 1552 1911 solos
1563 1878 1740 1921 praeliantes
1752 1903 1761 1919 ,
1775 1879 1827 1913 sed
1839 1880 1935 1913 etiam
1951 1881 1984 1913 in
1998 1881 2070 1915 Sat·

1176 1926 1320 1960 cinarum
1354 1937 1393 1961 ac
1415 1927 1552 1961 aliorum
1575 1927 1885 1972 impedimentorum
1908 1929 2070 1966 Custodes

1176 1976 1298 2018 jufferit
1321 1976 1425 2010 dividi
1442 2001 1453 2017 ,
1481 1978 1570 2020 supra
1592 1978 1915 2015 audivimusaSacro
1928 1980 2043 2015 T'e'xtu
2059 2005 2071 2021 ‚

1177 2027 1283 2059 sancto
1296 2026 1530 2069 Hieronymo,
1559 2039 1597 2061 ac
1620 2028 1749 2062 erudito
1772 2028 1964 2071 Cyrenfium
1992 2031 2070 2074 Epi'·

1178 2077 1273 2118 scopo
1284 2076 1522 2110 Theodoreto.
1555 2077 1736 2119 Antiquam
1764 2079 1993 2115 Romanorum
2008 2081 2068 2115 Di-

1176 2125 1341 2167 sciplinam
1364 2126 1500 2167 exponit
1523 2126 1562 2160 de
1573 2127 1683 2162 Probo
1696 2127 1892 2171 Imperatore
1904 2131 2068 2173 scribens,

1175 2175 1305 2207 Flavius
1332 2173 1493 2217 Vopiscus
1512 2188 1519 2207 :
1542 2178 1573 2208 51
1595 2179 1671 2219 quid
1684 2180 1801 2218 praedae
1817 2179 1902 2220 fuit,
1931 2186 1976 2212 ita
1989 2182 2069 2215 divt-

1167 2222 1204 2265 fit
1227 2247 1237 2263 ‚
1265 2233 1297 2256 ut
1313 2222 1368 2263 fibi
1391 2223 1469 2256 nihil
1485 2233 1601 2266 praeter
1625 2228 1687 2260 tela
1709 2230 1743 2261 ὑ
1762 2240 1850 2261 arma
1867 2228 2032 2272 servarent
2060 2258 2067 2266 .

1173 2276 1262 2318 ,Quin
1296 2279 1385 2306 ettam
1411 2286 1475 2307 cum
1497 2275 1535 2308 de
1559 2278 1702 2310 Praedato
1724 2287 1859 2320 repertus
1885 2281 1951 2322 esset
1971 2292 2065 2324 equus

1173 2335 1229 2356 non
1246 2325 1363 2357 decorus
1378 2348 1388 2363 ,
1416 2336 1509 2366 neque
1521 2330 1626 2368 ingens
1640 2352 1649 2366 ,
1677 2334 1729 2369 qui
1741 2338 1889 2371 quantum
1900 2333 2015 2371 captivi
2026 2333 2064 2364 lo-

1170 2373 1346 2416 quebantur,
1357 2383 1474 2407 centum
1485 2376 1528 2408 ad
1541 2377 1619 2410 diem
1630 2379 1771 2410 milliaria
1782 2391 1896 2413 currere
1905 2382 2062 2423 diceretur,

1170 2430 1215 2457 ita
1235 2433 1269 2457 ut
1285 2431 1342 2465 per
1363 2426 1427 2457 dies
1439 2425 1499 2457 oc‘lo
1515 2427 1566 2458 vel
1574 2429 1671 2460 decem
1684 2435 1888 2470 continuaret,
1917 2433 2061 2466 &omnes

1169 2476 1317 2508 crederent
1342 2474 1471 2507 Probum
1494 2476 1554 2507 tale
1578 2479 1694 2508 animal
1697 2477 1815 2518 fibimet
1830 2477 2026 2519 servaturum
2047 2507 2058 2523 ,

1163 2527 1231 2563 jam
1250 2524 1383 2566 primum
1395 2525 1477 2556 dixit
1489 2538 1498 2556 :
1519 2524 1657 2567 fugitivo
1669 2528 1758 2558 militi
1766 2529 1868 2568 potius
1882 2531 2060 2572 qudmfortt

1169 2576 1243 2607 Duc}
1256 2585 1344 2616 equus
1357 2581 1495 2606 convenit
1509 2598 1515 2604 .
1546 2577 1705 2609 Delndetn
1716 2588 1821 2609 urnam
1836 2581 1982 2614 Militares
1988 2581 2058 2624 jus-

1161 2623 1199 2664 fit
1223 2636 1326 2657 nomen
1345 2622 1431 2665 suum
1449 2630 1581 2664 mittere,
1612 2635 1643 2658 ut
1658 2628 1766 2669 aliquis
1781 2639 1844 2661 eum
1852 2628 1931 2671 sorte
1950 2633 2057 2666 diaetas

1167 2680 1326 2716 acciperet.
1356 2673 1479 2706 Probus
1492 2685 1570 2707 runc
1583 2675 1691 2709 adhuc
1705 2677 1862 2713 Duxerat
1876 2704 1886 2719 ,
1913 2683 2055 2717 necdum

1168 2724 1361 2766 Imperator.
1391 2722 1483 2756 Hinc
1495 2734 1534 2756 ex
1549 2725 1659 2767 spoliis
1672 2738 1730 2769 pro
1742 2729 1773 2761 se
1786 2731 1911 2773 accepit
1937 2733 1997 2765 tela
2021 2734 2054 2767 δε

1167 2785 1253 2806 arma
1270 2798 1280 2814 ,
1308 2773 1424 2815 nempe
1443 2773 1663 2810 distribuenda
1676 2776 1708 2809 in
1733 2777 1875 2819 milites,
1903 2782 1956 2823 qui
1983 2783 2054 2825 ipsis

1166 2834 1310 2868 egerent.
1339 2823 1516 2856 Christiani
1541 2825 1754 2868 Imperatores
1766 2828 1889 2872 aliquid
1902 2831 2054 2867 immuta·

1167 2885 1259 2906 runt.
1291 2873 1433 2914 Exponit
1452 2869 1484 2906 i‘n
1509 2872 1591 2907 libro
1603 2876 1644 2909 de
1664 2877 1759 2910 Aulae
1771 2877 2054 2925 Constantinopo-

1166 2924 1272 2957 litanae
1297 2923 1415 2956 officiis
1450 2923 1612 2967 Georgius
1643 2925 1793 2961 Codinus
1819 2940 1826 2959 ε

1166 2973 1303 3016 primum
1327 2973 1459 3014 quidem
1483 2975 1595 3016 quinta
1620 2986 1690 3016 pars
1715 2976 1810 3012 datur
1833 2979 2021 3023 Imperatori
2044 3000 2062 3016 .’

1164 3024 1336 3062 Secundo,
1363 3023 1404 3056 ab
1424 3024 1575 3056 universo
1596 3024 1727 3060 Foffato
1741 3052 1750 3066 ‚
1778 3028 1908 3074 Magno
1922 3033 2050 3066 Dome-

1163 3073 1260 3107 stico.
1288 3073 1408 3106 Tertio
1423 3098 1431 3113 ,
1460 3074 1703 3115 particularibus
1716 3077 1902 3120 Capitaneis
1918 3083 1966 3115 seu
1982 3084 2050 3117 Du-

1160 3123 1251 3157 cibus
1284 3124 1301 3157 a
1329 3121 1573 3165 particularibus
1598 3127 1712 3159 turmis
1736 3151 1746 3166 ‚
1774 3129 1890 3171 quibus
1912 3133 2048 3174 quilibet

1162 3173 1284 3216 praeest.
1318 3173 1356 3206 Et
1379 3173 1418 3206 de
1444 3175 1567 3206 summa
1582 3175 1785 3217 Imperatoris
1798 3178 1982 3215 Andronici
2005 3181 2046 3213 ΙΙ.

1162 3223 1335 3268 Palaeologi
1359 3233 1471 3255 contra
1487 3222 1634 3257 Albanos
1648 3225 1776 3261 victoria
1787 3240 1824 3262 ac
1837 3229 1936 3272 praeda
1952 3231 2048 3264 scrbit

2133 2175 2166 2215 8.
2181 2171 2188 2187 ²

1859 2930 1909 2963 Ex
1939 2923 2051 2975 sp‘oliis
2070 2940 2219 2984 Cap-16.

1162 3275 1338 3316 Imperator
1363 3273 1503 3314 Joannes
1522 3272 1786 3311 Cantacuzenus:
1815 3278 1974 3322 Consuerat
1985 3292 2044 3313 an—
2061 3291 2136 3326 Lib·
2159 3305 2190 3329 2·

1161 3326 1210 3356 tec?
1226 3329 1373 3357 exercitus
1384 3345 1393 3359 ‚
1423 3323 1526 3365 aliqua
1544 3326 1651 3364 praeda
1666 3335 1753 3367 capta
1767 3352 1777 3367 ‚
1806 3339 1985 3370 quantarum

1154 3373 1237 3415 foret
1255 3399 1266 3415 ,
1294 3378 1428 3415 quintam
1459 3381 1579 3414 partem
1606 3378 1781 3416 Imperatori
1804 3384 1835 3409 tn
1854 3377 2044 3418 fortitudinis

1159 3430 1321 3466 praemi'um
1330 3421 1381 3465 seu
1392 3422 1580 3456 honorarium
1592 3425 1710 3468 offerre3
1742 3438 1776 3458 ac
1789 3425 1950 3468 secundum
1961 3431 2044 3464 illam

1163 3476 1249 3518 itque*
1272 3481 1392 3507 rantum
1405 3475 1514 3517 Magno
1529 3474 1683 3514 Domestica
1696 3498 1705 3514 ‚
1731 3476 1825 3512 velari
1842 3484 1915 3519 part
1929 3478 2044 3520 summo

1669 3527 1702 3559 O
1902 3535 1992 3564 totius

1988 3342 2044 3373 que
2061 3353 2131 3387 cap.
2161 3354 2216 3390 32.
