2366 3736
782 122 850 155 m-
877 108 1272 157 parietinam
1307 108 1598 158 Hmmsin.

1966 129 2066 179 177

259 204 368 233 cares,
388 193 455 228 effe
475 190 717 234 damnaturum,
738 192 843 231 audit,
868 193 1010 233 Damna,
1036 193 1149 229 &non
1210 192 1350 239 genium
1377 193 1470 228 suum
1489 205 1616 230 mutare
1639 194 1755 232 nescit.
1795 195 1878 232 Non
1901 197 1933 233 se
1956 198 2096 236 credidit

258 245 363 279 solum
377 243 612 284 rion'damnat,
642 242 696 278 sed
707 240 747 275 ad
767 241 919 284 injuriam
941 242 1040 275 tantis
1064 243 1152 279 sedae

255 292 436 328 contendit.
465 293 571 330 Unde
584 303 651 328 non
673 291 802 335 ignorat
821 290 886 334 jam
909 291 1053 326 Ecclesia
1081 292 1152 328 Ro-

255 352 353 377 mana
365 352 456 377 reum
491 345 583 391 suum
597 366 608 382 ,
633 342 691 384 qui
713 350 781 375 tam
798 341 915 376 audaci
927 341 1042 384 spiritu
1055 344 1149 378 ausus

254 391 301 425 est
311 392 553 433 contradicere,
578 393 692 428 &non
713 391 882 433 damnare,
904 402 975 438 quae
1006 391 1148 430 Bearitu-

255 440 301 477 do
335 452 391 478 tua
412 442 560 478 damnari
581 440 741 475 decrevit.

292 492 368 537 Ego
379 503 486 527 tamen
497 492 572 526 Deo
581 492 614 528 &
627 489 760 526 Christo
769 492 923 527 Domino
933 493 1056 537 gratias
1074 503 1150 537 ago,

256 543 346 584 quod
370 542 515 576 Eceiefiae
534 541 595 575 suae
617 543 748 576 causam
762 543 806 576 ita
816 542 870 586 agi
894 542 1013 583 voluit,
1038 554 1076 578 ut
1099 545 1149 578 Se-

256 592 313 627 des
326 591 515 634 Apostolica
527 615 538 632 ,
568 591 587 625 a
598 603 664 635 qua
682 593 830 636 oportuit
840 602 896 626 ore
907 591 1049 627 duorum
1062 592 1149 628 Pon·

257 640 382 675 tiflcum
400 639 537 676 haeresim
557 641 783 684 condemnari,
803 652 840 676 a
853 640 1041 677 damnanda
1074 654 1149 688 prae-

255 692 389 733 cepetit‚
415 702 514 736 quaea
538 703 591 726 me
617 692 762 727 Celestio
787 693 915 729 fuerant
931 692 1070 735 objesta5
1095 705 1151 727 cu·

254 740 304 784 jus
313 752 378 785 ego
399 753 467 777 non
480 742 741 782 damnationem,
756 742 807 776 sed
818 742 1055 780 correstionem
1071 743 1149 777 sem-

256 801 311 833 per
333 792 499 834 optavi&
524 803 616 836 opto;
643 793 798 826 cuinunc
817 791 883 834 jam
912 803 981 825 non
1007 802 1147 832 mecum,

256 840 312 875 sed
339 852 415 877 cum
440 842 589 877 universa
616 842 682 876 Dei
696 841 838 876 Ecclesia
851 843 946 877 causa
970 842 1018 876 est
1033 866 1045 883 ,
1071 843 1148 876 sicut

255 889 332 924 data
367 892 409 926 ad
437 891 679 927 Beatitudinem
706 901 796 925 tuam
823 892 950 935 Scripta
982 892 1157 934 testantur,

254 940 459 976 cumcontra
471 940 697 985 Apostolicam
723 942 918 978 sentent-iam
940 942 1049 977 venire
1077 943 1151 976 niti-

254 1000 320 1030 tur,
345 989 500 1034 negando
522 990 686 1035 originale
701 1002 870 1035 peccatum
895 992 986 1036 quod
1013 992 1048 1026 in
1074 1004 1151 1029 orn-

252 1049 312 1073 nes
323 1037 475 1075 homines
489 1040 680 1084 pertransiit,
699 1042 731 1076 ἀ
758 1042 856 1086 usque
880 1043 921 1077 ad
947 1043 1046 1081 finem
1058 1054 1149 1078 mun·

251 1086 288 1124 di
322 1099 413 1125 tenet
448 1087 666 1127 haereditatem
702 1091 785 1126 Adae
817 1091 919 1132 illius,
944 1093 1001 1136 qui
1027 1094 1150 1140 primus

252 1140 420 1184 peccavit;
445 1141 535 1185 quod
546 1141 581 1175 iri
594 1141 775 1179 infantibus
800 1141 857 1177 nisi
884 1154 939 1186 pet
965 1144 1149 1179 Sacramen-

252 1197 324 1224 tum
340 1189 693 1234 Baptismidimittitur‚
729 1191 830 1227 vitam
865 1204 1016 1230 aeternam
1045 1193 1080 1227 δε
1107 1204 1149 1227 re·

252 1250 357 1284 guum
378 1241 536 1278 coelorum
548 1239 665 1276 habere
677 1253 744 1276 non
768 1243 907 1286 possunt.
932 1243 1060 1278 Contra
1081 1254 1150 1287 quae

253 1290 355 1324 etiam
381 1289 539 1334 Magister
565 1290 638 1325 suus
662 1291 771 1335 litigat
800 1292 973 1338 Pelagius,
999 1294 1056 1341 qui
1092 1294 1149 1328 illa

253 1340 322 1382 ipsa
347 1339 697 1383 damnavitinjudicio
718 1339 904 1382 Orientali,
931 1342 1087 1384 quae³iste
1113 1344 1148 1376 in

252 1388 343 1425 Sedis
354 1390 650 1433 Apostolicaecoetu
674 1401 812 1424 conatur
834 1392 1007 1426 adstruere.
1034 1391 1147 1426 Habet

251 1437 420 1473 adversum
432 1440 463 1473 se
474 1439 573 1473 etiam
595 1449 715 1473 veteres
737 1439 955 1474 Ecclesiarum
984 1441 1146 1477 Doctores

252 1487 449 1524 Catholicos
474 1488 883 1532 plurimos,·0rientales&
903 1490 1147 1532 Occidentales‚

249 1538 887 1580 Meridianaepartis&Septentrionalis,
913 1542 969 1584 qui
997 1542 1032 1576 in
1056 1540 1144 1577 libris

249 1586 316 1624 suis
343 1588 436 1622 illurn
449 1588 491 1624 de
518 1588 674 1632 originali
700 1600 834 1635 peccato
848 1589 894 1639 (si
906 1591 1010 1629 sanari
1024 1590 1145 1629 defide-

255 1638 331 1679 rat)
350 1639 482 1681 poffunt
507 1638 625 1673 docere
641 1663 650 1674 .

261 1708 266 1711 ·
300 1688 414 1723 Habet
428 1688 463 1722 B.
491 1688 696 1732 cyprianum
723 1687 918 1733 Martyrem,
946 1690 1134 1727 B.Ambrc›

248 1738 330 1773 sium
353 1737 580 1773 Confefforem
602 1763 613 1779 ,
637 1739 837 1785 Gregorium
867 1741 1116 1777 Nazianzenum
1130 1767 1140 1784 ,

249 1789 287 1825 B.
315 1788 436 1832 Papam
458 1789 691 1824 innocentium
715 1814 723 1822 .
758 1790 872 1828 Habet
897 1795 996 1826 etiarn
1023 1804 1114 1826 nunc
1131 1814 1144 1832 ‚

249 1838 307 1882 qui
329 1839 363 1872 in
386 1850 522 1881 corpore
542 1839 598 1873 fibi
620 1838 863 1881 colluctentur,
887 1841 911 1877 si
936 1842 994 1876 ille
1028 1852 1139 1877 tamen

249 1887 312 1925 bos
334 1895 428 1922 tanto
451 1888 621 1924 certamini
648 1888 775 1925 habiles
796 1890 940 1933 judicat,
963 1902 1018 1927 aut
1052 1902 1141 1927 certe

250 1938 309 1981 qui
329 1949 387 1973 vos
409 1939 498 1981 sequi
520 1939 659 1978 debeat,
690 1941 747 1983 qui
767 1941 837 1973 vult
857 1942 962 1984 magis
983 1944 1067 1975 reeta
1094 1942 1139 1979 di-

251 1988 360 2027 scere,
377 1989 475 2030 quaru
500 1998 597 2029 prava
619 1987 755 2022 docere.
786 1987 898 2022 Habet
921 1990 935 2031 (
954 1990 1043 2033 quod
1070 1992 1138 2033 pri-

250 2048 344 2072 mum
354 2036 399 2071 est
413 2036 679 2078 >Beatitudinem
702 2048 805 2078 tuam,
826 2037 918 2080 cujus
930 2038 1024 2074 illum
1037 2052 1139 2084 opor-

249 2097 357 2122 tuerat
374 2085 507 2120 obedire
532 2087 710 2127 sententiar,
732 2087 807 2122 cum
827 2087 962 2122 audiret:
992 2090 1136 2125 Damna.

249 2136 361 2171 Habet
385 2136 548 2180 postremd
567 2136 652 2180 ipsos
667 2136 820 2172 lastantes
833 2160 845 2176 ,
862 2137 979 2179 quibus
993 2139 1134 2173 misereri

248 2186 388 2227 debeat,
406 2186 428 2222 si
447 2186 505 2220 fibi
527 2197 596 2219 non
619 2186 712 2229 vult;
733 2184 851 2229 quibus
875 2188 887 2225 (
919 2197 955 2221 ut
977 2188 1136 2231 Martyris

248 2236 353 2270 verbis
367 2236 467 2276 utar)
482 2244 551 2268 non
565 2235 691 2278 propria
703 2259 715 2275 ,
738 2235 790 2270 sed
801 2236 909 2270 aliena
919 2236 1134 2272 dimittuntur

246 2295 398 2330 peccata.
422 2283 531 2321 Unde
550 2294 609 2318 oro
623 2284 754 2319 beatum
773 2285 1008 2331 Apostolatum
1023 2299 1131 2329 tuum,

247 2346 284 2371 ut
306 2334 396 2371 hunc
415 2345 529 2370 meum
539 2333 690 2371 libellum
703 2336 817 2379 suscipi
839 2335 964 2379 jubeas,
982 2348 1050 2380 quo
1060 2349 1130 2383 gra·

247 2387 311 2421 tias
327 2386 462 2422 referam
484 2393 582 2420 tantas
602 2385 700 2425 Sedi,
728 2385 1130 2428 &sententiisjustiffimis

246 2446 306 2480 pro
336 2444 426 2481 parte
445 2445 519 2469 mea
552 2434 626 2469 latis
647 2447 654 2467 :
694 2435 807 2484 Qem
843 2436 967 2471 idcirco
1002 2436 1126 2478 direxi,

246 2487 328 2530 qnia
360 2486 435 2519 licet
460 2485 608 2519 sermone
643 2485 813 2520 Basiliscus
844 2486 1075 2524 subdiaconus
1111 2499 1127 2522 a

247 2545 306 2569 tua
317 2533 526 2570 Beatitudine
545 2544 621 2568 cum
644 2535 742 2578 gestis
763 2534 854 2570 Sedis
868 2537 1125 2580 Apostolicaedi·

245 2585 361 2622 rectis,
381 2581 581 2626 Carthagine
598 2584 755 2619 convenit
775 2595 891 2629 quarto
916 2587 1033 2621 Nonas
1058 2590 1127 2624 No-

244 2634 390 2669 vembris
400 2632 464 2674 die,
485 2644 522 2666 ut
545 2633 684 2668 adeffem
699 2633 740 2667 ad
754 2634 984 2677 Apostolicam
1009 2638 1125 2674 Sederri

245 2685 281 2719 δε
301 2684 387 2719 Tuae
405 2683 531 2726 judicio
549 2683 737 2723 sanctitatis,
757 2684 798 2719 ad
820 2696 918 2728 quam
943 2697 996 2720 me
1007 2688 1122 2732 fugisse

244 2734 432 2779 suggestum
450 2734 495 2768 est
509 2758 519 2773 ,
540 2744 602 2769 nec
621 2733 809 2768 defuturum
830 2734 912 2774 fore,
925 2738 1124 2780 promittere,

243 2784 524 2823 fi'adversumme,
547 2786 581 2819 ἀ
605 2795 672 2817 non
687 2795 744 2826 pro
765 2795 818 2818 me
830 2785 938 2822 fuisset
970 2786 1033 2821 lara
1056 2788 1121 2824 seii-

245 2836 358 2869 tentia.
377 2834 443 2871 Ubi
458 2844 537 2869 tunc
551 2833 650 2877 igitur
662 2833 746 2867 nihil
759 2845 856 2879 agere
868 2836 976 2879 potui,
996 2837 1074 2880 quia
1086 2838 1124 2876 is,

244 2886 302 2929 qui
322 2885 362 2920 ad
384 2884 502 2918 sedem
522 2883 751 2927 Apostolicam
778 2896 1010 2927 provocaverat
1023 2911 1034 2927 ‚
1060 2887 1118 2921 de—

244 2934 321 2975 fuit,
339 2945 434 2978 quern
456 2943 640 2977 oportuerat
660 2934 775 2978 utique
798 2937 910 2970 merita
933 2938 993 2970 suae
1014 2938 1119 2980 appel-

245 2984 377 3019 lationis
397 2985 570 3027 adstruere,
583 2984 725 3018 maxime
737 2996 814 3018 cum
827 2986 873 3019 nil
886 2997 1004 3030 agente
1014 2988 1117 3031 appel-

245 3034 359 3075 latore,
378 3035 555 3069 secundum
565 3035 662 3068 etiam
674 3033 831 3069 humanas
843 3036 953 3080 leges,
977 3038 1119 3079 superior

243 3083 288 3116 est
312 3085 432 3127 semper
457 3084 532 3123 ille,
553 3083 609 3128 qui
629 3084 722 3119 vicit.
743 3084 837 3131 Qid
863 3086 1031 3129 enimjam
1046 3098 1117 3122 mea

244 3134 408 3174 intererat,
431 3143 467 3168 ut
488 3134 587 3168 etiam
606 3135 690 3179 apud
713 3134 870 3169 Vestram*
885 3135 1117 3171 Reverentiam

245 3193 348 3226 pravae
365 3184 435 3226 ejus
456 3183 607 3219 doarinae
629 3185 844 3228 adstipulator
863 3186 1053 3227 existerem,
1075 3187 1117 3221 de

244 3243 312 3276 quo
330 3234 536 3278 congaudere
558 3236 702 3277 possem,
725 3235 747 3268 si
767 3236 930 3270 damnatis
951 3236 1002 3270 his
1017 3262 1025 3275 ,
1049 3248 1117 3279 quae

243 3283 293 3316 illi
315 3283 334 3315 a
353 3288 406 3316 m'e
426 3283 549 3326 obieeta
570 3284 710 3325 fuerant,
726 3285 767 3319 fic
789 3296 826 3319 ea
850 3298 902 3329 per
920 3286 1116 3329 Apostolicae

240 3331 332 3367 Sedis
350 3332 508 3375 judicium
527 3334 684 3375 roborari,
705 3335 867 3371 meruisset
886 3336 1035 3378 absolvi,
1057 3348 1115 3370 nec

1211 244 1302 287 posse
1321 242 1546 286 deprehendi,
1573 247 1730 290 quoniam
1752 246 1985 283 confidentiam
2013 251 2095 286 sem-

1212 304 1266 338 per
1286 293 1322 328 in
1349 293 1454 328 foveis
1480 292 1608 336 habuit,
1634 298 1667 330 in
1695 297 1814 340 quibus
1839 297 2024 334 demersum
2044 311 2096 335 caa-

1212 351 1269 387 put
1292 343 1504 378 conscientiae
1529 345 1589 379 sua:
1617 347 1733 383 nititur
1752 347 1937 383 occultare.
1975 349 2084 395 Qod

1209 394 1276 436 jam
1302 393 1427 428 diutius
1455 392 1553 427 latere
1581 407 1648 430 non
1676 398 1804 441 potuit,
1835 399 1891 433 sed
1918 398 2095 433 manifesti·

1211 445 1248 479 us
1273 443 1499 488 publicatum,
1519 442 1676 486 spirituali
1703 458 1757 491 per
1783 457 1876 483 tuam
1903 447 2095 483 Beatitudi-

1210 503 1284 528 nem
1311 492 1424 537 gladio
1450 493 1632 533 resecatur,
1657 506 1699 529 ne
1724 497 1862 542 amplius
1886 499 2000 536 ferinis
2016 499 2097 534 den-

1209 543 1295 578 tibus
1312 554 1393 589 grex
1420 541 1562 577 Domini
1588 545 1710 579 secetur
1746 546 1780 581 in
1822 558 1925 589 partes
1950 573 1962 589 ‚
1990 559 2092 594 quem

1211 593 1325 628 Pastor
1352 592 1458 627 bonus
1483 593 1611 628 solicita
1635 594 1670 630 &
1697 597 1848 641 pervigili
1874 599 2001 633 cautela
2035 610 2094 633 cu·

1211 642 1310 677 stodis
1329 667 1337 675 .
1377 643 1481 680 Hunc
1499 654 1609 678 autem
1632 643 1783 680 libellum
1808 645 1915 681 direxi
1943 647 2090 682 Beatitu-

1210 693 1281 728 dini
1310 704 1372 728 tuae
1400 704 1455 736 per
1480 693 1715 728 Marcellinum
1752 694 1995 730 subdiaconum
2036 698 2094 731 Ec·

1210 743 1314 777 clefiae
1341 742 1624 792 Carthaginenfis.
1653 744 1782 780 Datum
1809 746 1902 782 sexto
1927 746 2008 782 l-dus
2021 745 2096 782 No-

1212 793 1376 829 vembris.

1477 893 1825 942 QUARTA

1362 991 1934 1033 CARTHAGINENSIS

1490 1044 1800 1084 SYNODU&

1330 1142 1398 1177 AEc
1425 1142 1472 1180 est
1502 1144 1645 1190 plenaria
1677 1146 1711 1181 &
1744 1146 1952 1181 famosissima
1987 1145 2092 1182 totius

1343 1193 1507 1229 Africanae
1533 1196 1721 1230 Dioeceseos
1746 1196 1900 1239 Synodus
1920 1221 1931 1236 ‚
1957 1196 2000 1231 de
2026 1208 2091 1239 qua

1209 1244 1250 1276 ad
1276 1243 1510 1278 duodecimum
1536 1246 1685 1281 Honorii
1713 1247 1747 1281 &
1772 1247 1927 1283 oclavum
1968 1245 2092 1281 Theo-

1209 1291 1288 1326 dosii
1307 1293 1688 1333 Consulatum‚Domini
1717 1307 1842 1332 annum
1869 1296 2091 1342 quadringen-

1209 1342 1359 1377 tesimum
1386 1343 1551 1376 decimum
1579 1355 1705 1377 nonum
1728 1367 1737 1380 ‚
1779 1345 1913 1379 Sanetus
1950 1344 2089 1387 Prosper

1209 1392 1243 1424 in
1273 1390 1459 1428 Chronico:
1483 1394 1612 1426 Concilio
1636 1394 1721 1434 apud
1743 1392 1960 1437 Carthaginem
1985 1393 2089 1428 habito

1207 1442 1396 1474 ducentorum
1421 1445 1643 1483 quatuordecim
1669 1441 1880 1486 Episcoporum
1901 1469 1912 1484 ,
1947 1445 1991 1477 ad
2029 1447 2090 1478 Pa-

1203 1500 1278 1533 pam
1302 1493 1464 1530 Zozymum
1488 1495 1643 1530 synodalia
1679 1495 1804 1526 Decreta
1842 1495 1966 1536 perlata
1989 1492 2082 1536 sune,

1206 1541 1311 1583 quibus
1334 1542 1476 1583 probatis
1489 1565 1501 1581 ,
1523 1550 1580 1588 per
1606 1550 1699 1575 totum
1724 1544 1869 1577 mundum
1895 1542 2010 1585 baerests
2033 1548 2092 1578 Pe-

1205 1592 1329 1635 lagiana
1355 1592 1508 1626 damnata
1532 1591 1587 1632 est.
1615 1593 1724 1627 Fuisse
1751 1603 1802 1628 tot
1831 1593 2012 1637 Episcopos
2036 1594 2090 1628 ad-

1205 1641 1314 1677 firmat
1339 1642 1439 1678 etiam
1467 1641 1501 1675 in
1527 1641 1614 1676 libro
1641 1653 1757 1678 contra
1784 1643 2007 1679 Collatorem.
2045 1644 2090 1678 Et

1206 1691 1284 1726 hinc
1306 1690 1399 1727 hicce
1421 1692 1457 1726 in
1475 1694 1622 1727 carmine
1641 1693 1682 1727 de
1708 1693 1849 1740 Ingratis
1875 1695 1994 1728 versus.
2040 1698 2090 1729 Ee

1202 1747 1381 1777 tercentenis
1410 1745 1536 1775 Pati-um
1555 1742 1623 1783 fuit
1656 1743 1740 1779 edita
1765 1743 1877 1790 linguis
1897 1768 1908 1784 ‚
1952 1743 2089 1778 mendo-

1204 1792 1254 1824 sus
1282 1791 1411 1825 videtur
1437 1790 1511 1824 viris
1537 1792 1665 1833 doctis,
1692 1793 1944 1836 legendumque:
1971 1796 2016 1826 Ee
2038 1793 2086 1827 bis

1201 1845 1329 1874 centenis
1357 1863 1365 1872 .
1393 1839 1528 1875 vitioso
1555 1841 1636 1877 item
1666 1843 1786 1876 codice
1812 1843 1887 1877 usus
1914 1843 1976 1877 fuit
2003 1843 2087 1878 Her·

1202 1900 1343 1924 mannus
1369 1889 1588 1931 Contractus,
1615 1891 1755 1926 scribens
1781 1893 1873 1926 fuisse
1905 1892 2086 1936 Episcopos

1202 1939 1431 1984 septemdecim
1458 1941 1493 1976 &
1518 1940 1695 1975 ducentos.
1725 1942 1817 1976 Male
1843 1942 1942 1977 etiam
1972 1943 2005 1976 in
2030 1943 2087 1977 Bia

1202 1989 1367 2024 bliotheca
1390 1989 1532 2024 Photius
1557 1991 1627 2026 vult
1651 1991 1744 2025 fuisse
1764 1992 1922 2026 ducentos
1943 2003 2086 2037 quatuor

1200 2040 1233 2073 ὅ(
1260 2039 1401 2083 viginti.
1429 2037 1588 2075 Habitam
1615 2040 1706 2074 addit
1728 2041 1762 2074 in
1791 2042 1931 2075 Ecclesia
1960 2042 2085 2077 Prima-

1202 2089 1293 2129 tiali,
1318 2100 1418 2133 quam
1441 2089 1522 2123 Asta
1545 2090 1724 2132 Synodalia
1755 2101 1874 2125 vocant
1909 2092 2082 2128 Basilicam

1199 2139 1309 2171 Fausti
1330 2151 1338 2170 ι
1363 2138 1463 2172 Hanc
1487 2140 1577 2172 enim
1602 2141 1693 2178 fuisse
1715 2140 1969 2180 cathedralem,
1998 2143 2083 2176 mul-

1198 2187 1241 2220 tis
1261 2187 1452 2221 Sanstorurn
1486 2188 1631 2231 reliquiis
1667 2190 1860 2232 opulentam
1881 2214 1893 2231 ,
1928 2191 2081 2226 adfirmat

1197 2237 1372 2282 Synodalis
1395 2236 1526 2275 Relatio
1554 2238 1594 2270 ad
1624 2238 1744 2281 Papam
1775 2241 1992 2284 Agapetum:

1224 2283 1227 2285 Α
1246 2286 1364 2331 Pergit
1377 2286 1531 2321 Pharius.-
1560 2291 1696 2321 Damnat
1718 2287 1782 2323 baec
1806 2292 1931 2330 synodus
1953 2291 2081 2326 anathe-

1194 2347 1276 2370 mate
1295 2348 1356 2375 eos,
1380 2343 1431 2378 qul
1456 2337 1626 2379 adsererent
1646 2341 1743 2372 Adam
1766 2342 1919 2374 mortalem
1941 2341 1993 2383 effe
2015 2353 2080 2375 con·

1193 2390 1289 2423 ditum
1302 2411 1313 2427 ,
1334 2398 1390 2419 non
1402 2397 1501 2420 autem
1508 2396 1775 2429 praevaricationis
1787 2389 1876 2431 causa
1889 2399 1980 2423 morte
1992 2393 2076 2424 mul·-

1192 2446 1306 2471 tatum.
1330 2439 1471 2470 similiter
1487 2439 1521 2472 (9
1544 2449 1589 2470 eos
1604 2462 1614 2477 ‚
1636 2445 1686 2480 qui·
1708 2449 1806 2472 recens
1830 2450 1918 2472 nator
1937 2439 2076 2482 infantes

1193 2486 1349 2530 Baptismo
1370 2489 1491 2523 minime*
1513 2489 1647 2530 indigere
1672 2489 1817 2527 dicerent,
1840 2490 1920 2531 quod
1934 2490 1998 2522 illos
2006 2498 2075 2531 pec-

1188 2547 1252 2574 cato
1272 2542 1393 2579 originis
1421 2548 1460 2568 ex
1497 2531 1610 2569 adamo
1645 2549 1702 2570 non
1736 2546 1881 2579 putarent
1909 2538 2072 2573 obnoxios.

1190 2591 1251 2622 Eoi
1261 2597 1385 2630 quoque,
1406 2594 1458 2628 qut
1479 2584 1670 2625 adfirmarent
1693 2590 1789 2622 medio
1804 2589 1933 2632 quodam
1943 2590 1999 2622 loco
2012 2592 2073 2623 Pa-

1187 2636 1322 2681 radisum
1334 2642 1410 2671 inter
1421 2637 1455 2668 (τ
1466 2635 1576 2675 inferos
1597 2647 1653 2672 nen
1666 2636 1841 2679 baptizatos
1854 2638 1989 2680 infantes
2000 2639 2071 2673 beae·

1188 2689 1217 2721 te
1239 2694 1367 2721 vivere.
1391 2687 1449 2719 Sex
1468 2691 1540 2717 item
1560 2687 1622 2718 alta
1644 2684 1692 2719 his
1714 2688 1829 2728 adfinia
1851 2695 1979 2731 capita,
1998 2701 2069 2731 quae

1185 2740 1205 2770 ἃ
1227 2734 1433 2779 Pelagianistii
1446 2760 1456 2775 ,
1480 2737 1513 2768 (ze
1539 2735 1714 2775 Celesti'am's
1737 2740 1905 2779 tradatur,
1934 2738 2068 2773 anatbee

1185 2796 1264 2820 mate
1288 2789 1398 2820 Patres
1414 2786 1578 2830 jugulant.
1612 2786 1693 2822 Haec
1704 2788 1776 2821 sunt
1803 2788 1946 2822 omnin&
1967 2787 2067 2831 Capi-

1185 2836 1251 2871 tula
1276 2836 1354 2876 illa,
1377 2846 1445 2878 quae
1468 2835 1624 2869 moderna
1645 2837 1875 2871 Conciliorum
1911 2836 2062 2873 collectio

1183 2887 1345 2930 perperam
1354 2884 1505 2920 adscribit
1517 2885 1676 2920 Concilio
1686 2886 1893 2920 Milevitano.
1909 2886 1957 2921 Ea
1968 2888 2063 2923 enim

1183 2948 1249 2971 nori
1273 2935 1415 2975 Milesii,
1438 2933 1490 2968 sed
1514 2934 1717 2979 Carthagine
1735 2934 1821 2970 edita
1851 2948 1907 2980 per
1928 2947 2063 2982 genera-

1182 2987 1245 3021 lem
1267 2985 1440 3029 Synodum
1463 3007 1472 3023 ‚
1500 2985 1534 3018 in
1557 2984 1661 3019 literis
1683 2984 1722 3019 ad
1745 2985 1937 3021 Gallicanos
1967 2987 2059 3030 Epis-

1180 3047 1280 3081 copos
1301 3034 1422 3070 diserte
1441 3034 1590 3068 adfirmat
1619 3035 1651 3069 S.
1670 3034 1828 3073 Pontifex
1850 3037 2035 3073 Celestinus
2048 3062 2059 3073 .

1228 3086 1378 3121 Africani
1401 3085 1502 3130 igitur
1527 3084 1695 3128 Episcopi,
1717 3085 1758 3121 de
1779 3086 1921 3124 deducto
1943 3098 1998 3131 per
2010 3088 2058 3123 su·

1178 3147 1212 3171 as
1233 3138 1340 3171 literas
1363 3134 1404 3169 ad
1426 3134 1545 3167 rectum
1554 3135 1595 3169 de
1616 3134 1752 3180 Pelagio
1773 3136 1807 3172 &
1830 3137 1975 3172 Celestio
1987 3139 2057 3171 sen·

1179 3188 1245 3222 sum
1257 3188 1424 3229 Zozymo,
1443 3184 1611 3228 suisquein
1635 3185 1713 3220 istos
1731 3187 1862 3229 judiciis
1883 3187 2055 3231 peripsum

1177 3236 1379 3274 confirmatis
1393 3235 1467 3274 laeri,
1491 3236 1687 3270 crescentem
1700 3235 1733 3269 in
1745 3237 1815 3271 dies
1826 3236 1965 3271 haerefim
1978 3246 2055 3272 cen·

1179 3288 1306 3323 suerunt
1330 3283 1485 3321 radicitus
1507 3284 1733 3321 evellendam.
1757 3287 1838 3320 Non
1861 3285 1965 3320 solum
1990 3284 2052 3321 s'uae

1179 3335 1422 3373 Proconsularis
1434 3343 1532 3377 atque
1546 3334 1737 3376 Numidiae,
1761 3336 1922 3370 sedetiam
1945 3333 2053 3378 Byza-

238 3381 328 3425 prius
354 3383 386 3416 se
411 3381 555 3416 ordinari
577 3407 588 3423 ,
623 3386 720 3427 quam
749 3387 877 3430 purgari
919 3398 1080 3430 pateretur
1102 3388 1115 3420 ἓ
1174 3383 1536 3426 cenae&Tripolitanae
1548 3383 1740 3425 Provincia,
1756 3386 1832 3420 item
1847 3385 2051 3419 Caesareenfis

237 3432 300 3469 Sed
317 3432 488 3478 vulpecula
511 3432 676 3470 fraudibus
698 3435 761 3471 suis
783 3437 904 3480 semper
916 3437 1045 3473 studens
1067 3438 1114 3473 in·
1172 3438 1206 3473 δε
1235 3434 1394 3474 Sitifensis
1420 3432 1626 3471 Mauritaniae
1645 3459 1658 3477 ,
1693 3446 1754 3470 nec
1774 3446 1842 3469 non
1870 3434 1904 3469 δι
1930 3432 2066 3484 Tingi·-

1901 3492 1984 3518 taiiae
1995 3508 2012 3527 „
