2366 3736
118 1395 171 1437 25.
211 1405 269 1444 72.

113 1997 187 2032 Lib,
202 2007 232 2047 3.
241 2006 273 2032 c.

350 157 444 204 156

303 236 416 276 pilatos
436 243 617 277 queruntur.
645 234 696 266 Ille
720 232 907 269 Calomynum
922 233 1124 273 jurejurando
1136 231 1181 264 ob-

300 284 420 328 stringit
442 294 474 318 ut
496 287 575 319 bona*
583 284 644 324 fide
664 288 697 313 in
721 281 849 320 medium
878 281 1016 323 proferat
1037 282 1185 323 quidquid

305 344 424 376 raptum
443 335 497 373 est.
516 335 654 377 Juravt't
680 331 872 372 Calomynus,
901 333 934 364 Θ
953 332 1089 371 perjurio
1096 339 1185 371 pecur

306 390 373 417 nias
392 395 452 417 tum
472 384 590 424 quidem
602 380 662 420 abst
666 381 721 414 ulit
733 404 744 420 ,
771 382 876 416 verum
887 382 1042 423 aliquanto
1051 381 1114 422 post
1129 383 1180 419 Β]-

303 439 399 467 zantii
414 441 522 474 poenas
540 431 616 464 luit.
639 434 726 463 Nam
748 432 910 472 apoplexia
934 438 1085 472 correptus
1110 454 1122 470 ,
1148 432 1182 467 (τ

302 485 451 517 alienatus
470 488 587 520 mente,
614 478 702 522 abesa
726 481 865 514 dentibus
889 482 991 524 lingua
1010 506 1020 521 ,
1047 487 1181 518 animam

302 532 394 568 edidit
409 554 416 561 .
443 530 571 566 Notent
587 529 652 563 haec
666 531 773 575 Reges
784 555 794 574 ‚
821 531 876 577 qui
891 531 1030 573 perditas
1043 532 1114 567 suas
1125 531 1180 567 Ci-

301 583 415 615 vitates
435 580 468 613 &
489 579 679 615 Provincias
690 592 802 617 amant
815 592 1002 623 recuperare
1017 606 1026 621 ,
1049 592 1087 614 ac
1100 580 1178 617 libe·

297 640 365 666 rare
387 630 405 663 a
424 630 621 666 servitute&
641 631 833 674 tyrannide.
860 630 929 669 Hic
941 630 985 665 est
1006 630 1120 668 unicus
1133 642 1177 664 rer

295 680 472 722 cuperandi
495 681 660 724 legitimus
687 680 803 716 modus
824 705 831 712 .
860 681 946 722 ipsas
968 681 1108 723 expilare
1130 679 1175 717 est

295 729 424 773 flagella
437 730 575 775 flagellis
593 730 710 767 addere
724 755 730 763 .
760 729 940 764 Duriffimo
952 730 1109 764 servitutis
1122 730 1174 767 fla-

296 781 386 825 gello
410 780 521 817 durius
534 780 698 825 flagellum
710 779 921 823 expilationis
932 780 949 813 a
964 782 1092 823 proprio
1107 781 1175 815 Do-

295 832 407 864 mino.
435 829 538 864 Porro
551 830 597 865 Ca
605 834 759 873 lornynus
771 842 838 864 erat
851 831 897 863 vir
909 829 1152 864 Alexandrinus
1164 856 1175 872 ‚

294 880 453 925 Augustae
465 880 578 920 Claffis
591 881 776 919 Praefetstus,
805 879 930 923 Perjuri
950 881 1036 919 fures
1057 891 1173 920 notent

294 930 364 975 ejus
386 930 484 967 finale
506 930 713 977 supplicium.

344 981 492 1026 Quaestio
510 982 605 1019 tertia
629 982 673 1015 est
687 1005 697 1021 ,
725 992 764 1015 an
779 981 852 1015 Rex
865 980 967 1015 vietor
979 989 1088 1025 captas
1100 981 1171 1017 alte¹

293 1031 361 1068 rius
382 1033 484 1076 Regis
505 1033 651 1067 civitates
682 1042 719 1065 ac
744 1030 936 1070 Provincias
958 1056 968 1071 ,
991 1033 1071 1070 dum
1089 1032 1171 1069 dese>

293 1081 336 1115 rit
348 1106 358 1120 ‚
385 1081 478 1124 poffit
499 1081 659 1116 destruere
671 1091 727 1115 aut
738 1081 879 1124 expilare
894 1082 910 1113 ἓ
937 1082 1122 1129 Quomodo
1133 1091 1172 1113 ex

293 1132 367 1174 iplis,
391 1131 504 1165 debeat
526 1132 683 1166 excedere
705 1133 717 1164 ?
744 1131 964 1174 Respondeo,
991 1130 1056 1168 illis
1082 1142 1173 1164 exce-

292 1180 437 1215 dendum
462 1181 501 1214 ad
520 1193 594 1215 eum
606 1181 742 1214 modum
756 1205 767 1224 ,
793 1192 860 1223 quo
883 1192 922 1214 ex
936 1190 1093 1223 occupata
1105 1180 1172 1216 Ro-

292 1241 465 1269 manorum
488 1230 671 1266 Antiochia
693 1254 704 1271 ‚
730 1229 865 1275 aliisque
884 1230 985 1272 Syriae
1004 1241 1042 1264 ac
1065 1230 1172 1264 Meso·

291 1281 442 1324 petamiae
454 1280 655 1316 Civitatibus
666 1280 825 1318 exceffiffe
838 1280 990 1323 Saporem
1004 1279 1168 1316 Persarum

291 1332 420 1376 Regem
444 1330 551 1367 scribit
573 1331 606 1363 in
630 1329 802 1368 Gordiano
824 1330 924 1364 tertio
947 1329 1051 1372 Julius
1075 1329 1165 1373 Capi-

291 1382 416 1416 tolinus
440 1394 451 1414 .·
478 1384 545 1416 Rex
561 1378 636 1422 sane
662 1377 821 1421 Persarum
842 1380 962 1413 tantum
983 1381 1169 1416 Gordianum

291 1435 462 1474 Principem
472 1436 593 1472 timuit,
619 1438 653 1462 ut
662 1441 727 1463 cum
740 1428 893 1468 ifflrullus
914 1430 980 1471 esset
993 1427 1094 1472 &suis
1107 1434 1167 1461 Co-

287 1490 347 1527 piis
362 1485 395 1516 (5
406 1481 507 1522 nostris
519 1506 529 1522 ,
542 1489 643 1515 tamen
656 1478 844 1513 Civitatibus
858 1477 918 1522 ipse
926 1478 1069 1521 praefidia
1080 1477 1162 1522 spon-

290 1537 321 1571 te*
339 1535 493 1567 deduceret
503 1555 513 1571 ,
541 1528 646 1573 easque
665 1535 800 1574 integras
807 1527 873 1572 suis
886 1529 1000 1565 civibus
1011 1530 1145 1565 redderet
1159 1555 1167 1570 ,

291 1591 337 1617 ita
356 1593 389 1616 ut
403 1582 481 1616 nibil
491 1606 502 1622 ,
530 1582 607 1623 quod
617 1581 661 1617 ad
669 1591 768 1618 eorum
777 1578 919 1622 fortunas
927 1585 1092 1621 pertineret
1102 1603 1111 1617 ‚
1124 1589 1168 1611 at-

292 1640 473 1669 taminaretl
501 1628 620 1677 Longe
642 1630 749 1668 minus
771 1629 910 1673 ipsarum
934 1628 1090 1663 destruxit
1101 1639 1155 1665 mu

289 1696 366 1725 ros,
393 1691 523 1727 portas,
550 1680 684 1717 balnea,
712 1689 769 1716 ant
789 1679 851 1714 alia
865 1677 992 1722 publica
1006 1678 1056 1713 vel
1070 1680 1168 1722 priva-

289 1745 322 1769 ta
344 1732 497 1768 aedificia.
524 1731 704 1773 Imperator
726 1727 1086 1775 MichaelPaleologus
1096 1740 1168 1763 cum

289 1782 439 1820 Barbaris
451 1779 674 1822 AEthiopibus
693 1778 769 1812 iniit
780 1779 886 1813 foedus
897 1803 907 1819 ‚
934 1777 1007 1821 ipfis
1021 1790 1074 1821 per
1087 1778 1167 1812 Pon-

290 1845 361 1869 tum
376 1832 546 1870 Euxinum
559 1828 701 1877 permisit
715 1828 886 1865 transitum
900 1827 939 1864 ad
954 1826 1089 1870 Scythas
1101 1852 1112 1870 2
1137 1828 1168 1863 &

288 1886 539 1924 innumerorum
571 1879 642 1916 istic
674 1878 914 1922 mancipiorum
936 1878 1137 1923 emptionem
1161 1901 1168 1909 .

288 1934 370 1973 Hoc
392 1931 486 1968 valde.
509 1929 672 1974 improbat
695 1929 858 1973 Georgius
870 1926 1108 1972 Pachymeres,
1136 1929 1168 1962 δι

290 1984 442 2029 adjungit
468 1983 609 2017 caussam
634 1993 644 2015 ε,
668 1982 868 2021 Experientia
897 1980 993 2012 docuit
1018 1984 1119 2012 avitos
1138 1980 1171 2012 &¹

291 2033 487 2071 corroborator
508 2030 669 2072 AEtbiopes
692 2028 741 2068 isto
760 2024 849 2067 libere
871 2028 989 2071 conceffo
1010 2036 1170 2062 commeatu

294 2090 455 2122 Puerorum
471 2084 487 2118 ἑ
501 2081 676 2116 Borealibus
701 2079 881 2118 Tradimus,
907 2084 960 2120 qui
972 2080 1081 2113 deinde
1103 2080 1171 2111 caelo

293 2141 405 2170 mitiori
425 2132 575 2175 adfluente
595 2131 692 2167 vitius
703 2135 789 2171 copia
801 2135 831 2161 in
843 2139 923 2161 acres
935 2127 1087 2163 bellatores
1101 2130 1174 2160 ado-

294 2185 432 2228 lescerent
449 2181 654 2224 formidabiles
674 2177 784 2222 evalisse
806 2203 816 2218 ,
841 2176 1018 2219 consumptis
1042 2169 1189 2220 exerciti-l

297 2229 354 2270 bus
376 2233 497 2267 invidiis
506 2256 519 2272 ,
543 2243 591 2264 nec
598 2234 669 2272 jam
680 2234 791 2262 virium
800 2225 919 2270 conscios
925 2225 1048 2268 suarum
1054 2225 1114 2269 fi’se
1128 2221 1190 2258 in-l

300 2296 350 2319 tra
362 2284 501 2317 cancellos
521 2281 587 2313 olim
595 2282 671 2324 fixos
685 2279 803 2321 tenuiffe
814 2301 824 2317 ,
848 2287 900 2310 aut
912 2275 1012 2318 secura
1019 2276 1174 2318 poffeffione

296 2341 483 2378 propriorum
506 2340 653 2366 contentos
668 2331 746 2362 domi
757 2327 950 2370 acquievisse3
978 2327 1082 2359 verum
1094 2324 1174 2368 ausos

299 2394 471 2426 erumpere,
499 2393 534 2414 ac
539 2380 620 2424 saepe
629 2381 770 2420 finitimis
782 2378 858 2411 bella
872 2376 980 2417 inferre
992 2400 1002 2415 ,
1023 2387 1101 2417 teque
1115 2388 1172 2408 ma·

294 2447 354 2480 gno
377 2439 432 2467 Rei
451 2431 629 2471 Christianae
641 2426 934 2470 damnosamamfibi
942 2424 1050 2468 pacisci
1062 2426 1174 2460 bellicae

302 2491 430 2521 virtutis
444 2509 451 2515 .
471 2483 559 2515 Italis
571 2487 649 2514 enim
661 2484 753 2512 Oram
765 2480 851 2518 S‘yriae
864 2482 1046 2508 maritimam
1058 2482 1176 2510 univer-

298 2534 365 2578 sam
391 2532 614 2571 obtinentibus,
641 2528 860 2571 Imperantibus
882 2533 973 2559 etiam
996 2525 1155 2559 Phaeniciae
1169 2548 1179 2564 ,

301 2587 334 2620 (tt
350 2583 405 2625 ipsi
423 2582 537 2616 urbium
551 2582 618 2613 olim
632 2583 764 2619 Principi
777 2576 934 2609 Antiochia·
949 2575 1178 2616 dominantibus,

304 2637 339 2670 ὁ*
350 2633 463 2667 eduliis
484 2632 553 2664 inde
564 2631 675 2663 validis
689 2633 788 2668 copiis
803 2625 942 2669 prospere
948 2624 1077 2668 subinde?
1086 2635 1177 2658 certa-

302 2697 335 2720 re
352 2683 448 2727 solitis
472 2682 508 2713 de
529 2680 681 2722 poffeffione
700 2678 822 2709 locorum
837 2676 1005 2715 Palaestinae
1019 2700 1028 2715 ‚
1055 2676 1193 2718 antiqua*¹

301 2734 478 2779 sanllitntis
494 2730 585 2772 fama
598 2730 701 2761 merito
713 2728 880 2764 inclytorum
895 2750 905 2766 ,
930 2727 1009 2768 quod
1020 2732 1051 2757 in
1063 2732 1102 2757 iis
1115 2738 1178 2758 ver·

250 2801 253 2804 .
300 2784 385 2828 sams
401 2808 410 2823 ³
435 2782 532 2824 passus
546 2804 555 2820 ,
585 2781 618 2813 (τ
643 2783 721 2809 mira
741 2784 877 2817 operatus
884 2775 980 2816 fuerit
992 2779 1070 2808 Deus
1077 2775 1179 2816 fabius

306 2835 405 2876 bomo,
431 2833 474 2865 illi
495 2833 531 2864 de
551 2828 654 2872 quibus
673 2831 807 2870 agimus,
834 2825 995 2865 AEtbiopes
1006 2825 1178 2858 exercitibus

296 2886 375 2928 freti
394 2895 430 2916 ex
446 2885 606 2923 juventute
620 2904 628 2917 ,
657 2886 690 2910 ut
701 2878 832 2908 diximus
846 2899 855 2914 ,
882 2874 1010 2913 scythica
1022 2875 1154 2915 conflatis
1167 2900 1177 2915 ‚

304 2941 487 2975 erumpentes
513 2934 529 2965 e*
545 2928 608 2973 suis
625 2927 750 2962 latebris
764 2950 774 2965 ,
801 2924 869 2963 istas
893 2929 1034 2968 Regiones
1059 2930 1177 2958 univer-

300 2984 353 3029 sas
391 2986 622 3016 Latrociniorum
657 2979 690 3011 (θ’
719 2977 895 3018 praedarum
921 2983 1055 3015 campum
1078 2974 1179 3007 babue-

305 3043 400 3074 runt;
429 3057 435 3064 .
450 3056 456 3063 .
472 3055 479 3062 .
503 3034 547 3063 Et
572 3039 715 3071 tanquam
737 3027 772 3058 de
784 3024 865 3065 Myfis
877 3049 888 3064 ,
913 3025 995 3065 quod
1007 3026 1063 3056 dici
1074 3023 1149 3066 solet
1170 3050 1179 3065 ,

306 3083 428 3125 impune
447 3079 542 3124 spolia
560 3086 719 3120 raptantes
737 3102 743 3109 .
774 3079 871 3108 Donec
886 3076 1037 3116 paulatim
1057 3099 1067 3114 ‚
1095 3076 1179 3107 realis

308 3131 568 3167 abhorrentibusci
585 3128 701 3169 foedere
724 3138 787 3159 cum
801 3124 865 3166 ipsis
878 3125 997 3162 icendo,
1026 3132 1122 3164 utpote
1134 3136 1179 3157 ve-

310 3183 452 3218 neranda.-
465 3185 569 3212 Crucis
582 3178 728 3217 notiffimis
743 3179 776 3210 (ν’
790 3174 1022 3216 implacabilibus
1035 3173 1157 3211 hostibus
1170 3199 1180 3213 ,

306 3234 408 3277 qpoad
421 3256 431 3271 ,
458 3238 582 3271 inquam
596 3251 605 3266 ‚
626 3227 770 3268 paulatim
789 3225 850 3267 post
873 3224 978 3265 ejecios
1001 3223 1181 3261 Christianos

306 3297 345 3318 ex
370 3288 511 3315 maximis
536 3278 657 3311 urbibus
674 3301 684 3315 ,
711 3275 775 3317 ipsa
786 3278 1002 3317 5oloaequarint
1018 3298 1024 3304 .
1054 3277 1098 3304 Et
1108 3285 1182 3306 nunc

303 3321 385 3377 jacet
403 3332 523 3374 quidem
542 3327 662 3365 illustris
686 3327 737 3358 illa
763 3325 936 3365 Antiochia,
954 3327 1039 3366 jacet
1062 3325 1181 3364 &Apa-

306 3397 383 3417 maea
396 3408 403 3415 .
432 3378 584 3420 Destrueia
605 3377 640 3416 est
655 3379 744 3413 Tyrus
756 3377 787 3407 (5
801 3377 927 3412 Berytus
940 3400 947 3407 .
975 3374 1063 3407 sidon
1074 3384 1183 3414 quoque

301 3433 408 3474 fimilia
426 3436 564 3473 patitur.
593 3427 659 3459 Alia
683 3433 817 3466 exparte
831 3427 906 3467 luget
917 3425 1094 3457 Laodicaea.
1120 3425 1184 3456 Tri-

302 3484 380 3526 polis
402 3483 435 3515 &
460 3481 644 3519 Ptolomais,
669 3486 786 3520 magnae
809 3476 947 3508 Italorum
969 3473 1078 3516 urbes,
1106 3483 1140 3506 ac
1156 3472 1190 3516 -st

896 146 1530 193 Dtsscttrnsto

1193 239 1203 345 l

1227 241 1397 286 {nunquam
1413 233 1561 276 fuissent,
1586 228 1783 275 reputamus]
1808 229 2013 270 Pulcherrima
2029 229 2123 269 etiam

1245 281 1405 326 Damascus
1419 307 1430 323 ,
1454 289 1600 318 terminus
1619 284 1689 321 olim
1701 286 1843 318 Romana
1854 286 2055 322 adorientem
2067 286 2126 318 Di-

1242 337 1356 370 tionis,
1383 331 1489 375 eversa
1499 332 1707 376 funditusest.
1735 336 1780 364 Et
1803 336 1921 367 omnino
1938 343 2050 376 pretor
2072 345 2125 368 ve-

1241 380 1362 429 c‘llgales
1376 386 1523 416 armenus
1537 387 1703 430 Regiones,
1730 382 1809 416 nibil
1817 381 1987 424 ibisubfistit
2006 410 2014 417 .
2041 384 2123 421 Post

1240 430 1353 473 ejetstos
1374 443 1416 467 ex
1437 430 1520 470 terra
1538 431 1651 467 Sansta
1672 434 1816 482 Francos
1837 428 2122 476 &Flandros,ci-

1241 479 1354 519 vitates
1382 481 1456 521 Itali
1475 490 1530 517 aut
1548 486 1725 522 tenuerunt
1742 507 1756 523 ,
1781 491 1837 519 aut
1859 493 2087 525 recuperarunt
2111 508 2122 523 .

1242 529 1308 566 Eos
1327 531 1390 574 jam
1411 531 1496 569 didio
1553 532 1621 569 odo
1632 532 1796 576 ejecerunt
1819 531 1963 567 scelerati
1982 531 2126 570 ,AEthion

1240 590 1311 620 pes.
1339 580 1385 616 Et
1404 581 1541 619 ornnesi
1559 582 1602 616 las
1619 593 1674 619 aut
1685 582 1907 621 destruxerunt
1917 592 1972 616 aut
1983 580 2126 616 dehone-

1239 629 1379 669 starunt‚
1406 632 1510 679 Qod
1534 633 1652 677 pariter
1668 632 1810 670 scelerati
1827 634 1974 669 Saraceni
1995 631 2127 666 &Tur-

1238 680 1267 712 ci
1294 691 1460 724 uunquam
1483 691 1649 717 tentarunt
1671 707 1678 715 .
1705 682 1817 730 Qare
1838 682 2016 718 Christiani
2035 681 2127 716 Prin·

1238 728 1324 772 cipes
1348 732 1402 775 qui
1426 731 1512 774 paria
1534 733 1665 768 astitant
1678 731 1741 766 hoc
1754 731 1863 765 nostro
1878 733 2013 774 saeculo,
2030 742 2127 765 aemu·

1239 779 1346 814 lantur
1369 779 1547 826 AEthiopes
1569 807 1580 824 ,
1606 783 1640 821 ὄς
1662 784 1736 822 sunt
1761 781 1926 820 Saracenis
1944 782 1978 820 δε
2003 782 2126 819 Turcis

1239 828 1439 869 barbariores
1452 856 1459 865 .

1287 880 1433 927 Qaestio
1453 893 1533 926 quta
1547 894 1565 917 a
1588 881 1656 923 est,
1684 893 1724 917 an
1744 881 1856 916 omnia
1881 881 2024 917 hostium
2037 881 2127 918 bona

1229 929 1353 966 ‘cedant
1373 930 1479 965 Militi
1503 933 1536 966 in
1550 931 1687 976 Spolia?
1714 932 1912 976 Respondeo
1942 930 2093 976 negative
2117 954 2127 965 .

1239 979 1370 1015 Etenim
1389 981 1551 1026 insignem
1573 982 1615 1019 de
1640 982 1700 1016 hac
1725 995 1757 1016 re
1777 983 1881 1025 legem
1906 981 2062 1016 habemus
2090 981 2125 1014 in

1237 1030 1348 1073 magni
1371 1030 1576 1074 Imperatoris
1589 1032 1700 1069 Caroli
1716 1031 1976 1076 Capitularibus:
2004 1034 2034 1064 51·
2060 1036 2126 1073 quis
2144 1031 2217 1067 Lib.
2241 1043 2271 1078 3.

1237 1081 1335 1122 Meffes
1356 1089 1409 1112 aut
1418 1085 1556 1115 annonas
1568 1089 1601 1115 in
1615 1079 1784 1124 kostesuper
1796 1082 1927 1116 bannum
1942 1084 2127 1116 Dominicum
2145 1094 2212 1127 cap.
2234 1082 2291 1119 66.

1234 1135 1391 1171 rapuerit,
1416 1140 1470 1163 aut
1486 1131 1671 1173 furaverit,
1700 1134 1751 1164 vel
1766 1139 1914 1175 paverit,
1938 1139 1992 1165 aut
2007 1131 2072 1169 cum
2082 1142 2128 1164 ca-

1234 1178 1320 1211 ballis
1331 1180 1497 1219 vastaverit
1506 1206 1516 1220 ,
1546 1182 1687 1222 aestimato
1710 1181 1984 1224 damnosecundum
1993 1182 2083 1226 legem
2094 1188 2128 1213 in

1234 1230 1355 1270 triplum
1374 1238 1541 1273 componat.
1572 1235 1617 1269 Et
1630 1230 1740 1271 filiber
1750 1231 1831 1265 bono
1845 1231 2007 1273 let-fecerit
2021 1255 2032 1271 ,
2053 1231 2128 1266 ban-

1234 1290 1303 1310 num
1330 1282 1518 1312 Dominicum
1536 1288 1592 1322 pro
1616 1279 1672 1313 bac
1681 1292 1713 1314 re
1724 1290 1891 1322 componere
1900 1290 2039 1324 cogatur,
2065 1281 2130 1312 Ser-

1233 1339 1290 1360 vus
1315 1332 1387 1366 vero
1406 1328 1570 1372 secundum
1587 1328 1676 1372 suam
1702 1334 1809 1373 Legem
1827 1331 1920 1371 tripla
1931 1327 2128 1371 compositione

1233 1379 1375 1416 damnum
1394 1384 1427 1412 in
1450 1380 1507 1412 loco
1527 1379 1661 1421 restimat
1672 1402 1682 1417 ,
1709 1381 1742 1412 &²
1759 1388 1818 1422 pro
1839 1380 1948 1412 damno
1961 1379 2130 1423 discipline

1234 1430 1386 1469 corporali
1401 1427 1556 1471 subjaceat
1569 1455 1576 1462 .
1600 1429 1754 1465 Annonae
1776 1430 1808 1463 ἀ
1820 1429 1936 1464 Messes
1949 1429 2054 1467 necin
2069 1428 2130 1463 hm

1234 1477 1295 1510 stili
1324 1488 1406 1512 terra
1430 1480 1561 1520 poliunt
1583 1479 1650 1521 rapi
1675 1502 1686 1517 ‚
1713 1480 1800 1514 furto
1830 1478 1948 1513 auferri
1970 1504 1981 1520 ‚
2008 1479 2128 1513 vastari

1235 1538 1288 1569 per
1299 1539 1419 1571 equos:
1447 1527 1520 1565 lmd
1534 1539 1593 1563 nec
1605 1528 1709 1571 accipi
1723 1530 1755 1561 in
1769 1539 1928 1573 equorum
1943 1531 2102 1572 pasturam
2117 1553 2128 1561 .

1237 1577 1276 1610 Et
1298 1577 1365 1620 jure
1389 1577 1532 1620 merit03
1559 1578 1692 1613 Etenim
1708 1577 1860 1613 Annonae
1881 1580 1912 1613 ὅς
1927 1574 2045 1614 Messes
2061 1579 2130 1622 pas-

1233 1628 1289 1660 firn
1320 1628 1360 1661 ad
1396 1627 1538 1671 privatos
1557 1652 1568 1667 ,
1609 1628 1758 1670 adeoque
1780 1629 1820 1663 ad
1843 1631 2035 1664 innocentes
2055 1628 2128 1672 spe-

1233 1679 1319 1710 stant
1343 1690 1353 1725 ᾗ
1380 1690 1417 1712 ac
1442 1676 1578 1719 proinde
1598 1678 1667 1722 rapi
1690 1689 1857 1723 nequeunt
1879 1690 1917 1713 ac
1941 1678 2097 1714 devastari
2117 1701 2134 1714 .-

1234 1727 1388 1767 Deinde,
1417 1728 1515 1761 etiam
1539 1726 1647 1763 hostes
1670 1725 1789 1762 debent
1801 1729 1930 1770 vivere,
1957 1741 2018 1764 nec
2034 1728 2129 1773 poffit

1235 1776 1386 1811 Mundus
1407 1776 1510 1822 redigi
1534 1778 1568 1810 in
1595 1777 1828 1819 solitudinem,
1855 1778 1994 1823 ideoque
2005 1780 2131 1815 semen-

1235 1827 1276 1860 tis
1303 1837 1359 1860 aut
1385 1827 1495 1861 Meffis
1520 1829 1632 1872 nequit
1653 1829 1804 1873 impediri
1817 1841 1871 1872 per
1882 1829 2024 1870 milites,
2051 1828 2130 1863 lon-

1235 1875 1276 1922 ge
1297 1877 1404 1911 mimis
1418 1877 1546 1913 invadi.
1575 1879 1722 1918 Tertio,
1752 1878 1871 1913 Messes
1881 1891 1919 1913 ac
1930 1880 2039 1924 fruges
2051 1880 2130 1915 sunt

1237 1928 1398 1965 summum
1423 1928 1556 1965 Divinae
1570 1929 1785 1974 benignitatis
1797 1929 1990 1965 miraculum
2014 1940 2052 1964 ac
2077 1928 2130 1963 be·

1239 1978 1394 2012 neficium
1407 1991 1418 2012 .-
1430 1977 1508 2012 hinc
1518 1978 1583 2013 fine
1596 1980 1722 2014 summo
1733 1978 1870 2013 crimine
1886 1991 1952 2013 non
1963 1979 2131 2012 destruun-

1238 2037 1289 2060 tur
1301 2052 1308 2060 .
1337 2026 1514 2061 Praesertim
1530 2039 1584 2071 per
1597 2027 1802 2062 Christianos
1814 2053 1821 2060 .
1850 2028 1979 2062 Eisdem
1990 2028 2032 2063 de
2043 2028 2132 2062 caus-

1239 2077 1277 2110 fis
1299 2076 1414 2112 invadi
1434 2087 1602 2121 nequeunt
1622 2087 1770 2113 armenta
1783 2078 1816 2113 ὃς
1831 2089 1965 2122 pecora.
1993 2078 2132 2112 Armen-

1238 2137 1269 2160 ta
1292 2126 1332 2160 ad
1357 2127 1589 2171 agriculturam
1604 2152 1615 2168 ,
1642 2128 1782 2171 pecudes
1804 2129 1877 2162 sunt
1903 2125 2132 2164 neceffariaead

1238 2176 1361 2219 pastum
1384 2176 1680 2221 humanigeneris.
1710 2176 1762 2209 Ad
1787 2179 1914 2212 Milites
1935 2174 2072 2222 spectare
2089 2178 2136 2211 vi·'

1237 2226 1332 2259 detur
1358 2226 1391 2258 &
1417 2225 1481 2259 haec
1501 2226 1625 2260 laudati
1657 2226 1769 2259 Caroi
1792 2227 1861 2261 Lex
1888 2242 1899 2260 :
1927 2231 1958 2260 si
1981 2234 2048 2269 quis
2076 2228 2132 2260 do-

1238 2287 1317 2308 mum
1342 2276 1470 2307 alienam
1490 2275 1649 2316 cujuslibet
1668 2276 1825 2318 infregerit
1838 2300 1848 2314 ,
1877 2278 2027 2318 quidquid
2044 2284 2132 2310 exin-

1237 2326 1274 2358 de
1289 2333 1345 2366 per
1369 2330 1433 2357 vim
1453 2325 1603 2365 abstulerit
1618 2350 1629 2365 ‚
1651 2334 1701 2357 aut
1717 2331 1849 2366 rapuerit
1860 2350 1870 2366 ,
1898 2327 1948 2357 vel
1949 2325 2110 2366 furaverit
2121 2348 2143 2371 ,v
2154 2338 2162 2349 ·

1235 2373 1395 2417 secundum
1419 2378 1526 2419 Legem
1549 2377 1708 2410 &Erram
1731 2376 1798 2416 illi,
1823 2377 1909 2415 cujus
1922 2377 2024 2408 domus
2029 2376 2132 2417 fuerit·

1239 2424 1372 2466 infratqa
1395 2433 1447 2457 aut
1466 2424 1618 2469 spoliata,
1645 2432 1678 2457 in
1697 2427 1820 2465 triplum
1831 2433 2005 2467 componat,
2031 2427 2133 2462 &in-

1237 2473 1323 2516 super
1353 2470 1483 2506 bannum
1497 2479 1684 2508 Dominicum
1694 2475 1808 2518 fhlvat.
1840 2478 1871 2508 Si
1880 2474 1989 2518 servus
2000 2474 2135 2518 hocfece-

1238 2531 1279 2556 rit
1295 2548 1305 2563 ,
1327 2522 1510 2566 finientium
1521 2528 1710 2566 Superiorum
1721 2531 1871 2565 accipiat,
1899 2520 2062 2568 &insuper
2081 2524 2135 2567 se-

1239 2575 1365 2606 cundum
1382 2572 1470 2617 suam
1498 2578 1603 2618 Legem
1624 2574 1854 2616 oompofitionem
1869 2574 1994 2615 faciat.
2021 2578 2137 2617 siquis·

1240 2624 1320 2656 homo
1332 2625 1406 2656 liber
1418 2625 1541 2666 aliquod
1550 2626 1609 2658 tale
1633 2627 1776 2657 damnum
1791 2624 1907 2659 cuilibet
1924 2625 2031 2665 f'ecerit
2045 2649 2056 2665 ,
2076 2634 2135 2666 pro

1241 2687 1295 2716 quo
1313 2675 1436 2716 plenam
1447 2674 1672 2716 compositionem
1677 2675 1782 2718 facere
1793 2687 1850 2710 non
1864 2676 1990 2714 valeat,
2011 2674 2134 2716 se-met-

1240 2723 1338 2766 ipsum
1357 2728 1388 2756 in
1404 2726 1517 2756 Wadio
1539 2733 1593 2766 pro
1602 2724 1690 2767 serim
1702 2728 1775 2758 dare
1781 2724 1917 2763 studeat,
1943 2723 2031 2765 usque
2058 2726 2132 2757 dum

1237 2774 1359 2816 plenam
1367 2772 1605 2816 satisfac‘lionem
1618 2777 1800 2817 adimpleat.
1833 2773 1900 2808 Uti
1927 2774 2033 2816 Reges
2045 2773 2135 2806 Civi-

1242 2835 1346 2858 tatum
1368 2835 1477 2856 muros
1497 2825 1531 2858 &
1558 2824 1686 2867 publica
1709 2835 1924 2864 ornamenta,
1949 2824 1995 2856 ita
2010 2823 2135 2859 Milites

1246 2874 1452 2907 Rusticorum
1478 2886 1515 2908 ac
1538 2876 1706 2918 praesertim
1735 2873 1894 2908 nobilium
1919 2897 1930 2913 ,
1965 2873 2023 2906 nifi
2050 2872 2138 2906 forte

1242 2924 1326 2967 apud
1350 2924 1477 2967 Regem
1504 2924 1536 2957 in
1560 2936 1647 2958 reatu
1673 2924 1756 2965 sint,
1781 2925 1911 2958 Domos
1924 2933 1989 2956 non
2005 2934 2047 2965 po
2060 2925 2136 2958 lunt

1242 2984 1403 3007 evertere.
1435 2973 1525 3007 Bella
1547 2976 1631 3008 fiunt
1654 2986 1721 3008 non
1743 2975 1785 3008 ad
1810 2974 2022 3007 evertendum
2045 2971 2137 3007 hunc

1243 3023 1426 3063 mundum,
1453 3024 1502 3057 sed
1517 3024 1557 3057 ad
1571 3024 1704 3067 injurias
1716 3024 1920 3068 reparandas.
1953 3022 1994 3057 Et
2005 3033 2136 3057 reorum

1243 3074 1418 3107 Nobilium
1431 3073 1563 3107 Domus
1575 3074 1691 3107 destrui
1707 3086 1773 3112 non
1790 3073 1928 3116 poffint,
1952 3073 2016 3106 fine
2030 3074 2138 3117 singu-

1243 3124 1301 3156 lari
1342 3123 1443 3167 Regis
1471 3124 1627 3158 mandato
1649 3150 1655 3156 .
1686 3125 1806 3159 Omnis
1832 3123 1897 3156 haec
1917 3124 2137 3167 praevaricatio

1242 3172 1367 3217 obligat
1391 3173 1431 3206 ad
1451 3174 1577 3216 plenam
1591 3173 1831 3207 restitutionem
1851 3198 1857 3205 .

1294 3223 1396 3268 Qod
1412 3223 1621 3256 Rusticorum
1642 3231 1786 3257 armenta
1800 3224 1831 3256 &
1846 3234 1960 3266 pecora
1974 3231 2134 3268 nequeant
2151 3232 2235 3266 Dec,
2275 3242 2307 3283 3,
2360 3230 2363 3232 “

1243 3271 1282 3306 ab
1303 3273 1457 3327 inimicis.
1471 3273 1631 3327 militibus
1651 3273 1761 3306 invadi
1787 3297 1798 3312 ‚
1826 3274 1959 3316 quidam
1995 3274 2131 3317 probant
2153 3281 2225 3316 Lib.
2248 3293 2280 3327 4

1244 3335 1283 3356 ex
1308 3322 1395 3355 Tito
1418 3322 1517 3355 Livio
1540 3346 1550 3362 ‚
1578 3322 1736 3356 scribente
1762 3324 1801 3357 de
1828 3325 1905 3357 caeso
1928 3324 1959 3360 ἀ
1994 3323 2133 3366 spoliato
2150 3343 2218 3378 cap·
2249 3328 2299 3368 16,

1245 3383 1299 3416 per
1311 3370 1483 3404 Romanos
1498 3372 1688 3406 Hannibale
1704 3386 1714 3405 :
1743 3374 1855 3406 Praeda
1867 3378 1961 3406 omnis
1971 3396 1983 3413 ,
2004 3380 2132 3412 praeter-

1243 3434 1331 3464 quam
1356 3420 1504 3454 bominum
1515 3426 1714 3463 Captivorum
1727 3447 1737 3462 ,
1765 3424 1857 3455 Militi
1869 3423 1990 3464 conceffa
2001 3420 2039 3455 ell
2050 3445 2058 3452 .
2087 3424 2134 3453 Et

1245 3476 1333 3507 Pecus
1348 3479 1503 3516 exceptum
1515 3471 1552 3513 est
1564 3497 1575 3515 ,
1599 3474 1680 3517 quod
1702 3475 1784 3508 intra?
1795 3475 1858 3510 dies
1870 3477 1996 3517 triginta
2011 3472 2133 3505 Domini

1985 3530 2083 3566 cogno-
