2366 3736
590 59 895 104 RERUM

283 145 387 183 titur,
412 140 648 185 refelliturque.
678 152 756 192 301.
782 155 810 181 1·
827 142 895 176 Alii
908 144 1047 188 ejusdem
1059 149 1122 210 er'i

283 205 390 228 rores.
868 202 945 240 303.
974 205 1001 230 1.
1023 191 1104 236 seqq.

232 244 368 279 Ireuaeus
389 242 604 287 Metropolita
616 241 741 287 Tyrius
763 244 866 276 fuerat
879 243 1047 277 successive
1059 243 1105 276 bi·

967 74 1050 104 ET
1117 60 1631 107 VERBORUM.

1945 83 1970 111 0
1984 82 2000 112 1

1217 145 1362 180 Alberon
1384 170 1394 185 ‚
1428 154 1537 178 motus
1558 145 1685 187 planctu
1710 144 1870 186 cujusdam
1894 80 2036 184 iriiilieris

1221 206 1291 238 quae
1310 196 1407 229 nostu
1428 194 1660 228 lamentabatur
1691 205 1832 229 amotam
1854 197 1910 231 fibi
1931 199 2037 231 milei-

1217 254 1297 278 tram
1312 269 1319 276 .
1930 257 1984 292 70,
2020 258 2033 281 ι

280 304 394 338 gamus
415 318 422 325 .
459 303 490 338 5.
512 303 543 327 2.
568 293 612 327 Et
637 291 740 336 plures
763 291 949 335 hujusmodi
976 292 1103 330 fuerunt
1169 294 1288 327 Manus
1312 305 1437 327 mortua
1450 294 1590 328 secundo
1613 294 1713 328 modo
1726 306 1782 336 pro
1794 296 2038 329 amortizatione

281 343 422 378 ordinati
434 367 441 376 .
1030 342 1102 375 ibid.

230 392 328 436 Judas
350 403 425 427 curn
450 403 532 425 nutu
554 401 687 434 peccans
697 390 927 425 fornicatusest
940 414 951 431 ,
976 392 1104 425 nonin·

280 442 442 476 cestuosus
461 440 505 474 ob
526 441 745 486 ignorantiam
765 442 856 475 fasti.
1009 452 1058 485 ιε).
1082 455 1102 478 2

229 492 328 536 Judas
352 491 466 535 periit,
495 492 682 526 vindicante
700 492 752 527 SS.
779 487 982 524 Eucharistia
1004 501 1101 533 quam

280 542 364 576 male
386 543 575 587 sumpserat.
979 550 1055 587 372.
1087 551 1100 576 1

229 592 335 635 Judex
362 592 493 627 fi‘errat
519 593 553 626 in
575 591 658 625 fano
681 615 692 631 ,
722 590 943 627 ‚innocentem
970 592 1101 624 damnat

281 641 345 676 fine
366 652 499 684 peccato
518 666 526 674 .
1002 649 1055 686 19.
1084 652 1103 677 2

230 689 396 732 Judiciurn
417 691 450 725 in
468 693 533 726 fine
554 691 648 731 vitae‚
675 689 715 723 ad
739 690 883 724 stateram
896 689 1059 723 bonorum
1073 691 1104 723 ἀ

280 741 440 775 malorum
464 752 618 786 operum,
646 739 838 774 librantibus
861 739 998 782 Angelis
1012 739 1105 772 bonis

282 791 314 824 &
337 793 450 826 malis.
850 786 904 836 38·
935 799 961 824 1.
985 787 1104 830 &seqq

231 840 379 884 Julianus
403 841 582 885 Episcopus
605 839 763 874 Memorii
792 838 955 881 Campani
979 838 1107 880 Episco-

282 893 315 935 pi
337 892 445 932 filius,
471 902 524 935 pet
547 890 770 932 eleemosynas
792 915 805 930 ,
823 889 943 925 multos
963 888 996 921 in
1021 888 1108 922 Pela-

282 943 416 986 gianam
438 941 574 975 haeresim
598 939 716 973 trahit.
750 938 824 974 181.
850 949 878 973 1.
903 938 1053 980 Appellat
1068 938 1107 971 ad

282 991 467 1037 generalem
490 989 675 1034 Synodum.
705 988 776 1020 ibid.
804 987 1006 1030 Repellitur.
1035 988 1106 1020 ibid.

281 1043 377 1076 Hinc
396 1041 474 1074 furit
496 1042 530 1073 in
554 1038 777 1082 Augustinum
792 1036 864 1070 vilis
883 1037 1022 1071 civitatis
1037 1038 1110 1081 Epi-

280 1094 415 1135 scopum
438 1114 449 1131 ,
474 1100 533 1123 ceu
561 1085 838 1122 Manicheismum
866 1086 1074 1121 inducentem
1100 1113 1107 1119 .

279 1141 353 1175 ibid.
380 1142 468 1185 Aug.
490 1138 565 1172 vero
586 1149 626 1171 ex
651 1138 838 1179 Praescripto
863 1136 1027 1170 Bonifacii
1052 1137 1107 1170 Pa-

278 1203 326 1235 pae
348 1189 465 1234 scripsit
477 1197 615 1232 quatuor
628 1186 727 1221 libros
738 1187 778 1221 ad
796 1185 1005 1220 Bonifacium
1020 1210 1030 1226 ,
1043 1186 1107 1229 qui-

280 1241 342 1275 bus
364 1237 558 1279 concludit,
587 1237 654 1280 post
680 1235 1030 1278 pontificis-judicium
1044 1247 1108 1269 non

280 1292 344 1325 esse
365 1290 446 1324 ultra
470 1287 699 1332 appellandum
722 1312 730 1320 .
757 1285 830 1319 ibid.
854 1297 884 1323 2·
911 1284 992 1329 seqq.
1022 1285 1110 1320 Vide

282 1342 448 1385 Pelagium:
468 1337 600 1380 baerefis.
1121 1343 1124 1346 ·

226 1395 455 1439 Juramentum
477 1387 517 1422 de
545 1399 612 1421 non
632 1385 836 1429 suscipiendo
861 1386 1055 1429 Episcopatu
1069 1397 1109 1419 an

282 1441 426 1476 validum
440 1463 450 1478 ‚
462 1439 554 1472 variae
565 1439 644 1472 olim
658 1449 748 1470 erant
763 1437 928 1470 sententiae
951 1437 1112 1478 utrimque

283 1490 483 1535 probabiles.
856 1487 901 1520 16.
930 1497 961 1520 2.
988 1488 1021 1519 <ze
1030 1484 1110 1527 seqq.

230 1541 458 1583 Juramentum
481 1538 610 1582 exigere
630 1538 671 1571 ab
693 1547 733 1570 eo
755 1546 852 1579 quem
865 1534 1112 1579 certopraevides

280 1590 536 1636 perjuraturum,
562 1587 605 1621 est
618 1598 717 1632 grave
734 1593 919 1631 peccatum.
1019 1593 1073 1631 24.
1094 1595 1109 1620 1

655 1686 686 1717 L

314 1788 364 1821 Ex
376 1783 487 1819 Caroli
502 1781 620 1825 Magni
632 1780 672 1813 de
684 1790 751 1812 non
769 1778 965 1812 Clericando
978 1777 1026 1811 vel
1039 1778 1112 1811 Mo-

341 1833 589 1869 nachandofine
601 1829 757 1871 Principis
771 1828 919 1862 Licentia
933 1839 1007 1874 .44.
1024 1840 1049 1864 1·
1063 1829 1110 1871 Ju-

279 1888 324 1920 sta
339 1886 398 1920 fuit
417 1893 487 1929 45.
504 1893 531 1918 1.
545 1881 606 1915 Sed
621 1878 923 1913 contralibertatcm
943 1878 1110 1911 Ecclesiae:

278 1936 357 1980 quia
368 1945 416 1968 res
428 1933 494 1966 haec
505 1932 545 1965 ad
559 1931 738 1973 Episcopus
752 1927 910 1971 spectabat
925 1953 931 1959 .
958 1928 1027 1960 ibid.
1043 1929 1111 1962 Lex

277 1985 356 2020 vero
367 1983 516 2018 Mauritii
532 1981 647 2023 injusta
662 1981 724 2013 fuit
740 1991 748 2009 ι
774 1979 850 2021 quia
864 1977 1059 2020 impediebat
1075 1989 1113 2010 ne

236 2043 237 2046 ’
278 2035 403 2070 Clerici
415 2034 462 2067 vel
476 2029 637 2065 Monachi
652 2030 765 2063 fierent
779 2026 918 2062 omnino
930 2051 938 2059 .
967 2028 1037 2060 ibid.
1052 2028 1111 2061 Sed

278 2097 384 2128 neque
396 2085 446 2118 lex
461 2082 575 2117 Caroli
594 2079 650 2113 usu
674 2089 797 2121 recepta
811 2076 871 2111 fuit
889 2101 897 2109 .
947 2075 1109 2119 ibtdscqq,

226 2136 299 2170 Lex
314 2134 507 2179 Evangelica
521 2142 587 2164 non
600 2129 645 2163 est
654 2128 746 2162 aliud
764 2127 859 2170 quam
875 2128 1027 2160 naturalis
1044 2128 1112 2161 Lex

279 2186 391 2219 vestita
414 2181 605 2228 paucissimis
629 2179 708 2215 novi
731 2177 913 2212 testamenti
934 2178 1110 2216 Sacramen-

267 2237 339 2274 xis.
1033 2239 1062 2263 2·
1092 2239 1113 2264 2

225 2285 300 2320 Lex
322 2286 364 2321 de
385 2296 483 2319 manu
498 2292 624 2318 mortua
637 2305 647 2320 ,
673 2279 717 2313 est
732 2277 817 2321 quafi
836 2276 1035 2311 mortificans
1047 2288 1112 2310 ma-

276 2347 338 2369 nus
352 2334 588 2367 Ecclesiasticas
600 2331 638 2365 ad
653 2328 939 2372 apprehendendus
954 2327 1111 2370 poffeffio-

275 2395 333 2417 nes
344 2381 529 2415 immobiles
544 2405 551 2412 .
566 2379 619 2424 83.
637 2390 663 2414 1.
682 2378 735 2411 Est
748 2378 828 2420 justa
843 2402 850 2409 .
878 2377 950 2410 ibid.
962 2378 1026 2410 vid.
1039 2377 1110 2410 Ma·

278 2444 338 2466 nus
365 2441 507 2464 mortua.

223 2483 436 2518 Lovanienfis
458 2479 544 2513 urbis
569 2477 725 2521 protectio
741 2501 750 2516 ,
778 2476 828 2519 pie
849 2477 1025 2511 confiditur
1049 2476 1110 2509 esse

277 2532 474 2566 Miraculosa
500 2526 701 2562 Eucharissia
724 2527 808 2569 apud
823 2526 934 2559 Patres
949 2526 1111 2569 Augusti-

277 2583 394 2616 nianos
421 2577 579 2614 custodita
591 2603 598 2610 .
980 2586 1056 2623 377.
1090 2587 1109 2611 2

224 2633 379 2667 Lucretia
406 2627 591 2673 Augustino
613 2625 677 2660 visa
690 2624 734 2659 est
757 2636 822 2658 non
837 2625 1027 2659 consensisse
1042 2626 1108 2658 slu-

275 2694 333 2726 pro
346 2696 354 2715 2
385 2679 579 2722 Duofuerunt
590 2701 602 2718 ,
627 2677 660 2709 ὁ·
672 2686 747 2708 unus
757 2674 893 2716 commtfit
903 2676 1084 2709 adulterium
1096 2699 1106 2715 ,

275 2732 403 2776 inquit.
1003 2733 1058 2770 45.
1090 2736 1104 2761 1

216 2781 360 2820 Lutheri
380 2790 500 2815 errores
527 2779 612 2813 circa
635 2775 870 2812 contritionem
884 2801 892 2811 .
921 2776 994 2810 vide
1017 2774 1106 2809 Con·

275 2842 366 2869 tritio
377 2855 385 2864 .

641 2928 683 2961 M

338 3029 430 3064 Anus
440 3039 567 3065 mortua
584 3027 629 3063 est
642 3026 780 3070 duplex.
808 3024 916 3059 Prima
928 3036 997 3069 quae
1018 3023 1101 3059 olim

360 3080 460 3124 viguit
473 3091 539 3114 erat
551 3102 561 3119 ,
571 3078 647 3112 cum
661 3076 866 3119 Principibus
878 3075 1032 3118 supremis
1046 3076 1098 3109 de-

268 3131 405 3164 bebatur
426 3130 493 3172 post
515 3139 652 3163 mortem
667 3127 770 3160 Patris
785 3126 923 3160 familias
936 3127 1098 3168 optimum

267 3179 336 3221 ejus
349 3180 482 3223 pignus,
513 3189 567 3213 aut
591 3181 622 3212 in
636 3181 705 3220 ejus
719 3177 879 3210 defectum
891 3174 1096 3209 abscindeba-

264 3241 318 3264 tur
332 3240 447 3264 manus
460 3228 587 3263 dextera
600 3228 740 3261 defuncti
756 3226 808 3266 ‚&
826 3225 984 3260 Dominis
996 3224 1095 3258 trade·

264 3279 359 3313 batur
376 3279 409 3311 in
437 3278 563 3322 signum
584 3277 745 3320 praeterirae
772 3274 931 3309 servitutis
955 3300 961 3308 .
988 3274 1042 3322 69.
1062 3285 1096 3310 2.

263 3340 320 3377 70.
339 3341 366 3365 1.
379 3328 457 3361 Hoc
475 3327 525 3369 jus
537 3328 681 3360 extinxit
705 3324 892 3360 Leodiensis
917 3324 1096 3369 Episcopus

314 3378 421 3420 Cbnst·
449 3380 529 3421 Lupi
553 3380 651 3420 Opera
676 3379 757 3412 Tam.
772 3375 830 3409 XI.

1217 343 1391 386 accipitur,
1421 345 1802 387 variainrerpretatione.
1830 345 1930 390 ⁶9¹2·
1952 353 2038 390 702

1217 392 1254 425 ln
1264 405 1297 426 re
1309 392 1392 425 nihil
1406 393 1448 426 est
1463 394 1549 427 aliud
1559 397 1654 437 quam
1672 394 1834 435 exemptio
1850 404 1953 426 rerum
1967 394 2041 426 Mo-

1218 442 1445 476 nachalium&
1462 443 1750 476 Ecclesiasiicarum
1774 443 1994 476 immobilium
2020 441 2038 474 ὲ

1217 493 1289 526 foro
1302 491 1584 538 civili.70.2.Circa
1595 492 1657 526 hoc
1673 495 1723 524 lex
1736 492 1796 524 lata
1809 492 1847 526 de
1863 503 1926 525 non
1940 501 2043 524 amor-

1216 541 1352 575 tizandis
1363 540 1468 582 bonis,
1481 545 1510 575 id
1521 543 1621 581 est,ne
1635 540 1792 575 Monachi
1805 543 1836 575 ἀ
1851 540 2041 575 Ecclesiasti-

1216 592 1245 624 ci
1270 590 1469 624 haereditates
1489 590 1626 632 adeant3
1655 592 1703 624 vel
1726 592 1937 624 donationes.
1966 591 2041 622 ibid.

1217 640 1439 686 Qandonam
1450 640 1533 682 apud
1547 640 1714 674 Graecosid
1728 642 1858 682 coeperit
1870 641 1934 673 fieri
1949 640 1960 671 ?
1975 649 2041 684 75⁴

1218 689 1327 723 Primo
1358 689 1484 733 incaepit
1502 701 1590 723 anno
1607 699 1684 734 920.
1700 691 1727 721 A
1743 689 1897 723 Romano
1909 688 2019 721 Primo
2033 712 2041 720 .

1217 739 1287 771 ibid.
1310 738 1698 781 SecundoaNict-phoro
1724 738 1853 773 Phooa.
1882 738 1952 770 ibid.
1980 738 2041 771 Sed

1221 788 1276 822 has
1288 788 1376 833 leges
1397 789 1558 822 damnavit
1573 785 1755 823 patriarcha
1766 787 2042 829 Constantinopo-

1219 840 1338 873 litanus
1352 838 1564 881 Polyeuchis.
1598 847 1649 883 15.
1666 847 1696 871 2.
1721 837 1806 870 Cum
1821 838 1872 869 sua
1885 837 1923 878 Sy
1940 839 2037 869 nodo.

1220 889 1276 935 76.
1294 900 1306 924 r
1316 914 1322 920 .
1334 888 1409 922 Post
1422 900 1557 922 mortem
1572 886 1688 921 Phocae
1700 912 1710 926 ,
1724 885 1921 928 Polyeochis
1936 886 2041 919 noluit

1220 950 1375 972 coronare
1397 940 1602 972 successorem
1630 938 1788 981 Joannem
1812 936 2012 969 Tremiscem
2033 959 2045 975 ,

1222 988 1278 1021 nifi
1300 989 1333 1022 δε
1356 988 1406 1020 hic
1420 989 1540 1031 priores
1555 989 1639 1032 leges
1650 986 1814 1024 damnaret
1827 986 1859 1019 ἀ
1875 988 2045 1018 laceraret.

1222 1048 1276 1084 73.
1291 1049 1318 1073 1.
1341 1038 1443 1085 Qiod
1453 1037 1528 1071 fecit
1543 1062 1548 1068 .
1563 1038 1640 1070 ibid.
1650 1037 1681 1070 ὅ(
1696 1037 1779 1079 leges
1791 1036 1964 1068 contrarias
1977 1045 2047 1077 pro-

1221 1089 1381 1131 mulgavit
1395 1111 1402 1118 .
1419 1099 1471 1134 75.
1485 1100 1513 1124 2-
1527 1088 1585 1120 Sed
1601 1087 1706 1129 postea
1719 1086 1842 1119 isaacus
1855 1084 2047 1118 Comnenus
2095 1093 2104 1108 ¹

1222 1138 1318 1179 coepit
1333 1138 1419 1181 leges
1429 1138 1608 1180 Nicephoti
1623 1134 1768 1169 reducere
1779 1136 1917 1177 respestu
1931 1134 2049 1167 Mona·

1225 1187 1409 1221 steriorum.
1440 1188 1492 1234 76.
1508 1198 1537 1222 2.
1562 1187 1638 1231 Egit
1662 1197 1767 1219 autem
1787 1186 2010 1227 poenitentiam
2037 1206 2049 1222 ,

1223 1237 1369 1279 deposuit
1382 1237 1558 1278 imperium
1571 1262 1581 1277 ‚
1607 1237 1639 1269 &
1651 1234 1885 1269 Monasierium
1898 1232 2050 1277 ingressus

1223 1285 1267 1319 est
1280 1311 1287 1319 .
1313 1298 1366 1333 77.
1384 1297 1409 1322 1.
1425 1285 1500 1320 Post
1516 1295 1650 1320 mortem
1663 1307 1672 1324 ,
1700 1284 1855 1327 sepultura
1876 1283 1942 1325 ejus
1956 1283 2052 1325 plena

1224 1335 1370 1369 humoris
1391 1335 1472 1378 fuit3
1500 1336 1587 1379 quod
1610 1336 1665 1368 alii
1689 1335 1723 1367 in
1738 1334 1873 1366 ultionis
1887 1332 2012 1376 signum
2039 1355 2051 1371 ‚

1225 1385 1280 1419 alii
1305 1387 1337 1418 in
1354 1385 1730 1428 sanstitatisinterpretati
1748 1384 1837 1416 sunt.
1868 1382 1920 1428 76.
1936 1393 1963 1417 2.
1990 1379 2053 1414 Sed

1225 1436 1389 1477 resumpsit
1405 1438 1509 1469 rursus
1529 1434 1722 1468 Emmanuel
1736 1433 1927 1466 Comnenus
1941 1442 2010 1476 .77.
2028 1441 2054 1465 1.

1224 1487 1257 1518 (θ’
1278 1483 1357 1527 seqq.
1396 1486 1515 1519 Iterum
1542 1485 1616 1517 vero
1639 1494 1691 1517 eas
1708 1483 1831 1516 sustulit
1853 1481 1947 1523 hujus
1972 1480 2055 1513 nlius

1226 1534 1385 1567 Alexius.
1415 1533 1470 1578 78.
1498 1546 1522 1570 1.
1541 1534 1760 1576 Rursusleges
1773 1530 1935 1573 resumpsit
1963 1530 2056 1562 Hen-

1228 1584 1310 1619 ricus
1325 1583 1521 1625 Imperator,
1550 1585 1600 1613 sed
1615 1582 1826 1614 Innocentius
1846 1582 1958 1613 tertius
1968 1579 2056 1613 dam·

1227 1633 1332 1665 navit.
1362 1633 1435 1663 ibid.
1450 1630 1671 1675 Qandonam
1685 1632 1838 1671 coeperint
1853 1630 1884 1661 in
1898 1627 2015 1662 Galliis
2039 1628 2053 1660 ?

1228 1679 1313 1727 78.2
1337 1683 1365 1713 A
1388 1679 1576 1720 Chilperico
1598 1678 1709 1720 Rege,
1737 1679 1792 1718 qui
1810 1678 1911 1709 dicius
1931 1677 1974 1708 est
1989 1678 2057 1710 He-

1227 1729 1319 1761 rodes
1331 1729 1362 1762 ἀ
1375 1728 1465 1761 Nero
1480 1729 1523 1760 sui
1538 1727 1706 1770 temporis.
1729 1724 1782 1774 78.
1797 1734 1826 1759 2.
1839 1727 2053 1760 Suntramnus

1228 1777 1299 1811 Rex
1323 1802 1333 1817 ‚
1372 1778 1547 1821 Chilperici
1581 1776 1851 1810 constitutionem
1887 1776 2016 1809 cassavit
2041 1801 2050 1809 .

1229 1838 1283 1874 79.
1315 1839 1341 1863 1.
1368 1827 1554 1862 Ludovicus
1576 1828 1708 1861 sancius
1730 1826 1923 1858 donationes
1945 1826 1978 1858 in
2006 1827 2052 1861 fa·

1230 1888 1340 1911 vorem
1379 1878 1589 1911 Ecclefiarum
1626 1875 1830 1909 confirmavit
1858 1900 1864 1907 .
1899 1875 1968 1907 ibid.
1991 1874 2053 1910 Sed

1229 1926 1397 1971 Philippus
1426 1927 1592 1971 Augustus
1611 1926 1725 1960 iterum
1747 1924 1924 1967 assumpsit.
1954 1924 2052 1968 Inno-

1227 1980 1354 2011 centius
1379 1979 1455 2011 νει-ὸ
1472 1980 1586 2011 tertius
1605 1978 1731 2010 fortiter
1755 1977 1783 2008 se
1794 1976 1944 2017 opposuit
1957 1974 2050 2009 .ὶόἱαὶ

1233 2027 1270 2061 ln
1299 2028 1516 2072 Angliavero
1540 2029 1660 2070 incepit
1685 2037 1736 2068 per
1760 2025 1958 2059 Richardum
1986 2028 2051 2058 Ar·-

1227 2076 1467 2122 chiepiscopum
1486 2076 1747 2111 Cantuariensem
1767 2077 1796 2109 S.
1811 2075 1951 2107 Thomae
1963 2074 2049 2108 Mar-

1227 2128 1291 2170 tyri
1321 2131 1505 2170 proximum
1528 2128 1733 2161 successorem
1757 2149 1767 2165 ‚
1792 2134 1906 2158 contra
1932 2124 2048 2158 Cister-

1224 2178 1365 2211 cienses.
1393 2189 1492 2225 79.2.
1519 2179 1583 2211 Res
1606 2178 1670 2209 haec
1697 2174 1780 2208 varie
1800 2175 1940 2208 cucurrit
1952 2174 2050 2216 usque

1225 2227 1264 2260 ad
1290 2227 1473 2261 Eduardum
1493 2227 1511 2260 ὲ
1532 2226 1745 2261 Nortmannis
1759 2227 1896 2266 primum
1911 2248 1921 2262 ,
1948 2224 2049 2266 quim

1226 2275 1378 2311 Richardi
1409 2280 1600 2311 sententiam
1625 2276 1704 2309 abiit
1730 2285 1782 2313 per
1796 2274 1920 2316 legem.
1949 2276 2000 2306 80.
2018 2282 2046 2309 1.

1223 2327 1314 2360 Idem
1336 2327 1475 2370 praestitit
1499 2325 1697 2359 Richardus-
1726 2319 1777 2356 80.
1803 2331 1833 2353 2.
1864 2321 1985 2354 Vetans
2003 2334 2043 2356 ne

1224 2379 1323 2409 etiam
1348 2387 1400 2417 per
1424 2376 1623 2415 interpositas
1646 2371 1800 2404 Personas
1823 2395 1832 2409 ,
1859 2381 1905 2403 res
1930 2372 2050 2405 immo·

1224 2423 1302 2457 biles
1322 2424 1632 2466 apprehenderentur
1650 2420 1689 2454 ab
1707 2420 1949 2453 Ecclesiasiicis.
1973 2420 2043 2454 ibid.

1223 2472 1259 2505 In
1284 2473 1494 2507 Germaniam
1509 2471 1694 2506 introdusiae
1710 2471 1779 2502 sunt
1796 2469 1858 2502 istae
1871 2470 1954 2512 leges
1966 2481 2047 2504 tern-

1221 2533 1297 2566 pore
1324 2522 1501 2556 schismatis
1523 2522 1609 2565 quod
1633 2530 1743 2553 contra
1774 2518 1948 2552 Urbanum
1984 2520 2044 2555 VI.

1223 2573 1384 2606 suscitavit
1407 2572 1569 2606 Robertus
1580 2569 1797 2603 Gebennenlis
1812 2568 1988 2611 Episcopus
1999 2569 2045 2603 di-

1223 2624 1289 2656 stus
1317 2622 1470 2656 Clemens
1493 2621 1567 2654 Vll.
1597 2618 1649 2656 81-
1684 2631 1709 2654 1·
1739 2619 2043 2663 Contra'quasegit

1223 2671 1410 2706 Bonifacius
1439 2671 1494 2704 IX.
1511 2669 1759 2704 Constantiense
1774 2692 1783 2706 ,
1811 2668 1996 2708 Basiliense,
2011 2670 2043 2702 &

1222 2723 1359 2756 Carolus
1380 2722 1439 2755 1V.
1469 2719 1523 2758 81.
1555 2731 1582 2755 2.
1612 2719 1670 2751 Sed
1692 2716 1819 2750 tandem
1844 2718 1977 2758 querelae
2001 2718 2045 2751 fa-

1218 2775 1271 2807 &ae
1283 2767 1355 2806 suut
1372 2774 1404 2805 in
1421 2772 1597 2805 Conventu
1620 2766 1877 2809 Nutenbergenli
1895 2790 1901 2798 .

1219 2823 1325 2857 Anno
1358 2831 1455 2868 1522-
1493 2817 1623 2853 Praefide
1653 2815 1822 2851 Fernando
1857 2815 1968 2850 Caroli
1997 2817 2041 2851 V.

1216 2873 1349 2913 Fratre,
1377 2873 1409 2905 ὅ(
1432 2868 1558 2911 Imperii
1579 2867 1732 2900 Vicario.
1764 2865 1810 2899 Ita
1834 2864 1952 2898 scilicet
1967 2890 1976 2905 ‚
2004 2876 2040 2900 ut

1217 2922 1367 2957 Profeffis
1396 2932 1460 2954 non
1488 2916 1625 2959 amplius
1647 2917 1846 2957 sequerentur
1869 2915 1952 2948 bona
1980 2915 2041 2949 hae-

1214 2974 1387 3013 reditaria;
1414 2980 1449 3002 ea
1466 2977 1571 3000 tamen
1595 2966 1664 3010 lege
1686 2975 1720 2997 ut
1732 2965 1797 3003 eis,
1814 2963 1839 3006 Χὲ
1850 2964 2040 2998 Parentibus

1185 3052 1187 3054 ,
1213 3024 1245 3057 ἀ
1264 3023 1377 3056 amicis
1403 3019 1493 3062 juxta
1514 3016 1666 3059 cujusque
1690 3015 1852 3047 fortunam
1885 3015 1917 3047 δε
1940 3015 2039 3047 facul.

1214 3084 1317 3112 tates,
1344 3068 1549 3104 mediocriter
1570 3064 1725 3108 provideri
1750 3061 1861 3096 debeat
1888 3087 1897 3102 ,
1926 3074 1960 3096 ut
1984 3061 2037 3097 ha-

1215 3123 1309 3157 beant
1332 3119 1415 3154 unde
1438 3114 1613 3151 commode
1647 3115 1678 3147 in
1704 3113 1908 3146 Monasteriis
1931 3115 2036 3147 vivere

1212 3172 1346 3216 possint.
1377 3171 1428 3206 δι.
1451 3179 1480 3205 2.
1501 3166 1651 3198 Tantum
1671 3163 1754 3197 abest
1773 3172 1808 3195 ut
1837 3172 1888 3204 per
1901 3161 2036 3195 Germa·

1211 3223 1299 3256 niam
1326 3221 1376 3253 lex
1395 3214 1672 3261 amortizationis,
1698 3223 1716 3245 e
1739 3211 1845 3244 cludat
1867 3211 1914 3252 jus
1926 3210 1964 3243 ad
1976 3209 2036 3245 do-

1211 3283 1297 3311 tem,
1324 3269 1402 3314 quin
1424 3275 1555 3301 econtra
1583 3263 1663 3297 illud
1678 3261 1871 3305 supposuerit
1885 3261 1916 3293 ἀ
1930 3260 2035 3294 invol-

1209 3322 1291 3357 verit
1315 3344 1323 3353 .
1350 3317 1420 3353 ibid.
1446 3316 1489 3350 Et
1511 3314 1594 3348 hauc
1617 3314 1720 3357 legem
1746 3321 1820 3346 cum
1843 3309 1901 3343 ista
1925 3308 2034 3343 Modi-

1505 3362 1536 3398 K
1561 3363 1585 3398 k
1631 3373 1656 3409 4
1862 3358 1985 3395 ficatio·
