2366 3736
59 345 124 395 ΕΡ·
139 362 193 395 11.

65 668 215 716 &Augu-

635 144 703 179 nc
736 132 1171 185 Comata-mue
1205 141 1272 174 nr
1302 128 1718 176 Arrius-ioue.

242 216 312 250 tam
330 212 349 251 a
358 210 469 259 Regio
480 211 645 257 Propheta
656 214 763 258 legem
774 237 786 254 ,
808 217 874 249 Lex
886 217 1007 249 Domini
1017 217 1121 248 imma·

240 266 337 302 culam
345 273 520 301 convertens
530 269 648 301 animas
659 286 671 303 ,
695 264 758 300 effe
770 261 959 300 charitatem
972 262 1119 300 adfirmat

237 313 272 351 in
292 314 395 352 literis
411 313 451 349 ad
472 316 586 354 fratres
597 309 834 348 Carthasienses
845 314 970 348 sanstus
984 313 1119 352 Bernar-

234 363 318 405 dus,
342 365 377 401 δι
398 364 569 410 adjungit:
595 362 688 408 ,Quod
699 359 765 404 sola
775 362 974 405 videlicetlit,
1000 373 1067 411 quae
1079 363 1118 401 ab

233 425 332 449 amore
353 413 400 457 sui
419 416 453 449 (9²
473 414 577 451 mundi
598 418 735 446 avertere
753 414 834 457 pofflt
851 419 1005 453 animum,
1028 414 1063 452 Φ
1086 419 1118 450 in

232 467 333 499 Deum
353 466 499 509 dirigere.
526 466 591 498 Nec
600 467 689 498 timor
698 468 807 505 quippe
818 487 830 504 ,
855 474 1000 500 necamor
1010 468 1117 505 priva·

232 524 281 549 tus
297 520 446 551 convertit
468 517 620 549 animam.
648 516 772 549 Mutant
791 513 941 551 interdum
964 514 1084 549 vultum
1106 538 1117 555 ,

232 564 287 598 seu
300 566 406 603 astum
419 571 593 601 externum
605 587 617 603 ,
642 561 781 606 affec‘lum
791 574 944 606 nunquam
953 589 961 597 .
989 564 1118 602 Verita-

232 622 299 652 tem
310 614 403 651 istam
413 613 583 657 insigniter
598 613 633 651 ἀ
645 612 987 656 copiosedemonstrat
1006 638 1014 647 .

280 662 418 699 Obstare
429 663 557 699 videtur
568 662 602 696 in
618 662 821 701 sermonibus
834 662 874 701 de
886 661 1038 707 Apostoli
1051 674 1117 701 vet·

1946 145 2040 192 235

1185 222 1227 248 ex
1247 218 1335 247 metu
1348 211 1466 247 fastum
1477 212 1523 249 est
1537 223 1579 249 ex
1589 210 1778 248 voluntario
1787 208 2056 251 &involuntario

1182 260 1343 303 mixtum,
1369 260 1518 299 absolute
1531 272 1642 298 tamen
1655 262 1879 298 voluntarium
1889 286 1899 302 ,
1911 264 1988 304 quia
2000 275 2055 299 ex-

1181 321 1266 348 torta
1277 322 1332 358 per
1343 319 1468 348 metum
1481 312 1634 350 voluntas
1644 313 1688 347 est
1702 312 1841 350 validior
1853 336 1864 352 ‚
1889 312 2055 354 aliamque

1181 359 1240 399 fibi
1259 361 1426 398 adversam
1447 362 1625 404 compescit
1645 387 1656 401 ‚
1683 363 1786 406 ligat,
1812 373 1850 396 ac
1877 361 1911 396 in
1932 362 2055 397 intimo

1180 409 1285 445 cordis
1307 409 1465 457 penetrali
1483 412 1575 458 cogit
1595 412 1862 449 latitare&filere
1880 437 1887 444 .
1921 412 1963 446 Et
1975 411 2056 447 hinc

1180 460 1345 508 eleganter
1367 460 1449 494 dicit
1473 460 1715 513 Augustinus‚.·
1752 462 1816 505 ,Qui
1837 468 1940 497 timore
1953 470 2055 507 poenae

1179 522 1237 547 non
1248 508 1440 553 concupiscit,
1461 518 1536 557 puto
1547 516 1619 557 quia
1628 511 1815 554 concupiscit.
1844 513 1925 548 Non
1934 524 2057 548 concu-

1156 558 1158 560 ’
1180 560 1273 605 piscit
1285 569 1451 607 patenter,
1478 560 1614 597 latenter
1624 561 1700 594 ver&
1713 561 1931 605 concupiscit.
1960 562 2055 597 Alter

1179 610 1359 656 Augustini
1381 610 1474 650 locus
1496 610 1701 658 expolitione
1722 622 1789 644 non
1800 620 1893 654 eget.
1923 612 2056 648 Etenim

1178 660 1281 698 homo
1302 672 1356 704 per
1366 659 1512 698 servilem
1526 670 1650 697 metum
1662 660 1778 704 incipit
1790 659 1879 695 intus
1896 662 2057 695 revivisce·

1176 722 1210 747 re
1218 732 1229 750 ‚
1240 711 1412 756 quomod&
1421 707 1539 754 incipit
1551 710 1656 755 sapere
1667 723 1678 743 .-
1691 710 1782 757 Qia
1796 720 1911 752 nempe
1923 715 2057 752 mitium,

1175 762 1394 796 extrinsecum
1418 771 1548 801 tamen,
1572 759 1735 804 sapientiae
1754 758 1792 798 est
1816 765 1905 792 timor
1916 761 2035 793 Domini
2047 786 2056 795 .

1177 811 1318 849 Eosdem
1340 812 1375 848 in
1398 812 1506 846 sensus
1526 810 1571 845 est
1594 810 1743 857 Julianus
1767 807 1936 845 Pomerius
1958 820 2058 856 expo·

1176 860 1320 898 nendus.

1224 911 1267 945 Et
1281 909 1358 949 hinc
1368 910 1473 945 oritur
1483 910 1618 956 quaestio
1631 934 1642 951 ,
1670 908 1725 946 An
1749 909 1852 947 latens
1863 909 1922 943 ista
1932 907 2056 952 cupidi·
2104 909 2226 945 Latens

1174 970 1223 999 tas
1241 961 1278 998 fit
1303 973 1344 995 ex
1367 972 1485 1007 genere
1496 963 1555 995 suo
1567 970 1735 1005 peccatum
1747 960 1885 995 mortale
1896 960 1914 991 ἒ
1942 958 2055 994 Ratio·
2069 960 2230 995 subtime-

1175 1022 1250 1045 nem
1263 1009 1435 1045 dubitandi
1449 1010 1566 1057 praebet
1577 1012 1613 1045 in
1629 1010 1715 1045 libro
1726 1009 1766 1047 de
1781 1010 1894 1054 spiritu
1906 1009 1941 1046 δε
1961 1009 2056 1046 litera
2071 1021 2104 1045 re
2134 1009 2223 1054 cupi-

1176 1063 1300 1096 sanstus
1323 1061 1550 1107 Augustinus,
1577 1061 1662 1095 inter
1681 1061 1819 1094 venialia
1831 1059 1976 1096 fidelium
1987 1070 2056 1102 pec·
2070 1059 2153 1094 ditas
2179 1058 2227 1094 est

1175 1121 1246 1146 cata
1258 1122 1383 1154 ponens
1393 1112 1492 1146 etiam
1505 1111 1570 1148 hoc
1582 1125 1594 1146 .-
1608 1113 1640 1144 si
1652 1117 1721 1154 quis
1731 1116 1765 1146 in
1775 1109 1837 1154 ipso
1848 1111 1929 1147 corde
1941 1110 2059 1153 aliquid
2072 1121 2114 1144 ex
2143 1111 2204 1144 suo

1174 1166 1221 1196 ita
1232 1168 1336 1206 cogitet
1346 1186 1357 1202 ‚
1384 1172 1418 1195 ut
1431 1162 1533 1195 mallet
1545 1163 1659 1198 licitum
1671 1163 1754 1204 quod
1760 1162 1839 1197 ηιαΙέ
1848 1159 1974 1195 deIeH'at
1983 1183 1994 1200 ‚
2021 1161 2056 1194 (¹1²
2074 1170 2193 1205 genere

1173 1220 1228 1254 per
1247 1220 1430 1254 preceptum
1449 1211 1545 1255 scitur
1566 1213 1701 1249 illicitum
1717 1236 1726 1244 .
1755 1213 1861 1245 Etiam
1884 1210 1937 1250 ista
1948 1215 2057 1253 quippe
2072 1208 2208 1254 peccatfi

1177 1259 1315 1304 consensio
1323 1263 1366 1294 ad
1372 1270 1525 1303 peccatum
1538 1261 1577 1301 est
1586 1286 1598 1302 ,
1624 1273 1693 1307 quae
1702 1267 1806 1304 utique
1813 1261 1902 1303 fieret
1913 1284 1924 1300 ‚
1937 1259 2057 1303 nifipoe·
2071 1260 2230 1295 mortale.

1180 1323 1221 1346 nn
1242 1320 1383 1346 terreret..
1414 1310 1611 1354 Respondeo
1633 1322 1741 1348 tameu
1752 1308 1970 1346 adfirmative.
1998 1309 2057 1343 Di·
2073 1311 2153 1353 Cap.
2174 1307 2230 1356 36.

1180 1361 1271 1394 sertis
1295 1361 1401 1397 verbis
1420 1361 1453 1394 id
1466 1362 1564 1397 tradit
1577 1362 1611 1394 in
1626 1360 1825 1404 Apostolicae
1833 1359 1874 1393 ad
1886 1359 2060 1393 Romanos
2102 1359 2228 1395 Homil-

1183 1410 1335 1454 Epistolae
1354 1411 1594 1447 commentario
1615 1411 1742 1447 flnctus
1763 1409 1904 1455 Ioannes
1917 1409 2060 1452 Chryso·
2077 1420 2112 1458 5.

57 719 134 756 stin}
166 722 213 755 10,
234 712 283 751 bis
293 713 415 752 sanctus
427 711 633 757 Augustinus
646 736 658 754 ,
684 711 724 749 de
737 712 874 751 homine
884 713 1022 759 sublege
1035 714 1116 760 pofi-

56 781 116 807 cus
152 770 188 804 iu
234 771 292 804 to,
319 762 372 797 seu
384 774 438 807 per
450 762 531 808 legis
541 763 693 800 timorem
707 762 788 800 bene
797 770 939 808 agente,
952 763 1113 800 scribens:

59 819 200 862 speciem
232 818 306 848 Non
321 812 452 854 furatur
464 839 474 854 ,
502 825 560 851 non
572 814 725 850 adulterat
736 836 748 853 ,
774 824 833 849 non
846 814 923 847 dicit
927 812 1046 858 falsum
1067 822 1114 848 te-

56 879 186 909 mam,
225 862 395 904 stimonium
408 887 419 904 ‚
429 875 487 897 non
489 862 573 905 facit
585 862 772 898 homicidium
782 886 793 903 ‚
805 872 863 898 non
873 862 1044 906 concupiscit
1055 875 1115 898 rem

55 916 123 955 tius
133 943 140 956 ·.
226 918 379 954 proximi.
408 913 504 952 Potest
515 913 567 946 boc
577 937 589 954 ,
609 912 702 955 potest
704 913 838 953 fortaffls
850 938 857 945 .
869 915 974 952 Unde?
997 917 1114 950 Timore

81 967 145 1005 ser,
158 979 210 1016 15,
228 972 345 1005 poenae.
373 962 501 1001 Lucide
521 962 602 1001 dicit
624 973 685 997 nos
695 974 751 1005 per
771 962 926 1006 gehennae
937 964 1111 1005 timorem,

57 1028 129 1061 cap,
143 1023 175 1055 6,
206 1006 209 1008 ⁵
230 1024 299 1046 non
325 1011 429 1051 solum
448 1011 490 1046 ab
511 1022 648 1049 externo
671 1022 788 1056 opere,
814 1012 866 1047 sed
877 1014 912 1048 ὅ(
924 1013 965 1048 ab
987 1015 1113 1049 interna

57 1066 168 1108 Tmst,
179 1079 211 1117 9„
230 1061 355 1105 peccati
375 1062 641 1104 concupiscentia
654 1062 799 1097 liberari.
830 1064 941 1099 Etiam
951 1064 985 1098 in
1002 1066 1113 1102 tracta·

188 1119 191 1121 '
229 1111 317 1146 tibus
330 1112 422 1156 super
433 1112 531 1149 sanni
542 1113 682 1160 Ioannis
694 1113 877 1156 Epistulam
887 1115 933 1148 ait
946 1127 954 1147 ε
977 1121 1069 1150 Homo
1079 1120 1114 1149 ti·

229 1162 336 1199 mendo
345 1167 465 1206 corrigit
484 1161 536 1206 se,
566 1164 678 1207 vigilat
689 1164 854 1199 adversum
865 1164 954 1205 hostes
962 1163 1031 1207 suos
1045 1190 1057 1206 ‚
1081 1165 1117 1198 id

230 1210 269 1252 est
280 1235 291 1251 ,
318 1212 466 1249 adversus
480 1220 606 1254 peccata
623 1211 694 1255 sua.
720 1218 832 1255 Incipit
851 1213 1028 1258 reviviscere
1039 1221 1114 1248 inte-

231 1261 295 1293 rius
306 1285 317 1300 ,
329 1262 364 1295 δ’
376 1261 551 1308 mortificare
564 1263 698 1297 membra
705 1263 763 1306 sua
773 1288 784 1304 ,
794 1275 862 1306 quae
872 1264 945 1309 fient
956 1262 1047 1308 super
1058 1275 1116 1302 ter·

233 1322 302 1343 ram
313 1335 320 1343 .
349 1310 442 1356 Quid
453 1312 498 1346 est
510 1313 646 1351 interius
654 1315 843 1350 reviviscere
854 1339 865 1355 ,
890 1315 949 1349 nifi
962 1326 1030 1352 non
1041 1326 1119 1350 cou-

231 1362 417 1404 cupiscere,>
445 1360 619 1397 Consonat
641 1364 674 1396 in
689 1363 783 1398 libris
793 1364 834 1398 de
846 1365 911 1400 vita
923 1364 1119 1408 contempla-

232 1409 299 1443 tiva
321 1410 460 1454 insignis
482 1411 566 1445 beati
580 1412 760 1456 Augustini
780 1413 970 1456 Discipulus
983 1438 994 1453 ,
1020 1414 1119 1457 Julia-

64 1424 104 1461 L.
119 1430 211 1471 13.c.

60 1483 114 1512 11.

233 1470 295 1495 nus
309 1459 498 1495 pomerius:
527 1462 700 1502 Adpoenam
711 1485 722 1501 ,
747 1473 816 1504 quae
823 1469 963 1505 peccanti
977 1463 1098 1497 debetur
1109 1488 1120 1505 ‚

234 1521 320 1544 mens
330 1533 341 1549 ‚
366 1520 530 1552 antequam
533 1519 646 1552 peccet,
660 1510 812 1553 adspiciat
824 1536 835 1552 ,
845 1514 879 1546 (9
888 1513 967 1546 nibil
976 1525 1043 1547 eam
1049 1522 1119 1556 pec-

231 1564 294 1596 cati
304 1558 428 1595 oblectat
438 1584 449 1601 ,
476 1571 530 1595 nec
539 1563 583 1593 ad
588 1564 776 1605 peccandum
788 1564 849 1596 ulla
860 1563 1017 1597 delectatio
1026 1571 1122 1605 corpo-

231 1610 307 1642 ralis
320 1611 447 1643 inclinat
463 1635 469 1642 .
494 1612 526 1642 51
538 1621 570 1647 eo
580 1619 728 1652 tempore,
756 1624 813 1657 quo
823 1618 893 1656 quis
910 1621 1034 1654 peccare
1051 1614 1120 1648 deli-

232 1659 318 1692 berae
331 1683 341 1699 ‚
365 1657 447 1701 sana
467 1669 563 1693 mente
585 1660 742 1701 confideret
757 1685 768 1701 ‚
794 1673 861 1704 quae
869 1670 964 1703 poena
974 1661 1123 1706 exspeHet

234 1713 267 1741 in
274 1706 531 1751 suisfacinoribus
546 1721 580 1743 ac
587 1708 714 1754 flagitiis
726 1710 921 1754 deprehensos
933 1736 944 1752 ,
970 1711 1065 1756 nescio
1081 1725 1125 1747 an

225 1759 311 1800 pofflt
323 1758 501 1801 quibuslibet
511 1765 605 1792 vitiis
619 1763 836 1795 accommodare
847 1760 1017 1806 consensum
1032 1787 1039 1794 .
1064 1763 1124 1797 1²2-

231 1807 296 1842 lam
319 1809 503 1843 adseverare
526 1809 654 1846 videtur
680 1821 735 1852 per
749 1809 908 1855 gehenna:
918 1821 1043 1846 metum
1054 1823 1124 1846 eva-

231 1857 323 1940 {uari
347 1857 509 1896 internam
525 1859 651 1906 peccati
676 1858 974 1899 delestationem&
987 1863 1120 1897 consen·

248 1917 323 1944 um.

1183 1460 1324 1496 stemus:
1350 1463 1427 1494 Tam
1438 1459 1544 1503 miseri?
1554 1466 1706 1501 animati,
1733 1459 1903 1501 adfefflque
1918 1456 2024 1501 sumus
2052 1482 2064 1498 ‚

1182 1520 1216 1543 ut
1230 1509 1433 1554 nisr'gebennae
1445 1516 1532 1543 timor
1541 1511 1609 1554 effet
1622 1534 1633 1550 ‚
1660 1520 1697 1543 ne
1702 1509 1876 1555 propositum
1884 1509 2004 1551 quidem
2015 1519 2066 1541 no-

1183 1560 1229 1592 bis
1247 1558 1286 1601 fit
1310 1560 1383 1593 bono
1393 1560 1493 1603 aliquo
1503 1569 1588 1603 opere
1595 1558 1721 1604 defimgi
1734 1583 1742 1593 .
1770 1557 1995 1603 ,Quaproptcrfi
2003 1558 2069 1592 nul-

1183 1609 1245 1642 lam
1267 1610 1360 1642 aliam
1380 1610 1414 1641 ab
1436 1610 1562 1652 cauffam
1572 1634 1583 1649 ,
1612 1611 1692 1643 cert?
1700 1608 1735 1643 ob
1745 1607 1823 1643 hanc
1832 1620 1924 1642 unam
1932 1608 2070 1653 gebenna

1185 1659 1269 1703 digni
1277 1657 1383 1702 sumus
1395 1684 1407 1700 ‚
1432 1661 1514 1703 quod
1522 1659 1657 1693 videlicet
1673 1660 1746 1701 plus
1753 1658 1927 1704 gebennam
1939 1683 1951 1700 ,
1977 1669 2070 1702 quam

1185 1707 1281 1752 ipsum
1293 1709 1442 1750 christum
1455 1715 1617 1744 timeamus
1627 1734 1634 1741 .
1647 1708 1816 1743 Gehennae
1829 1719 1935 1744 metus
1946 1721 1988 1743 ex
1998 1721 2071 1753 pro-

1187 1760 1257 1802 prio
1270 1760 1316 1793 sui
1331 1760 1427 1803 ipsius
1439 1771 1552 1794 amore
1563 1759 1706 1794 nascitur
1719 1782 1731 1798 ,
1756 1757 1904 1803 adeoque
1911 1760 1968 1804 qui
1979 1760 2026 1794 ob
2037 1759 2072 1794 il-

1185 1808 1252 1842 lam
1264 1808 1387 1850 solam,
1413 1809 1448 1843 δε
1468 1819 1537 1843 non
1552 1808 1720 1843 Christum
1735 1809 1922 1844 Dominum
1941 1809 1960 1843 a
1979 1810 2073 1854 gravi

1186 1868 1321 1902 peccato
1344 1857 1483 1893 abstinet
1497 1883 1510 1900 ,
1536 1870 1605 1894 non
1619 1858 1830 1893 solummodo
1841 1860 1912 1904 plus
1922 1859 2013 1893 illam
2023 1861 2072 1895 ti-

1186 1916 1253 1943 met
1262 1930 1275 1947 ‚
1300 1909 1353 1943 sed
1374 1910 1409 1944 &
1431 1909 1570 1953 seipsum
1592 1910 1684 1953 supra
1709 1910 1897 1944 Dominum
1924 1909 2036 1956 diligit
2060 1921 2073 1943 =

56 1974 212 2020 Exponi-
283 1956 482 2001 Respondet>
494 1958 528 1993 in
540 1959 649 2003 primo
663 1959 764 1995 sanffi
774 1959 952 2005 Augustini
964 1962 1040 1997 1000
1053 1973 1126 2007 pro.
1186 1957 1290 2015 Qud
1301 1960 1364 1994 effe
1376 1959 1477 2016 etiam
1494 1959 1642 2016 cogi-ratu
1656 1957 1857 1994 horrendum
1869 1959 1960 2004 supra
1971 1961 2071 1995 nobis

56 2034 109 2064 mr
121 2051 131 2063 ἢ
232 2006 421 2042 ducendum
433 2009 496 2042 effe
508 2018 616 2043 totum
628 2019 824 2044 contextum
835 2033 843 2041 .
859 2011 1010 2055 Sequitur
1021 2012 1124 2047 enim:
1186 2007 1334 2050 Julianus
1346 2008 1519 2043 pomerius
1541 2010 1628 2043 dixit
1640 2033 1650 2041 .
1675 2008 1845 2044 Gehennae
1865 2021 1971 2045 metus
1985 2011 2071 2045 male

233 2059 430 2100 ,Quamquam
440 2063 491 2100 qui
503 2064 610 2091 timore
616 2067 715 2101 poenae
735 2059 910 2103 concupiscit
924 2086 933 2101 ,
958 2071 1034 2104 puto
1051 2067 1124 2105 quia

233 2106 412 2150 concupiscit
423 2132 431 2140 .
459 2108 556 2155 Qid
576 2109 622 2142 est
633 2133 643 2150 ‚
670 2114 744 2144 Non
755 2110 929 2154 concupiscit
942 2135 953 2151 ‚
978 2113 1012 2146 ὅ(
1024 2137 1036 2153 ,
1048 2115 1125 2146 Puto

231 2163 304 2201 quia
315 2155 509 2200 concupiscit?
536 2158 780 2202 Distinguenda
794 2159 840 2194 est
860 2161 983 2203 duplex
998 2163 1119 2204 peccati

232 2205 414 2252 cupiditas.
443 2207 521 2243 Alia
545 2216 676 2250 patens,
705 2209 739 2243 ἀ
752 2209 853 2251 pofita
866 2210 1001 2251 quafiin
1014 2210 1122 2245 cordis

232 2256 424 2298 superficie;
451 2255 515 2292 alia
538 2256 663 2298 latens,
691 2258 770 2295 &in
783 2259 893 2293 cordis
906 2261 1072 2303 profundo
1082 2272 1120 2297 ac

237 2304 361 2342 intimo
381 2305 503 2342 recessu
522 2307 687 2342 occultata
704 2332 712 2341 .
752 2307 875 2344 Patens
894 2311 1055 2354 cupiditas
1072 2310 1119 2345 est

233 2355 354 2391 mentis
372 2355 553 2400 imperium
578 2358 632 2390 seu
652 2358 855 2400 Decretum,
879 2370 946 2403 quo
957 2361 1030 2402 quis
1039 2372 1117 2396 con·

232 2405 333 2439 sentit
345 2406 379 2440 ὅ(
391 2406 499 2441 statuit
510 2407 610 2441 furari
624 2431 635 2447 ,
663 2405 810 2442 maechari
820 2434 831 2450 ,
858 2408 892 2442 in
914 2411 1017 2453 pravis
1027 2411 1116 2456 cogi·

233 2454 414 2492 rationibus
425 2466 480 2490 aut
491 2456 644 2500 operibus
657 2459 815 2493 volutari.
845 2460 889 2494 Et
911 2459 978 2494 haec
992 2461 1116 2504 cupidi-

233 2513 284 2538 tas
296 2515 350 2547 per
360 2505 507 2538 servilem
520 2507 692 2547 timorem,
719 2519 785 2542 non
802 2509 954 2544 solumin
971 2510 1115 2545 homini·

233 2552 292 2587 bus
303 2576 314 2592 ‚
339 2554 394 2590 sed
412 2555 511 2588 etiam
535 2556 573 2589 in
595 2555 680 2599 lupis
700 2568 738 2591 ac
760 2558 913 2593 leonibus
936 2584 951 2600 ‚
973 2560 1115 2595 omnino

232 2614 424 2639 evacuatur.
455 2603 517 2638 Per
538 2602 725 2648 hujusmodi
747 2618 874 2642 metum
893 2609 1037 2652 quodvis
1047 2611 1112 2645 ani·

232 2653 299 2687 mal
310 2654 351 2688 ab
362 2664 500 2690 externo
510 2665 608 2698 opere
618 2653 757 2692 abstinet
767 2681 779 2698 ,
806 2657 946 2700 ideoque
955 2659 988 2693 ὅ(
1001 2658 1042 2694 ab
1053 2661 1113 2695 im·

231 2704 324 2747 perio
336 2704 390 2737 seu
404 2704 548 2739 Decreto
562 2703 712 2748 inipsum
725 2709 956 2752 prorumpendi
970 2733 978 2742 .
1001 2708 1048 2744 At
1063 2722 1112 2745 ve-

229 2751 279 2790 ιὰ,
291 2754 394 2789 latens
416 2756 542 2801 peccati.
559 2755 722 2798 cupiditas
743 2757 790 2791 est
810 2758 928 2792 intima
941 2759 975 2792 &
993 2760 1109 2796 secreta

226 2803 353 2839 mentis
370 2805 580 2847 praeparatio,
606 2816 668 2849 qua
684 2805 791 2842 homo
810 2808 917 2842 servili
937 2808 1110 2854 gehenna-

228 2864 300 2888 rum
313 2863 401 2887 metu
414 2855 567 2889 fraenatus
576 2856 686 2891 mallet
697 2857 762 2891 effe
771 2857 899 2893 licitum
911 2882 922 2898 ‚
948 2860 1039 2902 quod
1051 2860 1109 2895 do-

229 2902 275 2937 let
288 2904 423 2938 vetitum
434 2929 445 2944 ,
455 2916 519 2949 qua
531 2905 610 2940 velit
622 2917 690 2940 non
701 2908 763 2942 esse
776 2908 881 2953 legem
893 2919 1024 2952 peccata
1037 2922 1107 2953 pro-

229 2950 397 2990 hibentem
410 2964 466 2988 aut
476 2954 562 2989 certe
570 2957 757 2998 punientem
769 2979 780 2996 ,
805 2969 868 3000 qua
880 2969 972 3003 optet
985 2971 1052 2994 non
1063 2962 1107 2995 ef-

230 3004 262 3035 se
274 3002 439 3046 gehennas
450 3029 460 3044 ,
473 3004 589 3049 quibus
602 3006 853 3049 &cupiditatum
864 3010 988 3043 suarum
1002 3011 1106 3053 seque·

231 3051 263 3087 la
273 3053 305 3086 ἀ
316 3054 552 3097 adimpletione
562 3056 741 3091 retardetur
750 3082 758 3090 .
789 3057 830 3092 Et
850 3056 916 3093 haec
926 3058 970 3092 est
982 3061 1106 3102 cupidi-

229 3111 277 3136 tas
287 3126 301 3142 ,
325 3114 422 3146 quam
436 3103 547 3139 Patres
559 3106 687 3140 adfidue
697 3106 771 3141 dicu
778 3117 812 3141 nt
824 3118 876 3151 per
888 3108 990 3142 solam
1003 3107 1106 3144 chari·

229 3160 329 3187 tatem
341 3155 503 3189 evacuari.
532 3156 637 3191 Lucet
655 3167 696 3190 ex
708 3157 856 3200 pluribus
868 3157 933 3192 hue
945 3160 1043 3203 usque
1053 3160 1105 3194 ad-

229 3201 333 3236 ductis
349 3203 446 3236 saneti
462 3204 637 3249 Augustini
649 3206 728 3241 locis
742 3231 749 3239 .
764 3207 881 3242 Homo
893 3209 1010 3243 timore
1019 3211 1105 3244 actus

228 3251 389 3288 dividitur
414 3253 446 3285 in
458 3254 537 3289 duas
548 3255 694 3290 invicem
703 3268 887 3302 pugnantes
897 3259 1080 3294 voluntates
1093 3274 1108 3293 .=

227 3301 378 3338 Alteram
403 3302 421 3335 a
434 3312 520 3339 metu
532 3315 717 3346 extortam²
738 3318 800 3351 qua
815 3308 960 3344 decernit
970 3321 1065 3354 agere
1093 3334 1103 3350 ‚

229 3352 264 3389 ὅ(
275 3351 344 3397 agit
357 3352 513 3396 quidquid
524 3355 591 3398 agit
603 3366 619 3398 ;‚
639 3356 774 3391 alteram
784 3368 871 3392 metu
885 3360 1024 3401 priorem
1035 3384 1045 3399 ,
1069 3360 1102 3393 ὃς

230 3401 273 3435 ab
293 3402 364 3446 ipso
383 3402 626 3447 superveniente
641 3407 806 3442 fraenatam
823 3410 857 3443 δε
868 3410 1078 3453 compressam
1092 3433 1102 3450 ‚

230 3459 294 3499 qua
305 3452 417 3489 manet
428 3453 519 3491 aliud
529 3464 622 3502 agere
633 3478 647 3497 ,
658 3457 680 3490 si
694 3459 795 3502 pollet
806 3459 942 3504 impune
950 3484 958 3495 .
969 3460 1012 3495 Et
1024 3459 1104 3496 hinc

1186 2058 1306 2102 agendi
1323 2057 1537 2102 cupiditatem
1565 2058 1739 2094 dumtaxat
1760 2062 1936 2104 compescit
1947 2061 1980 2096 ὅ(
2003 2062 2070 2096 fiar-

1187 2118 1261 2141 nat:
1288 2109 1391 2153 Qod
1401 2118 1511 2143 autem
1524 2108 1654 2151 fraenata
1667 2110 1701 2143 ἀ
1714 2109 1821 2145 laxata
1834 2111 1998 2155 cupiditas
2008 2112 2071 2147 fine

1185 2156 1251 2190 fere
1260 2157 1402 2199 ejusdem
1414 2157 1565 2192 faeditatis
1577 2159 1611 2192 δε
1625 2170 1719 2194 noxae
1729 2184 1739 2200 ,
1751 2160 1850 2194 tradit
1863 2160 2070 2205 Augustinus

1182 2205 1388 2251 frequenter,
1415 2208 1620 2251 exponitque
1641 2209 1765 2252 patenti
1786 2211 1938 2254 exemplo
1961 2210 2068 2245 leonis

1183 2266 1239 2290 aut
1250 2257 1323 2300 lupi
1338 2270 1351 2290 .·
1376 2257 1439 2292 Ait
1450 2257 1566 2301 lupum
1578 2268 1698 2292 terrore
1709 2258 1874 2302 pastorum
1884 2260 1903 2294 a
1914 2261 2067 2295 vorandis

1182 2306 1300 2340 ovibus
1319 2306 1487 2342 fraeuatum
1510 2309 1575 2342 esse
1596 2307 1706 2342 adhuc
1719 2309 1832 2352 lupum
1844 2334 1857 2350 ,
1882 2311 1917 2344 ἀ
1930 2321 1996 2345 tam
2008 2320 2068 2345 tre-

1181 2357 1302 2390 mentis
1322 2357 1422 2401 quam
1443 2358 1615 2393 frementis
1632 2357 1700 2400 lupi
1711 2359 1861 2393 animum
1870 2361 1933 2395 effe
1942 2360 2066 2395 ferocia.

1181 2406 1309 2449 penitus
1330 2405 1472 2441 eundern
1486 2432 1494 2440 .
1521 2408 1559 2441 ln
1584 2407 1701 2442 litteris
1713 2408 1755 2442 ad
1767 2408 1978 2444 Anassafium
1987 2410 2033 2445 ait
2044 2410 2065 2445 ὲ

1180 2456 1302 2491 latente
1314 2456 1374 2492 ista
1387 2457 1573 2500 cupiditate
1582 2457 1738 2491 constitui
1749 2457 1877 2501 justitiae
1886 2460 2013 2494 osorem
2024 2471 2064 2494 ac

1167 2506 1372 2548 :inimicum,
1398 2506 1584 2549 &quidem
1609 2516 1763 2547 tantum,
1788 2517 1824 2543 ut
1835 2519 1930 2549 eam,
1955 2509 1978 2543 si
1992 2509 2064 2554 pos-

1177 2556 1245 2596 set,
1269 2557 1423 2590 auferret.
1451 2556 1522 2603 Qi
1546 2556 1679 2591 fratrem
1700 2558 1793 2593 suum
1805 2557 1900 2600 odit,
1921 2559 1956 2594 δε
1976 2558 2062 2595 abla-

1177 2616 1248 2640 tum
1266 2607 1361 2647 velit,
1389 2605 1556 2640 homicida
1576 2606 1646 2648 est,
1673 2608 1809 2652 reusque
1819 2608 1943 2652 peccati
1977 2621 2066 2644 mor·

1175 2656 1270 2689 talis:
1292 2654 1437 2704 Quam&
1453 2655 1559 2701 magis
1576 2665 1686 2690 tantvs
1709 2658 1864 2700 supremae
1884 2659 2067 2695 acincom·

1175 2705 1345 2741 mutabilis
1362 2705 1507 2748 jlustitiae,
1534 2703 1567 2739 id
1584 2705 1631 2739 est
1654 2731 1664 2746 ,
1691 2706 1787 2750 ipfius
1808 2708 1936 2742 Divina!
1957 2708 2065 2752 Maie-

1163 2750 1265 2804 Jstatis
1278 2755 1476 2790 adversarius
1497 2755 1531 2789 δι
1544 2753 1645 2789 hostis
1656 2755 1677 2787 ἓ
1698 2758 1869 2792 Αάἀιιᾶυς
1878 2759 1915 2791 in·
1931 2768 2061 2794 contra·

1174 2805 1259 2839 rium
1277 2805 1369 2840 locus
1392 2805 1460 2851 agit
1471 2805 1511 2839 de
1523 2806 1873 2848 venialibusjustorum
1883 2809 2030 2851 peccatis
2044 2832 2063 2850 ‚

1171 2855 1212 2888 de
1223 2854 1398 2897 adfixivis,
1424 2854 1605 2890 levioribus
1621 2866 1756 2897 tamen,
1778 2861 2058 2893 creatura-amori-

1172 2905 1230 2939 bus
1241 2906 1318 2949 ‚qui
1330 2906 1402 2941 solo
1412 2930 1423 2946 ‚
1435 2906 1525 2949 quod
1537 2906 1726 2948 imperfecta
1736 2905 1875 2940 charitas
1888 2907 1974 2951 ipsos
1985 2920 2055 2945 uon

1170 2954 1356 3000 exstinguat
1365 2980 1382 2997 ,,
1404 2956 1510 2990 servili
1527 2956 1646 2989 timore
1672 2955 1761 2998 preffi
1774 2979 1785 2995 ,
1811 2956 1845 2990 in
1868 2957 1987 2992 ssmiles
1998 2970 2054 2993 co-

1168 3005 1346 3049 gitationes
1356 3007 1390 3040 dc
1401 3006 1544 3039 adfectus
1554 3028 1564 3044 ‚
1572 3005 1617 3038 ob
1630 3006 1770 3039 materiae
1783 3005 1949 3042 levitatem
1961 3008 2058 3043 dum-

1169 3064 1258 3090 taxat
1283 3057 1424 3091 veniales
1433 3080 1450 3097 2
1473 3066 1544 3090 non
1553 3053 1683 3099 possunt
1693 3056 1950 3101 aliquandonon
1962 3054 2065 3094 ebus

1151 3119 1153 3134 :
1169 3105 1248 3140 lite„

1216 3156 1345 3205 Qinta
1354 3154 1487 3190 tandem
1499 3153 1628 3190 timoris
1639 3153 1735 3199 hujus
1747 3155 1948 3202 imperiectio
1968 3157 2016 3193 est
2035 3180 2050 3198 ,

1127 3210 1130 3214 ’
1150 3193 1257 3246 'quod
1267 3207 1307 3240 fit
1320 3206 1455 3251 quidem
1466 3205 1627 3247 sapientiae
1638 3206 1771 3240 initium
1783 3231 1794 3247 ‚
1822 3207 1879 3242 sed
1896 3208 2054 3242 extrinse-

1164 3265 1260 3291 cum.
1287 3256 1421 3292 Etenim
1452 3254 1608 3298 sapientia
1618 3256 1679 3290 ista
1698 3257 1786 3291 aliud
1810 3269 1877 3291 non
1892 3258 1939 3290 eff
1949 3266 2049 3301 quam

1163 3303 1286 3347 justitia
1299 3306 1406 3341 nostra
1417 3329 1428 3345 ,
1456 3305 1491 3339 δε
1502 3305 1660 3349 supremae
1669 3306 1951 3341 incommutabilis
1962 3306 2049 3350 Justi-

1147 3389 1149 3399 ζ
1166 3355 1221 3389 tiae
1242 3355 1474 3391 casta‘dileaio
1483 3379 1500 3396 ,.
1521 3355 1612 3399 cujus
1622 3357 1963 3400 partemintrinsecam
1978 3367 2048 3392 non

1145 3421 1150 3461 ἦ
1165 3407 1226 3440 effe
1238 3405 1393 3451 gehennas
1402 3406 1545 3440 servilem
1557 3417 1682 3440 metum
1694 3406 1813 3440 clamat
1822 3416 1871 3439 res
1890 3406 1957 3449 ipsa
1979 3429 1990 3447 ‚
2013 3407 2049 3442 δε

1124 3452 1127 3461 ‘'
1167 3455 1279 3491 lucide
1299 3453 1398 3491 tradit
1418 3455 1758 3502 sanuusAugustinus
1772 3456 1808 3491 in
1821 3454 1913 3491 libris
1923 3455 1964 3490 ad
1979 3457 2047 3491 san-

1912 3505 2000 3541 stum
