2366 3736
0 1070 1 1073 =
35 1048 166 1097 Tit-41.

80 2653 197 2701 Ep.50.

567 147 650 193 DE
688 148 957 195 SIMONIA
993 145 1565 195 Montani-:itionum

1918 148 1974 197 81

208 245 294 272 retur
309 233 326 268 a
340 231 430 276 Rege
440 241 480 265 ac
493 232 650 265 Dominis
661 227 883 271 capitalibus.
911 227 991 260 Hoc
1007 227 1052 260 est
1069 252 1080 268 ,
1143 228 1253 263 denfis
1264 228 1430 263 Ecclesiae.
1460 229 1598 263 Easdem
1611 238 1719 273 preces
1727 225 1833 262 eidem
1845 228 2019 272 Imperato-

207 283 388 320 dummodo
400 283 624 325 impetraretur
635 278 840 322 privilegium
864 277 1083 310 amortisatio-

206 335 278 368 nis..
306 334 365 370 Ast
380 331 462 367 istud
477 330 690 375 privilegium
703 328 778 361 Rex
787 328 870 361 tanti
884 327 988 360 voluit
1011 338 1083 360 ven-

205 382 300 428 dere,
330 383 508 427 utquidam
523 380 696 414 maluerint
708 378 836 424 perdere
857 377 990 411 omnia.
1019 377 1085 410 His

205 433 282 470 Rex
295 433 404 476 Juffit
433 442 467 466 ut
488 431 543 464 sua
570 440 646 462 ante
670 429 858 471 proximum
881 427 988 461 Sansti
1022 426 1084 459 Mi-

204 483 326 516 chaelis
348 484 461 517 festum
484 479 721 514 distraherent.-
749 489 827 512 tunc
850 489 918 511 non
939 477 1085 511 distracta

204 533 337 567 saesibat
363 530 562 576 disponenda
583 529 623 562 ad
648 531 738 562 suum
762 528 938 572 placitum.
968 527 1086 561 Saesire

206 583 251 616 est
265 583 406 626 Regiam
428 591 562 613 manum
588 579 781 619 immittere,
808 578 861 610 seu
886 587 1005 619 ponere
1028 576 1086 610 sub

207 632 324 667 arresto
337 656 345 663 .
373 629 516 664 Proinde
531 628 713 662 Richardus
727 627 869 661 Eduardi
882 627 1005 671 Legem
1019 637 1086 661 non

207 675 645 715 solummodoinnovavit&
667 677 895 717 confirmavit,
922 677 975 710 sed
1003 678 1085 710 insu-

208 742 262 775 per
273 742 390 767 omnes
402 741 496 764 antea
507 730 657 765 toleratas
668 728 754 764 illius
766 726 1064 770 circumscriptione
1075 737 1088 759 s

207 779 368 814 abolevit.

262 829 385 864 Eadem
411 827 614 865 consuetudo
633 826 823 871 quibusdam
850 826 977 860 videtur
1004 825 1090 869 apud

209 880 388 923 Hybernos
416 882 477 914 esse
502 878 739 922 antiquissima.
768 878 900 911 Etenim
926 876 1060 920 antiqua
1081 900 1091 915 ,

211 943 310 972 quam
325 929 479 966 Eruditus
500 931 605 965 Lucas
618 927 801 964 Dacherius
812 928 921 961 censet
934 927 997 960 effe
1008 926 1093 959 oeta-

210 982 242 1014 vi
265 981 388 1020 saeculi,
411 978 678 1022 Hybernensium
702 978 913 1011 canonicum
940 976 1092 1010 collestio

210 1030 250 1067 ad
263 1030 396 1065 titulum
417 1029 457 1063 de
473 1029 612 1063 Ecclesia
637 1029 671 1062 ’δί
692 1027 843 1067 mundo,
871 1025 989 1061 habet:
1016 1027 1095 1058 Nul-

208 1081 272 1116 lum
289 1088 401 1121 oportet
418 1078 567 1121 fraudare
586 1078 665 1120 filios
679 1101 690 1116 ,
714 1087 769 1110 aut
788 1076 931 1118 fratres,
956 1085 1007 1109 aut
1027 1084 1092 1117 pro·

208 1136 335 1173 pinquos
351 1154 358 1161 .
385 1128 513 1170 Ecclesia
527 1127 641 1169 nonnisi¹
641 1137 762 1170 partem
777 1130 831 1162 Dei
851 1132 991 1168 accipiat.
1017 1129 1095 1163 Cum

212 1186 291 1214 em'm
303 1179 399 1213 baeres
410 1180 514 1213 mundi·
528 1184 649 1213 venerit
663 1203 673 1218 ‚
699 1177 831 1211 retrahet
855 1189 890 1211 ea
904 1188 970 1220 quae
991 1177 1096 1209 mundi

208 1228 299 1273 sunt:
333 1229 386 1262 Est
400 1229 556 1263 obscurus
573 1230 691 1262 Canon
708 1253 715 1260 .
742 1229 876 1262 sanctus
894 1225 1097 1270 Augustinus

214 1282 406 1314 testamenta
421 1303 430 1318 ,
458 1291 528 1321 quae
540 1279 679 1313 exclusis
693 1278 767 1313 filiis
781 1289 837 1311 aut
860 1277 933 1311 aliis
952 1277 1015 1309 suis
1039 1275 1099 1307 hae-

215 1328 346 1364 redibus
367 1329 515 1365 ditabant
542 1328 720 1363 Ecclesiam
734 1351 745 1368 ,
765 1327 918 1362 constans
940 1324 1097 1368 improba-

217 1379 283 1413 vit.
313 1379 390 1420 Ipsis
404 1378 535 1412 volebat
548 1378 685 1420 relinqui
699 1389 766 1411 non
781 1377 881 1410 solam
905 1374 1099 1420 legitimam,

217 1429 295 1462 item
318 1428 448 1460 volebat
483 1438 550 1460 non
574 1427 704 1468 penitus
723 1425 856 1458 excludi
883 1425 1057 1458 Ecclesiam
1089 1436 1099 1455 .-

217 1477 304 1512 hanc
317 1477 445 1515 volebat
457 1475 687 1518 computariin
715 1486 839 1518 partem
864 1475 1026 1507 filiorum.
1058 1472 1098 1507 Et

218 1528 387 1561 dumtaxat
401 1527 434 1559 in
448 1525 531 1558 hanc
545 1535 687 1568 partem.
717 1524 772 1558 Ab
798 1525 878 1565 illo,
906 1525 1034 1567 quisex
1047 1522 1098 1556 ha·

218 1575 313 1611 bebat
329 1575 433 1621 proles
445 1598 455 1614 ,
484 1575 657 1609 Ecclesiam
674 1574 825 1612 suadebat
839 1575 962 1608 adsumi
977 1574 1012 1607 in
1037 1574 1102 1619 sep·

220 1628 336 1661 timam
352 1649 359 1657 .
398 1626 482 1672 Qae
510 1626 608 1668 pietas
635 1624 758 1667 placuit
782 1623 927 1668 pluribus
950 1623 1099 1657 Ecclesiae

220 1676 372 1712 Patribus
383 1701 390 1708 .
418 1675 521 1710 Porro
534 1676 666 1711 Sanstus
680 1674 858 1715 Patricius,
876 1675 894 1709 e
908 1675 999 1717 cujus
1011 1672 1102 1710 disci-

221 1728 312 1770 plina
325 1737 496 1759 manarunt
519 1725 568 1758 issi
593 1726 770 1766 canones,
799 1725 862 1760 fuit
887 1723 1100 1768 Augustinia-

222 1788 270 1809 nae
294 1776 447 1810 dostrinae
468 1775 672 1820 peritissimus
695 1787 731 1808 ac
764 1773 1063 1809 observantissimus
1091 1785 1099 1805 ε

224 1825 302 1859 hinc
314 1825 433 1859 Canon
454 1836 507 1868 per
519 1826 580 1859 Dei
604 1835 724 1868 partem
752 1826 882 1859 videtur
913 1824 1098 1867 intelligere

222 1876 417 1920 jamdistarn
431 1875 561 1908 filialem
578 1876 759 1918 portionem
776 1901 782 1906 .
812 1873 956 1909 Proinde
981 1884 1047 1907 non
1063 1873 1103 1906 de

224 1927 370 1966 cunstis,
400 1924 450 1958 sed
466 1925 483 1958 1.
501 1925 610 1967 quitur
623 1924 662 1958 de
678 1925 752 1959 solis
766 1925 966 1959 testamentis
989 1924 1108 1957 haben-

226 1976 309 2008 tium
341 1976 447 2008 filios.
479 1975 517 2007 Et
541 1975 585 2007 est
610 1975 761 2008 Ecclesia
764 1976 846 2007 heus
870 1974 1012 2012 Canon,
1040 1984 1107 2005 non

227 2024 335 2069 Regia
349 2023 570 2058 Constitutio.
599 2024 691 2057 Hinc
704 2035 770 2058 non
782 2024 857 2057 facit
871 2024 909 2057 ad
925 2024 1108 2066 praesentem

227 2075 416 2110 materiam.

280 2124 439 2156 Romanae
464 2123 608 2157 Ecclesiae
630 2122 806 2157 schismata
830 2125 951 2166 semper
978 2124 1108 2156 fuerunt

229 2174 324 2208 omni
348 2171 587 2207 Christianitati
612 2174 892 2216 perniciosiffima.
922 2172 1034 2205 Plures
1058 2183 1111 2213 per

230 2225 299 2267 ipsa
341 2222 533 2265 irrepserunt
561 2222 696 2262 abusus,
727 2223 816 2266 plura
842 2223 1011 2257 scandala.
1050 2221 1111 2254 Per

231 2272 357 2306 nullum
375 2274 463 2314 plura
483 2297 492 2311 ,
519 2274 614 2315 quam
629 2284 682 2316 per
698 2272 779 2307 illud
802 2274 891 2315 quod
905 2273 1030 2305 aversus
1044 2271 1107 2306 Ur⁴

231 2324 351 2358 banum
375 2322 432 2355 Vl.
470 2324 650 2356 concitavit
691 2322 855 2358 Robertus
887 2322 1110 2356 Gebennensis

233 2373 433 2415 Episcopus,
461 2373 478 2406 a
507 2373 559 2405 sua
582 2372 720 2407 fastione
746 2374 926 2417 appellatus
955 2372 1109 2405 Clemens

234 2423 308 2457 Vll.
336 2422 564 2456 Christianitas
579 2435 745 2467 nunquam
762 2422 842 2456 vidit
865 2422 989 2466 aliquid
1017 2422 1110 2454 incle-

233 2473 398 2508 mentius.
463 2474 527 2506 uod
543 2472 598 2505 sub
620 2473 714 2517 ipsius
740 2473 1007 2515 Pseudo-papatu
1030 2471 1111 2505 dista

236 2522 442 2556 consuetudo
469 2524 639 2556 tentaverit
668 2535 828 2566 occupare
862 2524 1074 2556 Germaniam
1103 2545 1111 2558 ‚

237 2571 351 2606 diserte
364 2571 495 2604 testatur
508 2571 690 2605 Basileenfis
717 2571 867 2614 Synodus
892 2573 924 2605 in
938 2571 1052 2605 litteris
1073 2572 1113 2605 ad

240 2621 432 2657 Adriensem
467 2620 686 2663 Episcopum,
714 2623 865 2656 Decanos
893 2622 1112 2656 Ecclefiarum

238 2671 434 2705 Zoenxensis
446 2671 476 2703 ὃ(
491 2671 589 2704 Mosae
600 2672 812 2715 Trajeetenfis
826 2696 833 2704 .
862 2672 922 2706 Rei
943 2671 1114 2705 exordium

237 2722 375 2763 exponit
396 2719 577 2754 Mindenfis
590 2721 725 2755 Ecclesia
742 2725 773 2755 in
789 2722 934 2765 precibus
961 2720 1114 2754 exhibitis

242 2772 430 2813 Imperatori
446 2770 568 2803 Caroio
578 2770 635 2804 1V.
652 2786 661 2804 :
689 2773 832 2805 seculares
845 2773 972 2814 quidam
987 2776 1017 2802 in
1037 2779 1112 2812 pote·

234 2820 359 2864 statibus
373 2823 405 2854 (9·
423 2821 520 2862 officiis
533 2822 659 2862 publicis
682 2821 823 2861 constituti
842 2847 852 2863 ,
880 2823 1020 2855 videlicet
1059 2824 1113 2853 Du-

239 2884 286 2907 ces
313 2896 324 2912 ,
360 2875 510 2911 Comites,
548 2874 706 2913 Barones,
735 2873 843 2905 Milites
863 2896 873 2912 ,
901 2873 1045 2911 sculteti,
1083 2872 1115 2904 &

240 2925 294 2955 alli
317 2924 437 2954 Domini
462 2923 636 2961 temporales
652 2945 662 2960 ,
691 2932 796 2955 necnon
817 2919 957 2963 Consules
997 2924 1104 2953 civita

240 2980 324 3011 tum,
351 2973 545 3013 oppidorum,
573 2973 738 3011 villarum,
776 2974 809 3005 (τ
832 2972 953 3004 locorum
980 2971 1115 3004 Rec‘lores

244 3021 402 3061 Mindenfis
427 3020 552 3061 Dioecefis
566 3046 576 3062 ‚
606 3025 661 3054 Dei
683 3028 786 3055 timore
804 3021 950 3063 postpofiso
972 3046 981 3060 ‚
1003 3022 1117 3060 statuta

240 3070 418 3113 fingularia‚
455 3078 572 3114 iniquas
593 3073 795 3105 ordinationes
810 3097 819 3112 ‚
846 3082 923 3104 motu
945 3077 1063 3112 proprio
1084 3082 1118 3103 ac

245 3127 405 3154 temeritate
415 3119 649 3164 praefumptuosa
661 3121 785 3162 defac‘lo
797 3131 901 3154 contra
912 3119 1051 3163 personas
1064 3124 1118 3152 Ec-

246 3168 427 3211 clefiasticas,
457 3171 665 3211 Ecclesi'arum,
694 3175 726 3206 (ΞΥ
747 3173 869 3204 locorum
883 3170 1075 3214 religiosorum
1086 3172 1114 3203 [ι’Δ

248 3219 373 3252 bertam
391 3223 422 3253 (τ
448 3223 614 3265 Privilegi'a
640 3223 855 3260 condiderunt,
884 3223 916 3255 (¹5
955 3223 1083 3253 condunt
1111 3246 1120 3261 ‚

241 3267 410 3310 jesdemque
420 3272 533 3310 publice
545 3274 577 3304 (9
588 3272 716 3315 defac‘lo
727 3271 848 3313 insistere
857 3270 1120 3313 praesumpserunt,
1163 3269 1168 3334 Ἰ

249 3316 472 3360 &praesumunt
485 3319 552 3362 ausu
566 3330 720 3354 temerario
732 3324 763 3355 &J
773 3322 902 3363 nefando
917 3334 978 3363 quo.
988 3324 1046 3354 idie
1060 3332 1110 3353 con

250 3378 300 3401 tra
313 3370 458 3410 legitimas
472 3372 583 3403 civiles
597 3376 628 3407 Θ·
642 3376 808 3404 eanonicus
822 3372 991 3405 saneJioms
1008 3396 1016 3410 ‚
1044 3380 1119 3411 utpo-

251 3421 279 3451 tei
292 3420 371 3460 quod
383 3419 464 3450 nulla
477 3419 549 3450 bona
560 3425 728 3462 temporalia
751 3429 782 3454 in
802 3422 970 3463 potestatem
993 3425 1020 3452 E
1023 3421 1122 3461 cclefia-

247 3467 349 3509 sticam
362 3468 587 3510 transferantur
601 3495 607 3502 .
637 3471 683 3504 Ita
695 3471 791 3505 habes
805 3474 837 3505 in
851 3471 1022 3507 Chronico
1034 3471 1121 3505 Min-

1145 279 1170 312 ri
1194 276 1414 315 exhibuerunt
1456 279 1626 320 Eeclefiae,
1652 277 1857 324 Moguntina
1877 304 1888 320 ,
1914 280 2018 315 Colo-

1146 329 1284 369 niensis,
1309 340 1347 363 ac
1360 327 1663 372 Magdeburgensis.
1691 330 1739 363 lta
1752 328 1848 363 'nabes
1858 329 1890 362 in
1904 329 2020 374 Diplo-

1148 389 1256 421 mate,
1278 391 1346 423 quo
1385 378 1576 413 Bonifacius
1614 378 1669 411 ix.
1709 379 1848 414 firmavit
1875 379 2019 422 ejusdem

1149 428 1313 473 Principis
1326 455 1337 470 ,
1364 439 1495 463 necnon
1513 428 1718 463 &Frederici
1735 429 1775 463 11.
1798 429 1912 465 Edista
1935 429 2022 464 resti-

1147 481 1274 514 tuentia
1298 480 1386 513 suam
1408 478 1588 516 libertatem
1610 477 1756 515 Ecclefiis
1777 503 1785 511 .
1821 479 2021 514 Earumdem

1152 540 1282 572 precum
1297 554 1308 569 ,
1335 528 1412 563 licet
1424 539 1490 561 non
1503 526 1615 561 omnia
1629 528 1755 568 penitus
1769 529 1861 567 verba
1873 552 1884 569 ,
1902 541 2021 574 *tamen

1151 579 1238 616 sensa
1265 579 1363 616 refert
1384 577 1646 612 Constantienfis
1682 577 1835 620 Synodus
1851 579 1884 615 in
1904 579 2023 622 Diplo-

1149 639 1235 662 mate
1255 653 1265 669 ,
1290 641 1356 673 quo
1370 628 1511 666 firmavit
1532 626 1663 660 laudata
1686 627 1799 662 Edicta
1821 630 2022 670 praefatorum

1149 678 1340 723 Principum
1366 704 1372 711 .
1410 677 1593 712 Basileensis
1615 677 1769 720 Synodus
1792 677 1940 722 adjungit
1959 678 2023 712 eas-

1150 729 1225 762 dem
1242 740 1348 772 preces
1369 727 1636 772 &querimonias
1661 727 1755 762 fuiffe
1777 726 1834 760 fibi
1862 728 1987 766 oblatas
2005 728 2024 765 a

1150 780 1331 817 Zoenxensi
1344 778 1442 812 sansti
1465 777 1577 817 Livini
1592 776 1676 819 apud
1698 776 1988 819 Uitratrajeffinos
2016 801 2027 818 ,

1151 829 1169 861 a
1189 829 1286 862 saneti
1309 828 1443 862 Servatii
1463 827 1683 871 Trajectenfi‚
1710 837 1747 860 ac
1768 838 1785 859 a
1809 828 1914 861 Sentii
1938 827 2027 860 Petri

1153 879 1347 913 Lovanienfi
1361 878 1501 912 Ecclesia
1515 902 1526 918 ,
1553 877 1694 918 itemque
1713 876 1730 913 a
1755 877 1862 910 Sanffi
1886 877 2028 910 Bavonis

1152 927 1385 968 Gandavenfi‚
1414 939 1543 966 necnon
1566 927 1583 960 a
1605 927 1798 964 Sanctorum
1822 927 1970 960 Cornelii
1992 927 2027 960 δε

1153 978 1315 1021 Cypriani
1336 978 1510 1013 Ninivenfi
1534 976 1758 1014 Monasterio.
1788 977 1839 1009 Ex
1851 987 1918 1019 quo
1942 978 2031 1010 lucet

1155 1028 1238 1065 istud
1251 1027 1398 1066 Schisma
1409 1029 1472 1062 effe
1485 1027 1622 1070 primam
1635 1037 1769 1061 mortuae
1793 1037 1909 1060 manus
1928 1027 2032 1071 origi-

1156 1078 1339 1116 nemetiam
1352 1078 1436 1122 apud
1449 1089 1509 1112 nos
1532 1077 1665 1121 Belgas.
1698 1076 1780 1110 Item
1811 1077 1867 1110 ista
1894 1077 2030 1110 exordia

1156 1130 1248 1163 fuisse
1259 1129 1413 1163 damnata
1425 1139 1461 1162 ac
1482 1128 1593 1161 evulsa
1607 1128 1624 1160 a
1637 1127 1814 1164 Bonifacio
1839 1129 1900 1160 lX.
1919 1126 2033 1160 Ponti-

1157 1180 1237 1218 fice,
1262 1179 1280 1212 ὲ
1304 1178 1550 1215 Constantiensi
1588 1177 1766 1218 Concilio,
1794 1178 1811 1210 a
1848 1178 2032 1213 Conventu

1159 1228 1325 1262 Basileensi
1338 1253 1347 1267 ,
1374 1239 1411 1261 ac
1424 1228 1465 1261 ab
1484 1227 1682 1269 Imperatore
1697 1227 1819 1261 Carolo
1831 1227 1892 1261 IV.
1905 1227 2032 1260 Eadem

1160 1276 1229 1320 post
1264 1277 1550 1314 Constantiensem
1573 1277 1744 1318 synodum
1767 1277 1936 1310 damnavit
1960 1301 1971 1315 ‚
1997 1287 2034 1309 ac

1161 1326 1386 1370 repullulantia
1400 1326 1624 1360 averruncavit
1646 1325 1679 1357 in
1703 1325 1765 1357 suae
1781 1326 1959 1368 provinciae.
1978 1326 2040 1368 Sy-

1162 1377 1251 1410 nodo
1271 1375 1461 1410 venerabilis
1500 1373 1722 1408 Eberrhardus
1761 1372 2041 1417 Archiepiscopus

1161 1426 1426 1469 salisburgensis.
1456 1424 1627 1459 Celebrata
1639 1424 1700 1457 fuit
1725 1423 1792 1457 haec
1812 1425 1966 1467 synodus
1987 1436 2043 1458 an-

1166 1488 1209 1509 no
1234 1477 1387 1521 vigesimo
1418 1474 1684 1517 decimi-quinti
1707 1474 1830 1507 saeculi.
1860 1475 1903 1509 Et
1916 1474 2043 1513 videtur

1164 1527 1255 1565 istam
1269 1526 1539 1561 consuetudinem
1553 1524 1710 1558 radicitus
1721 1524 1865 1559 evulfiffe
1877 1549 1885 1558 .

1367 1624 1397 1661 C
1425 1624 1455 1659 A
1485 1624 1511 1658 P
1543 1623 1582 1659 U
1609 1624 1646 1658 T
1747 1623 1837 1659 XV.

1169 1732 1214 1765 An
1237 1725 1321 1759 hodie
1342 1718 1375 1758 in
1384 1724 1572 1769 reglonibus‚
1599 1724 1650 1758 ubi·
1673 1730 1757 1768 vlger
1779 1735 1886 1757 manus
1908 1733 2024 1761 mortun
2037 1748 2048 1766 ,

1221 1776 1397 1815 Monasteri'a
1418 1776 1523 1808 valide*
1547 1787 1581 1807 ac
1619 1776 1748 1818 legitime
1765 1774 1944 1815 stipulentur
1964 1776 2001 1812 de

1269 1825 1496 1859 hareditati'bus
1538 1825 1645 1857 debitis
1675 1823 1835 1868 profeffuro
1869 1826 1955 1866 apud

1489 1873 1523 1922 se
1546 1873 1717 1908 Monacho?

1272 1978 1323 2010 lco
1334 2000 1344 2015 ‚
1370 1981 1402 2009 in
1416 1977 1582 2021 regionibus
1597 2001 1607 2016 ,
1637 1977 1686 2012 ubi
1703 1982 1786 2021 viget
1797 1988 1904 2010 manus
1917 1986 2032 2010 mortua
2044 2002 2052 2010 .

1296 2026 1424 2060 Etenim
1450 2029 1482 2059 iii
1507 2027 1718 2071 regionibus,
1745 2027 1830 2069 apud
1857 2038 1935 2071 quas
1973 2028 2051 2062 sacri

1175 2078 1328 2110 Canones
1348 2100 1358 2114 ‚
1385 2077 1419 2109 <Sc
1445 2076 1654 2118 Imperatoris
1681 2073 1853 2118 Justiniani
1876 2077 1984 2121 Leges
2011 2077 2054 2110 vi·

1175 2136 1279 2165 vunt‚
1307 2125 1487 2158 istiusmodi
1507 2125 1732 2167 stipulationes
1744 2127 1970 2160 suntomnind
1985 2126 2055 2159 nul-

1175 2175 1238 2209 lius
1251 2173 1420 2216 ponderis.
1451 2176 1581 2208 Etenim
1593 2173 1682 2217 quod
1694 2175 1830 2215 omnis,
1855 2187 1923 2209 non
1948 2175 2055 2209 solum

1174 2225 1314 2270 gratuita
1330 2249 1339 2263 ‚
1368 2224 1419 2257 sed
1432 2225 1531 2257 etiam
1548 2235 1601 2267 per
1614 2224 1957 2267 dotisstipulationem
1970 2237 2054 2260 one·-

1176 2277 1244 2307 rosa
1258 2300 1266 2314 ,
1296 2275 1407 2307 futurae
1423 2274 1627 2310 successionis
1649 2276 1850 2309 renuntiatio
1871 2286 1926 2318 per
1950 2276 2056 2320 Leges

1174 2327 1205 2359 ὅ(
1218 2324 1370 2358 canones
1384 2323 1584 2368 improbetur
1601 2336 1639 2358 ac
1657 2324 1845 2358 exsuffletur
1862 2351 1872 2366 ,
1896 2324 1941 2358 est
1963 2326 2055 2369 supra

1177 2374 1307 2409 abunde
1330 2374 1602 2408 demonstratum.
1636 2374 1780 2408 Proinde
1797 2374 1882 2413 hoc,
1910 2386 1965 2417 per
2002 2375 2057 2408 lo-

1175 2424 1413 2459 cumacarnali
1429 2424 1468 2456 ad
1496 2424 1658 2466 spirituale
1682 2424 1931 2457 matrimonium
1947 2449 1957 2464 ,
1985 2435 2058 2458 otn-

1180 2473 1259 2510 nino
1271 2475 1380 2508 locum
1404 2473 1533 2508 obtinet
1553 2473 1651 2506 etiam
1678 2475 1710 2505 in
1736 2475 1914 2516 profeffuro
1936 2474 2056 2509 Mona·

1176 2525 1262 2559 cho.
1290 2524 1384 2557 Hinc
1398 2523 1531 2565 quaestio
1543 2523 1731 2555 devolvitur
1743 2524 1781 2556 ad
1795 2523 1868 2557 istas
1882 2523 2031 2568 regiones
2045 2548 2057 2565 ,

1177 2573 1339 2618 inquibus
1371 2585 1438 2607 non
1462 2573 1630 2606 dumtaxat
1653 2574 1807 2615 professus
1829 2572 2018 2607 Monachus
2044 2598 2056 2615 ‚

1179 2624 1229 2658 sed
1243 2625 1276 2658 ὅ(
1291 2625 1393 2666 ipsum
1402 2622 1469 2665 ejus
1481 2621 1719 2655 Monasterium
1733 2623 1777 2658 est
1791 2634 1904 2657 manus
1917 2634 2056 2658 mortua.

1179 2675 1323 2721 Qaestio
1338 2674 1380 2705 est
1396 2697 1406 2711 ‚
1436 2672 1491 2704 An
1513 2672 1778 2714 Monasterium,
1806 2675 1965 2717 quoniam
1978 2685 2057 2708 cun-

1178 2727 1236 2758 ctis
1251 2725 1296 2756 sui
1312 2722 1411 2756 futuri
1439 2721 1498 2755 filii
1521 2722 1787 2764 successionibus,
1818 2735 1855 2759 ac
1878 2724 1933 2766 ipfi
1955 2725 2056 2758 etiam

1179 2774 1332 2817 legitimae
1345 2772 1490 2814 portioni
1518 2770 1616 2807 debet
1628 2783 1835 2814 renuntiare,
1865 2785 1932 2807 non
1962 2773 2056 2819 poffit

1179 2835 1253 2857 cum
1275 2823 1439 2866 professori
1454 2822 1662 2866 parentibus,
1690 2822 1862 2862 fratribus,
1889 2831 1944 2856 aut
1966 2833 2056 2857 tuto-

1159 2873 1354 2908 itibusante
1378 2872 1469 2906 istius
1493 2873 1719 2926 proseffionem
1746 2872 1892 2915 stipulari
1915 2873 1955 2906 de
1968 2883 2056 2907 certa

1159 2909 1276 2963 dote,
1302 2933 1399 2965 atque
1426 2923 1471 2955 ita
1499 2921 1574 2955 sibi
1578 2933 1756 2965 utcumque
1778 2921 1970 2957 consulere?
1999 2923 2057 2957 An

1181 2975 1236 3008 ista
1250 2972 1414 3016 stipulatio
1441 2972 1477 3004 fit
1492 2972 1597 3005 valida
1611 2973 1643 3005 ἃ
1657 2972 1759 3005 casta
1752 2972 1764 2996 ²
1793 2972 1991 3015 Respondeo
2012 2974 2057 3007 es-

1185 3025 1231 3057 se.
1263 3023 1394 3057 Etenim
1425 3021 1569 3054 Ecclefiae
1592 3033 1628 3055 ac
1641 3021 1843 3057 Monasteria
1862 3033 1916 3067 per
1942 3034 2058 3058 manus

1183 3085 1317 3107 mortuae
1342 3073 1462 3116 Legem
1476 3082 1680 3114 nequaquam
1693 3083 1857 3106 exuuntur
1880 3073 1969 3106 avito
1999 3075 2057 3108 suo

1182 3123 1248 3167 jure
1270 3121 1309 3156 ad
1335 3122 1559 3166 profitentium
1584 3121 1692 3162 bona,
1720 3123 1773 3155 sed
1786 3121 1956 3156 dumtaxat
1978 3124 2058 3157 fasta

1185 3176 1256 3207 sunt
1275 3173 1440 3214 incapacia
1452 3172 1490 3204 ad
1518 3170 1658 3211 fundos,
1685 3171 1811 3216 aliaque
1836 3173 2020 3206 immobilia
2051 3195 2059 3204 .

1184 3225 1274 3257 Hinc
1288 3222 1479 3265 professurus
1493 3245 1503 3260 ,
1530 3222 1585 3265 qui
1600 3220 1736 3262 suijuris
1748 3222 1792 3255 est
1808 3247 1818 3262 ‚
1841 3223 1933 3267 poffit
1944 3218 2060 3256 ornnes

1188 3274 1259 3307 suos
1271 3273 1390 3307 fundos
1413 3271 1608 3311 divendere,
1637 3272 1781 3305 &omne
1803 3274 1939 3314 pretium
1963 3281 2060 3305 trans·

1187 3324 1266 3356 ferre
1292 3325 1323 3355 in
1351 3319 1609 3354 monasterium.
1637 3321 1715 3356 Hoc
1744 3323 1846 3364 ipsum
1874 3322 2061 3355 faciendum

1191 3374 1254 3415 poll
1272 3374 1360 3406 suam
1378 3370 1602 3413 profi-monem
1626 3372 1726 3414 potest
1742 3372 1772 3403 in
1789 3374 1844 3404 suo
1863 3381 1938 3403 anie
1959 3371 2061 3407 ipsam

1165 3423 1382 3504 {testamento
1408 3421 1580 3462 disponere
1606 3434 1642 3454 ac
1662 3422 1772 3463 jubere
1796 3446 1802 3452 .
1830 3418 1942 3453 Plures
1963 3418 2063 3453 hodie

1193 3483 1337 3513 parentes
1360 3474 1432 3505 sunt
1469 3471 1587 3506 similes
1610 3471 1698 3511 illis,
1726 3472 1765 3505 de
1791 3470 1907 3514 quibus
1942 3470 2063 3511 scripiit

1907 3521 2033 3555 sanstus
