2366 3736
376 146 477 193 242

336 226 388 252 ter
398 219 498 251 servat
510 210 633 248 Divina
647 208 853 256 providentia
866 236 877 252 ,
888 223 924 247 ut
935 223 994 246 nec
1004 211 1204 257 Apostolum

334 266 477 303 Paulum
487 291 498 306 ,
513 275 564 298 vas
576 261 827 306 fingulariffimae
838 263 1005 298 electionis
1016 288 1027 303 ‚
1047 263 1204 297 censuerit

331 318 374 352 ab
388 319 447 351 illo
461 315 670 349 eximendum
684 337 692 346 .
707 312 800 346 Idem
813 314 849 346 in
862 313 1062 357 Apostolicae
1073 314 1114 347 ad
1127 313 1203 347 Phi-

332 368 488 411 lippenses
501 362 653 405 Epistolae
665 363 908 397 commentariis
919 363 1017 397 tradit
1028 364 1203 407 SJoannes

257 420 265 429 “
282 447 291 457 ‚
331 415 587 459 Chrysossomus
600 415 644 445 :51'
654 424 722 455 quae
729 415 877 447 advitam
884 414 1202 455 bancpertment‚fine

331 474 432 501 timore
451 464 527 497 m‘le‘
537 469 650 505 acquiri
662 474 720 496 non
727 464 844 506 poffunt
856 489 868 504 ,
889 467 979 497 multa
995 467 1092 497 mina:
1114 463 1200 505 [ρι’νὶ-

329 518 425 550 tualia
435 539 443 547 .
471 515 551 547 Cedo
562 519 642 547 enim
653 537 664 553 ‚
677 519 746 556 quis
762 514 933 555 literasfine
946 511 1050 553 timore
1062 517 1165 547 didicit
1182 516 1198 547 ?

328 568 410 609 ,Quis
423 573 520 597 artem
530 569 626 597 tenuit
632 563 694 605 fine
705 566 830 598 timore?
840 567 892 608 ,Qu
897 567 934 598 od
938 564 967 606 fi
972 566 1025 597 ubi
1034 576 1092 603 non
1103 571 1198 598 immt-

326 627 377 650 πει
390 615 522 648 diabolus
535 638 545 654 ,
565 612 622 656 sed
628 613 692 657 sola
715 615 896 660 negligentia
918 617 1129 656 impedimento
1138 616 1175 655 est
1186 642 1196 655 ,

325 674 411 698 tamo
423 673 492 706 opus
506 663 542 703 est
553 664 663 705 labore,
675 673 710 698 ut
714 663 741 707 s
738 666 813 698 olam
827 665 910 699 illam
924 667 1094 698 naturalem
1107 666 1195 710 negli-

891 122 1319 175 DtsserAR-rm
1353 125 1736 176 noema-ica

1269 212 1356 247 nibus
1368 238 1375 246 .
1390 213 1590 258 Respondeo
1602 209 1810 248 Tridentium
1819 210 1945 256 synodi
1968 210 2139 249 laudatum

1269 264 1379 298 locum
1404 274 1613 309 nequaquam
1622 264 1663 297 de
1676 261 1782 297 danda
1794 273 1885 299 extra
1897 289 1908 307 ‚
1929 264 1984 299 sed
1995 263 2139 299 omnino

1267 314 1353 348 intra
1376 315 1586 358 Baptismatis
1596 313 1844 348 Sacramentum
1859 314 1966 349 danda
1985 314 2139 359 justifica-

1265 365 1356 398 tione
1370 365 1475 408 palam
1488 375 1582 408 agere
1596 376 1604 396 :
1616 364 1698 398 Eam
1712 375 1781 398 non
1792 362 1988 408 quandoque
1998 388 2010 404 ,
2021 365 2074 399 sed
2088 365 2138 398 in-

1264 413 1397 449 definite
1411 440 1421 455 ,
1434 416 1574 458 ideoque
1588 415 1812 449 universaliter
1824 414 1857 448 &
1868 414 1990 457 semper
2003 411 2137 449 inchoa-

1264 466 1290 498 ri
1302 465 1385 498 dicit
1397 465 1415 499 ὲ
1430 466 1535 498 servili
1548 465 1666 499 timore
1679 489 1686 497 .
1700 465 1939 499 Converfiones
1953 462 2138 498 subitaneas

1263 515 1296 549 ἀ
1319 517 1526 549 miraculosas
1548 516 1655 548 fateor
1667 517 1754 557 posse
1773 516 1834 548 esse
1852 525 1944 548 extra
1967 512 2110 557 regulam
2123 526 2134 556 ;

1259 565 1348 611 addo
1361 577 1471 599 tamen
1482 566 1581 599 etiam
1594 566 1623 599 S.
1636 559 1790 607 Apostoli
1802 564 1912 604 Pauli,
1925 574 1996 607 quae
2007 562 2136 607 penitu3

1261 614 1427 648 subitanea
1439 617 1472 651 &
1484 619 1635 649 omnium
1654 615 1929 649 miraculofiffima
1943 614 2009 648 fuit
2020 637 2032 654 ‚
2055 624 2136 646 con-

1261 666 1437 700 versionem
1447 666 1588 699 omuino
1605 665 1735 708 coepifl'e
1746 666 1764 698 a
1781 664 1900 699 timore
1910 690 1917 696 .

1307 716 1362 749 De
1382 716 1562 759 imperfersta
1585 713 1824 749 Poenitentium
1847 713 2065 764 Contritione
2088 713 2131 746 sa·
2153 714 2224 750 Cur
2235 701 2298 751 di->

1257 768 1458 801 crotanetum
1470 766 1664 800 Concilium
1678 764 1760 799 reste
1771 762 1855 798 dicit
1872 777 1880 796 :
1903 768 2109 798 communiter
2127 788 2134 797 .
2149 775 2249 800 catur
2303 801 2306 805 ¹

1261 815 1390 860 Etenim
1405 816 1545 852 Abrahae
1556 818 1682 856 semen,
1694 817 1747 849 seu
1763 814 1939 850 Catholica
1952 814 2024 857 Jesu
2035 812 2134 848 Chri·
2148 827 2325 866 commu-43

319 722 455 758 gentiam
476 720 630 749 vincamus
643 740 654 756 ,
676 716 727 748 ubi
752 723 872 748 tantum
891 716 1044 756 impendet
1065 715 1193 755 bellum,

322 775 414 799 tama
424 767 645 807 impedimenta
654 789 665 805 ‚
677 771 726 808 qur
733 764 800 806 fier}
810 775 941 806 unquam
951 771 1062 806 poterit
1072 790 1083 806 ,
1095 776 1127 797 ut
1134 763 1194 805 fine

320 820 426 852 tlmore
441 813 568 858 salutem
577 814 784 858 consequamur
796 815 813 846 ,ἶ
837 815 878 848 Et
893 816 927 857 in
942 815 1117 850 monastica
1137 817 1194 849 do·

152 869 230 918 Cap.
247 878 280 920 4.

143 1506 206 1540 Ser.
230 1519 262 1555 9.

139 1567 208 1604 cap..
235 1569 269 1606 4.

321 867 422 901 &rina
436 864 727 900 Archi-Mandrita
742 864 934 901 Dorotheus
956 878 964 897 :
990 870 1072 900 Fieri·
1093 872 1195 910 nequit

319 916 376 950 ullo
382 915 471 959 pallo
482 940 492 956 ,
504 923 536 949 ut
545 914 694 956 perfeHus
710 916 762 948 seu
776 915 883 950 filialis
894 923 982 948 timor
993 919 1096 957 aliter,
1104 928 1195 960 quam

315 974 373 1010 per
392 965 571 1010 Isagogicum
593 967 644 998 seu
658 964 804 999 servilem
824 970 1047 1000 introducatur.
1080 969 1121 1002 Et
1136 980 1192 1002 ite-

317 1028 391 1051 rum
411 1029 419 1050 :
443 1015 594 1057 Perferffus
605 1021 693 1048 timor
704 1017 785 1048 nullo
797 1019 880 1049 modo
893 1017 1091 1059 baberipotest
1103 1042 1113 1057 ,
1142 1019 1197 1060 m'fi

318 1065 483 1111 Isagogicus
492 1067 667 1108 praecefferlt
681 1091 688 1098 .
716 1065 819 1102 Porro
831 1067 940 1100 filialis
952 1070 1051 1103 timor
1063 1067 1108 1102 est
1122 1081 1181 1111 pro

315 1115 452 1163 prius'ac
465 1116 654 1152 individuus
664 1114 831 1150 charitatis
842 1118 932 1152 faetus
941 1119 974 1151 δι
983 1118 1192 1158 comes,ideo·

315 1177 380 1208 que
390 1166 548 1208 sicutipse
559 1188 569 1204 ,
581 1169 625 1200 ita
640 1178 698 1203 nec
711 1166 769 1200 ista
782 1169 849 1200 line
860 1167 944 1211 quafi
959 1169 1192 1204 obstreticante

313 1215 436 1251 servilis
458 1214 587 1249 timoris
599 1216 778 1251 ministerio
791 1229 858 1251 non
873 1218 975 1261 potest
1000 1219 1165 1253 introduci
1186 1247 1191 1252 .

313 1266 363 1299 At
382 1266 459 1299 vero
470 1266 582 1299 fideles
594 1266 666 1309 lapsi
679 1266 789 1310 paffim
812 1270 847 1300 in
862 1269 992 1311 plenam
1019 1269 1191 1313 originalis

312 1316 428 1351 nosttae
447 1315 630 1358 iniquitatis
643 1318 834 1351 vetustatem
849 1330 917 1352 non
929 1319 1079 1353 recidunt
1098 1343 1108 1358 ,
1136 1319 1189 1353 sed

311 1365 457 1409 ipsorum
480 1365 578 1401 multi
599 1367 672 1399 sunt
694 1367 812 1401 ssmiles
824 1367 984 1411 Apostolo
1005 1367 1123 1410 Petro,
1150 1370 1190 1403 de

311 1415 424 1459 quoin
437 1415 624 1459 negationis
632 1427 801 1459 peccatum
811 1417 900 1463 lapso
910 1418 1019 1452 scribit
1030 1418 1064 1452 iu
1074 1419 1188 1453 sermo-

311 1465 409 1512 nibus
417 1465 458 1499 de
471 1465 651 1499 Dominica
660 1465 811 1500 Paffione
820 1468 946 1502 sanstus
956 1468 1027 1503 Leo
1039 1477 1189 1511 magnus:

312 1516 401 1549 Vidit
413 1520 445 1548 in
461 1525 489 1548 te
501 1517 645 1548 Dominus
658 1540 668 1556 ,
689 1527 745 1549 non
751 1517 844 1559 fidem
850 1517 956 1559 filiam
966 1542 977 1558 ,
989 1528 1047 1550 non
1062 1518 1190 1552 dllefflo-

310 1578 380 1599 nem
390 1563 545 1608 aversam,
552 1563 609 1608 sed
618 1565 903 1609 constantiamfuiffe
911 1567 1065 1600 turbatam
1074 1592 1082 1604 ,
1098 1567 1189 1610 Ejus,

309 1627 374 1660 qua
396 1627 454 1659 pro
465 1614 600 1650 Christo
612 1615 765 1651 Domino
788 1618 873 1651 mori
894 1618 1090 1652 &carcerari
1121 1619 1190 1660 spo·

309 1666 472 1711 ponderat
481 1690 491 1706 ‚
505 1664 695 1700 charitatem
706 1667 753 1700 ait
764 1666 878 1708 fuisse,
907 1678 977 1701 non
989 1669 1164 1702 extinctam
1179 1692 1189 1708 ‚

309 1715 365 1751 sed
385 1716 404 1753 a
417 1715 662 1759 superveniente
682 1716 830 1751 fortioris
850 1717 979 1752 timoris
1003 1717 1187 1761 cupiditate

307 1767 479 1800 dumtaxat
500 1766 680 1807 superatam
703 1766 738 1800 ὅ(
761 1767 954 1811 suppressam
970 1793 977 1800 .
1015 1766 1187 1810 Ejusmodi

308 1816 417 1859 lapsos
431 1839 441 1855 ,
455 1813 542 1857 quod
556 1814 654 1849 fidem
664 1839 675 1855 ,
690 1817 790 1859 spem,
801 1817 966 1862 ipsamque
978 1812 1077 1852 etiam
1086 1819 1188 1852 astua-

309 1867 376 1901 lem
387 1863 579 1899 charitatem
592 1867 755 1900 retineant
767 1891 778 1906 ,
800 1868 835 1900 in
850 1868 996 1910 Epistola
1007 1868 1048 1901 ad
1077 1866 1190 1902 Anto-

309 1916 450 1951 nianum
479 1915 678 1958 Episcopum
700 1917 827 1950 sanstus
856 1918 1043 1959 Cyprianus
1070 1927 1167 1951 vocat
1180 1941 1191 1957 ,

310 1977 382 2001 non
407 1965 504 2009 plene
523 1975 695 2005 mortuos,
716 1965 770 1999 sed
792 1967 972 2000 semineces
1003 1979 1041 2000 ac
1064 1966 1190 2001 semivi-

138 2014 220 2060 Cap.
239 2021 296 2061 25·
313 2028 369 2051 vos
381 2040 389 2048 .
414 2015 454 2048 ln
469 2014 554 2049 libro
564 2015 604 2048 de
618 2015 765 2049 Ecclefiae
786 2017 914 2050 unitate
927 2017 1053 2050 sanstus
1071 2016 1191 2061 Augu-

312 2068 417 2104 stinus
438 2064 581 2109 appellat
593 2075 700 2099 ramos
719 2066 961 2107 infructuosos,
985 2064 1127 2101 necdum
1146 2068 1191 2100 ta·

313 2129 390 2154 men
402 2117 547 2161 praecisos
562 2139 569 2147 .
590 2116 662 2149 Has
675 2126 810 2160 magnas
822 2115 937 2150 amiffae
950 2116 1194 2159 justificationis

314 2168 493 2203 &Divinae
512 2166 623 2211 gratiae
636 2166 788 2206 reliquias
800 2167 999 2210 quandoque
1019 2166 1190 2209 contingit

313 2218 425 2252 statim
444 2218 464 2250 a
477 2217 650 2249 miserante
672 2217 749 2250 Deo
760 2217 895 2258 respici,
911 2217 945 2250 ὅ(
956 2217 1037 2249 citra
1063 2215 1192 2249 timoris

315 2266 439 2303 servilis
458 2265 727 2308 cooperationem
750 2276 787 2298 ac
800 2266 1035 2300 excitationem
1058 2265 1092 2298 in
1114 2266 1193 2299 infi-

316 2316 462 2363 gnem&
484 2316 700 2357 lacrymosam
714 2316 942 2358 poenitentiam
970 2316 1133 2359 resurgere
1157 2326 1193 2348 ac

318 2366 478 2401 ebullire.
508 2365 641 2398 Etenim
656 2364 789 2398 Petrum
812 2376 892 2399 mox
911 2365 929 2398 a
942 2366 1029 2408 lapsu
1056 2364 1194 2409 respexit

318 2416 512 2455 Dominus,
534 2425 630 2457 atque
648 2411 728 2448 hinc
743 2414 798 2448 ille
820 2416 907 2449 foras
926 2415 1033 2448 statim
1055 2417 1195 2460 egressus

320 2467 414 2501 flevit
425 2463 548 2499 amare.
571 2462 737 2498 Plurimos
748 2463 830 2499 olim
843 2465 877 2498 in
895 2465 1071 2509 gentilium
1098 2466 1194 2508 perse-

321 2515 512 2550 cutionibus
534 2524 589 2557 per
611 2523 854 2548 tormentorum
877 2515 1068 2550 violentiam
1090 2515 1196 2559 lapsos

320 2567 418 2601 fuisse
429 2576 507 2598 mox
518 2564 537 2597 a
549 2565 625 2597 Deo
636 2564 792 2606 respestos
803 2587 815 2603 ,
842 2563 984 2608 ideoque
998 2566 1062 2599 sese
1085 2564 1193 2599 statim

321 2617 363 2650 ad
384 2614 600 2649 Ecclefiarum
612 2614 722 2647 valvas
742 2614 775 2648 &
786 2614 937 2648 omnium
951 2616 1106 2649 stantium
1117 2615 1195 2649 fide-

321 2667 405 2700 lium
419 2664 514 2708 pedes
525 2663 690 2707 projecisse
700 2664 735 2696 in
749 2664 918 2698 solennem
930 2663 1132 2700 Poenitentiae
1143 2665 1196 2698 fle-

321 2726 394 2750 tum
406 2740 416 2756 ,
425 2715 546 2749 docent
557 2714 653 2748 testes
665 2711 897 2758 irrefragabiles
906 2739 917 2755 ,
946 2715 1118 2758 prasertim
1131 2716 1195 2749 san-

323 2768 392 2801 stus
402 2764 606 2808 Cyprianus.
635 2763 678 2797 Et
693 2763 772 2798 talia
784 2764 1028 2798 Poenitentium
1046 2765 1194 2809 exempla

323 2815 442 2850 nostris
462 2815 561 2849 etiam
585 2813 787 2857 temporibus
810 2826 866 2857 per
880 2815 943 2848 Dei
965 2815 1104 2859 gratiam
1127 2826 1193 2849 non

325 2866 459 2900 desunt.
483 2864 575 2898 Hinc
589 2865 691 2908 igitur
703 2863 1028 2900 Catechumenorum
1051 2867 1192 2909 semper,

1257 865 1295 901 sti
1309 866 1451 903 Ecclefia
1462 892 1475 910 ‚
1486 879 1555 902 non
1569 865 1675 902 solum
1688 877 1723 900 ut
1736 864 1832 899 stellae
1843 864 1918 900 coeli
1932 888 1943 904 ,
1963 864 2017 897 sed
2029 864 2130 898 etiam
2150 869 2240 900 niter

1257 928 1292 952 ut
1303 930 1399 956 arena
1412 918 1508 953 maris
1518 943 1529 960 ‚
1547 929 1590 952 ex
1603 918 1731 952 Divina
1746 914 1958 959 promiffione
1971 912 2132 956 multipli·
2150 915 2285 961 concipi
2296 939 2307 950 .

1256 978 1364 1003 catum
1375 969 1419 1004 est
1432 994 1439 1001 .
1454 969 1630 1013 Spiritales‚
1642 968 1694 1001 seu
1709 967 1744 1000 in
1756 965 1878 1009 justitia
1892 963 2062 1008 perfestos,
2074 957 2134 1006 qui

1256 1030 1298 1052 ex
1307 1019 1395 1054 casto
1410 1019 1475 1052 Dei
1487 1030 1597 1053 amore
1608 1027 1709 1062 agant
1720 1016 1849 1055 omnia,
1858 1015 1892 1049 δε
1904 1014 2021 1048 cadant
2033 1014 2132 1048 raris-

1256 1069 1332 1105 sime
1345 1092 1356 1108 ‚
1366 1069 1522 1113 plurimos
1534 1080 1544 1111 ;
1557 1069 1714 1103 animales
1728 1077 1838 1100 tamen
1852 1065 1887 1099 &
1903 1065 2109 1108 imperfectos
2120 1088 2133 1105 ,

1256 1120 1312 1163 qui
1335 1130 1378 1152 ex
1389 1118 1502 1162 adjuto
1521 1129 1575 1161 pet
1593 1119 1748 1152 timorem
1772 1115 1919 1150 servilem
1942 1115 2134 1158 imperfeeco

1255 1180 1366 1202 amore
1384 1178 1559 1213 operantur
1569 1168 1650 1212 justa
1660 1193 1671 1209 ‚
1693 1168 1727 1201 δι
1738 1168 1925 1209 frequenter
1953 1164 2109 1198 labantur
2119 1186 2134 1204 ,

1255 1218 1353 1253 habet
1366 1219 1465 1262 longe
1479 1219 1582 1261 plures
1594 1244 1601 1251 .
1613 1218 1716 1252 Porro
1728 1217 1851 1250 eisdem
1864 1215 1970 1248 animi
1981 1213 2105 1248 viribus
2120 1236 2134 1253 ‚

1255 1270 1373 1311 quibus
1384 1269 1471 1303 stetit
1485 1268 1662 1312 injustitia,
1673 1267 1811 1309 quisque
1828 1263 1940 1308 passlm
1953 1263 1971 1296 a
1983 1262 2073 1305 lapsu
2089 1272 2137 1295 re·

1255 1321 1358 1363 surgit
1369 1331 1407 1353 ac
1419 1319 1558 1362 poenitet
1568 1342 1580 1358 ,
1603 1318 1744 1360 ideoque
1756 1314 1827 1349 solo
1840 1312 1933 1348 castae
1946 1311 2136 1346 dilectionis

1255 1370 1377 1412 impetu
1390 1367 1576 1403 excitantur
1588 1367 1627 1402 ad
1642 1364 1876 1411 resurgendum
1891 1363 1985 1407 pauci
2001 1386 2014 1402 ‚
2034 1360 2136 1406 pluri-

1254 1421 1297 1452 mi
1309 1430 1405 1464 egent
1419 1418 1559 1461 impulsu
1573 1419 1606 1452 δε
1620 1416 1785 1459 adjutorio
1796 1414 1926 1448 timoris
1937 1435 1945 1444 .
1968 1412 2065 1446 Hinc
2080 1410 2128 1445 di-

1253 1471 1298 1502 cit
1319 1470 1514 1503 sacrosancta
1538 1466 1693 1511 Synodus
1716 1464 1938 1508 imperfestam
1963 1461 2134 1497 Poeniten-

1253 1519 1336 1552 tium
1351 1518 1597 1553 Contritionem
1607 1516 1827 1551 communiter
1837 1512 1970 1556 concipi
1981 1524 2022 1547 ex
2038 1511 2136 1548 servi·

1254 1568 1377 1602 limetu
1389 1592 1397 1600 .
1420 1567 1512 1601 Dicit
1526 1569 1560 1600 in
1585 1567 1770 1600 Martinum
1788 1563 1973 1599 Lutherum
1987 1586 1997 1602 ,
2021 1562 2055 1596 in
2068 1571 2134 1596 me·

1254 1627 1376 1651 morata
1388 1619 1443 1651 sua
1463 1617 1618 1661 apologia
1629 1616 1745 1650 erroris
1758 1614 1805 1648 sui
1827 1613 2043 1648 fundamenta
2060 1611 2135 1646 sub·

1254 1678 1446 1706 vertentem,
1456 1667 1718 1711 garrientemque
1730 1665 1806 1698 solis
1817 1663 1934 1703 craffis,
1948 1660 2108 1696 induratis
2116 1685 2129 1702 ‚

1253 1718 1372 1761 impiis,
1385 1717 1523 1752 &omni
1537 1716 1742 1750 conscientia
1755 1715 1931 1754 exutis‚aut
1944 1713 2046 1755 ipsam
2061 1723 2134 1745 nec-

1252 1767 1332 1801 dum
1355 1767 1455 1802 nattis
1466 1765 1691 1811 peccatoribus
1703 1765 1766 1799 effe
1778 1763 1860 1807 opus
1874 1763 1937 1796 isto
1964 1761 2131 1804 adjutorio

1253 1829 1291 1850 ac
1302 1817 1443 1859 impulsu
1458 1841 1468 1857 ,
1481 1816 1620 1858 ideoque
1635 1826 1702 1848 non
1710 1812 1934 1848 communiter
1948 1836 1959 1852 ‚
1979 1811 2033 1846 sed
2046 1809 2137 1851 raris·

1254 1865 1327 1900 fimes
1340 1867 1384 1900 ita
1396 1866 1529 1908 concipi
1541 1865 1791 1900 Contritionem
1804 1886 1811 1894 .
1821 1862 1912 1896 Dico
1923 1886 1934 1902 ,
1947 1863 2073 1894 Error-is
2081 1858 2132 1903 sut

1254 1917 1456 1958 fundamenta
1462 1914 1684 1959 subvertentem
1698 1928 1708 1948 .-
1720 1914 1855 1947 Fatetur
1868 1911 1959 1946 enirn
1973 1934 1984 1951 ,
1998 1908 2073 1944 licet
2085 1921 2136 1944 ra·

1254 1966 1370 2002 riffime
1380 1991 1390 2007 ,
1413 1977 1523 2003 tamen
1536 1965 1736 2011 quandoque
1756 1961 1902 1996 servilem
1926 1971 2050 1995 metum
2068 1961 2133 1994 effe

1254 2016 1382 2056 utilem,
1393 2017 1427 2050 δε
1440 2028 1481 2050 ex
1495 2017 1563 2059 ipso
1577 2025 1690 2059 putam
1701 2014 1769 2048 Dei
1782 2011 2132 2051 dilectionemfleram·

1253 2078 1315 2110 que
1326 2065 1707 2111 poenitentiamgenetari
1718 2089 1725 2096 .
1741 2062 1843 2111 Quod
1857 2061 1924 2106 ejus
1938 2060 2037 2105 priori
2049 2060 2132 2104 dog·

1255 2118 1334 2151 mati
1353 2117 1459 2159 palam
1471 2114 1656 2150 adversatur
1669 2139 1677 2147 .
1699 2114 1752 2148 Ex
1764 2123 1883 2146 timore
1896 2111 1959 2145 isto
1971 2109 2109 2145 subinde
2122 2133 2136 2151 ,

1256 2178 1323 2200 non
1338 2166 1466 2200 tantum
1481 2176 1535 2209 per
1546 2165 1719 2199 successiva
1734 2162 1897 2208 gradatim
1909 2162 2111 2196 incrementa
2122 2181 2135 2199 ,

1256 2216 1307 2249 sed
1321 2216 1352 2249 &
1364 2216 1464 2249 unico
1476 2215 1562 2258 pleni
1577 2214 1735 2258 germinis
1747 2212 1856 2246 subito
1868 2212 1994 2255 impetu
2020 2221 2136 2254 proce-

1254 2265 1300 2299 dit
1313 2266 1411 2298 etiam
1435 2265 1571 2308 perfecta
1584 2263 1724 2298 charitas
1738 2286 1750 2302 ‚
1775 2262 1979 2304 perfestaque
1999 2261 2136 2296 Contri-

1254 2315 1316 2349 tio·.·
1327 2315 1374 2348 lta
1387 2315 1477 2349 enim
1489 2313 1630 2348 evenisse
1643 2311 1810 2357 Apostolo
1823 2310 1930 2344 Paulo
1942 2320 2059 2344 omnes
2070 2320 2138 2343 cre·

1256 2366 1365 2399 dimus
1377 2390 1387 2406 ,
1410 2363 1591 2408 diser-teque
1612 2364 1646 2396 in
1658 2361 1762 2396 literis
1784 2361 1825 2395 ad
1843 2360 2054 2393 Bonifaciurn
2071 2358 2138 2392 Co·

1256 2415 1371 2449 mitem
1393 2414 1540 2448 adfirmat
1553 2414 1677 2448 saueius
1702 2410 1906 2455 Augustinus
1920 2434 1927 2441 .
1950 2409 2009 2442 Ast
2022 2408 2139 2451 rarisstff

1252 2475 1345 2499 mum
1358 2464 1403 2499 est
1417 2464 1514 2505 istud,
1525 2464 1574 2497 uti
1590 2464 1624 2496 in
1639 2461 1732 2496 libris
1745 2461 1785 2495 de
1797 2461 1972 2493 vocatione
1982 2458 2136 2503 gentium

1256 2515 1367 2549 beatus
1380 2513 1514 2557 Prosper
1526 2512 1609 2547 reete
1622 2512 1763 2546 advertit
1778 2535 1788 2550 ,
1801 2510 1866 2543 Dei
1882 2509 2009 2542 donum
2021 2521 2032 2546 ἕ
2045 2509 2137 2542 Hinc
2156 2520 2229 2556 Lib,
2255 2532 2291 2560 2,

1257 2565 1451 2599 sacrosancta
1472 2562 1629 2605 Synodus
1641 2562 1745 2596 solam
1769 2559 1987 2602 imperfectam
2000 2558 2137 2593 Contri-
2155 2583 2222 2617 cap,
2240 2582 2295 2610 22-

1257 2616 1382 2649 tionem
1394 2612 1510 2648 adserit
1522 2612 1612 2648 nasci
1624 2610 1849 2647 communiter
1862 2621 1904 2643 ex
1917 2609 2058 2659 timore.

1305 2664 1450 2713 Qiaestio
1461 2664 1556 2697 tertia
1567 2662 1612 2697 est
1617 2674 1729 2706 ‚quare
1740 2662 1853 2696 eadem
1871 2659 2064 2696 sacrosausta
2078 2658 2138 2702 sy*

1260 2715 1366 2749 nodus
1389 2715 1607 2757 imperfectam
1621 2712 1860 2747 Poenitentium
1883 2711 2137 2746 contritionem

1256 2764 1342 2799 dicat
1356 2763 1577 2799 communiter
1589 2763 1750 2805 concipi,
1772 2773 1841 2796 non
1855 2761 1960 2795 solum
1974 2772 2014 2795 ex
2028 2761 2137 2795 servili

1256 2814 1494 2860 gehennarum,
1505 2813 1559 2847 sed
1571 2814 1670 2847 etiam
1682 2824 1723 2846 ex
1733 2812 1872 2846 aliarum
1886 2820 2054 2855 poenarum
2068 2821 2134 2844 tne-

1255 2876 1292 2899 tu
1306 2889 1317 2905 ,
1327 2876 1368 2898 ex
1381 2863 1583 2899 confiderata
1597 2864 1676 2897 item
1689 2871 1899 2905 peccatorum
1910 2860 2136 2904 turpitudine,

324 2914 551 2957 Penitentium
561 2924 670 2948 autern
679 2914 928 2949 Contritionem
937 2914 1099 2949 duntaxat
1110 2927 1195 2949 com-

325 2964 472 2998 muniter
484 2975 523 2997 ex
537 2964 643 2998 servili
656 2965 774 2998 timore
785 2964 917 3007 concipi
932 2988 942 3003 ,
969 2965 1048 2998 reae
1058 2964 1140 2999 dicit
1153 2967 1194 2999 sa-

326 3014 490 3048 crosansta
505 3014 654 3056 Synodus
666 3014 867 3048 Tridentina
878 3039 886 3046 .
904 3014 1021 3048 Hocce
1034 3014 1195 3049 Catechu-

1258 2926 1394 2948 numero
1406 2939 1417 2955 ,
1430 2914 1590 2959 gravitate
1608 2915 1621 2947 ἓ
1641 2912 1845 2956 Respondeo
1856 2913 2016 2945 rationem
2030 2910 2099 2945 dari
2112 2911 2132 2945 a
2158 2927 2282 2966 Conci,-

1257 2966 1366 2999 saneto
1381 2963 1592 3009 Augustino,
1613 2973 1733 3008 agente
1747 2960 1788 2996 de
1809 2961 1969 2995 Ninivitis
1983 2985 1995 3001 ‚
2016 2961 2056 2996 ad
2072 2971 2137 3005 poe-
2153 2982 2242 3024 pitur
2255 2993 2293 3016 t-

1256 3015 1341 3049 nalia
1356 3015 1460 3058 Regis
1471 3014 1517 3047 sui
1533 3014 1645 3049 Ediaa
1658 3010 1899 3047 Poenitentibus
1909 3035 1920 3051 ,
1932 3011 1966 3044 in
1980 3009 2069 3045 libris
2079 3011 2133 3045 ad·
2154 3031 2237 3065 ‘iam
2253 3041 2298 3067 ex

327 3073 502 3098 menorum
513 3064 546 3096 &
558 3063 794 3097 Poenitentium
805 3064 929 3108 grande
940 3063 1112 3098 discrimen
1127 3077 1195 3098 non
1240 3052 1243 3085 ε
1257 3064 1363 3098 versus
1386 3064 1614 3098 Gaudentium
1631 3088 1642 3104 ,
1663 3061 1915 3098 Donatistarum
1930 3061 2131 3105 Episcopum
2155 3090 2254 3116 mem

327 3112 495 3147 intellexit
506 3114 694 3156 marginalis
710 3113 906 3148 Scholiastes
917 3113 958 3148 ad
975 3114 1118 3157 superius
1143 3115 1197 3149 ad·
1261 3115 1594 3159 Thamugadensern:
1620 3112 1788 3157 ‚Quidopas
1798 3120 1863 3145 erat
1881 3115 1971 3155 Regis
1989 3117 2111 3154 imperio
2121 3135 2133 3152 ‚
2154 3131 2265 3166 msto,

329 3163 425 3197 duaa
437 3161 532 3195 verba
546 3162 839 3198 Archi-Mandritae
853 3163 1038 3199 Dorothei:
1053 3168 1150 3198 Caute
1159 3166 1197 3197 le·
1255 3173 1288 3197 ut
1301 3165 1453 3198 humifiter
1462 3163 1678 3207 supplicaretur
1696 3165 1758 3195 Dee
1767 3186 1779 3202 ‚
1789 3166 1841 3203 qui
1855 3172 1911 3194 non
1923 3168 2058 3196 intuetur
2070 3173 2132 3200 ora,
2153 3191 2234 3216 mm

326 3225 364 3257 ge
373 3238 381 3245 .
396 3216 483 3245 Nam
494 3217 591 3243 innuit
604 3212 681 3244 nullo
689 3213 775 3254 patro
786 3214 888 3249 baberi
894 3214 970 3257 poffe
980 3219 1112 3247 timorem
1120 3215 1197 3255 filia·
1240 3189 1244 3230 ι
1252 3213 1310 3258 sed
1323 3216 1412 3248 corda
1422 3238 1433 3253 ,
1451 3214 1506 3256 nisi
1518 3219 1590 3256 quia
1600 3220 1686 3247 erant
1699 3217 1732 3243 in
1742 3215 1785 3244 eis
1795 3212 1920 3254 quidam
1932 3236 1942 3252 ,
1956 3218 2008 3255 qui
2021 3223 2072 3246 nec
2084 3222 2129 3245 cu·
2155 3239 2181 3264 tt
2189 3241 2292 3275 προ,

329 3263 388 3297 lem
398 3287 408 3303 ,
420 3267 493 3304 quin
505 3261 676 3303 praecesserit
686 3262 809 3304 servilis
819 3289 827 3296 .
844 3265 1007 3298 Ordinarie
1019 3266 1137 3306 quidem
1152 3271 1199 3297 ita
1241 3269 1360 3298 ‘'r-arent
1370 3287 1380 3303 ,
1407 3275 1458 3297 nec
1469 3266 1619 3298 crederent
1627 3261 1778 3304 praedseh
1804 3265 1922 3295 Divina
1935 3286 1946 3302 ,
1972 3261 2027 3304 nisi
2033 3265 2131 3295 territi
2153 3258 2278 3316 rhium

330 3317 433 3347 evenit
445 3318 478 3344 in
494 3317 656 3353 peccatoris
665 3312 868 3353 justificatione
878 3325 968 3348 extra
987 3315 1178 3347 Sacramenta
1190 3337 1202 3353 ‚
1253 3314 1396 3357 potestate
1408 3313 1560 3347 humana?
1571 3312 1628 3352 Ista
1638 3311 1854 3355 igitarjuffione
1867 3315 1967 3355 Regiae
1973 3311 2127 3354 potestatis
2157 3310 2233 3366 [ι’-ὼ.
2257 3342 2276 3370 1
2287 3305 2297 3312 ’
2312 3342 2317 3347 ,

329 3371 363 3394 ut
384 3360 511 3395 habetur
523 3367 619 3403 capite
638 3359 722 3403 sexto
738 3365 861 3397 Consilii
874 3367 1043 3397 Tridentini
1055 3375 1064 3406 ;
1088 3371 1122 3396 at
1134 3376 1197 3397 con·
1242 3398 1245 3404 ,
1259 3366 1360 3397 multis
1372 3365 1416 3397 ad
1422 3362 1553 3407 salutem
1559 3361 1718 3404 praestarur
1733 3360 1832 3403 occasio
1842 3386 1853 3403 ‚
1877 3368 1949 3404 quia
1958 3361 2012 3404 erfi
2019 3361 2139 3396 violem·
2255 3353 2290 3421 2⁹

330 3416 420 3454 tingit
433 3412 585 3454 interdum
593 3411 682 3443 aliter
696 3435 707 3450 ²
729 3413 793 3444 ‘ftm
806 3419 874 3454 quis
885 3423 939 3456 per
950 3417 1141 3447 Sacramenta
1150 3416 1199 3456 ju·
1241 3406 1246 3433 l
1260 3423 1306 3448 ter
1319 3416 1466 3448 ducuntur
1478 3414 1523 3446 ad
1528 3423 1641 3446 coenam
1651 3417 1731 3444 tanti
1743 3414 1848 3445 Patris
1851 3410 2041 3453 familias,&
2053 3422 2138 3446 com·
2159 3393 2231 3428 ⁶²9⁹
2282 3389 2319 3429 ς’

326 3460 469 3504 stificatur
481 3486 494 3504 2
518 3463 554 3497 θ
567 3467 599 3496 in
607 3458 772 3506 subitaneis
785 3464 819 3498 ὀ·
829 3464 1005 3508 miraculofis
1021 3463 1200 3508 ficssficatio·
1260 3462 1652 3509 pellunturimrm,1neas
1665 3472 1765 3499 tamen
1776 3467 1937 3498 inveniunt
1955 3461 2033 3494 unde
2039 3459 2081 3503 sc,¹
2090 3466 2145 3496 lae·

1984 3515 2047 3546 tent
2056 3524 2095 3549 ur
