2366 3736
75 2819 122 2852 (s.

388 136 452 195 48
949 129 1632 176 Dissnnrano·

395 218 520 253 Eadem
532 216 574 252 de
587 228 618 252 re
629 214 794 260 insigniter
813 212 852 248 ad
864 213 1064 258 Stephanum
1088 215 1230 250 Cantua-

344 268 484 303 riensem
496 263 597 302 Archi
611 284 628 292 -
639 267 836 309 Episcopum
850 266 1005 309 rescripfit
1015 265 1230 300 Innocentius

346 319 405 354 111.
431 322 570 352 Nuntius
582 326 647 349 tuus
653 324 709 357 pro
718 323 809 357 parte
818 324 874 348 tua
878 314 1030 358 proposuit
1038 341 1049 356 ‚
1077 317 1158 357 quod
1165 317 1229 349 cum

345 365 594 408 Cantuarienfli’m
616 364 761 406 Dioecefim
782 365 925 411 vifitans,
952 371 984 399 in
997 365 1181 403 Monasteriis
1195 368 1228 399 Θ

344 418 494 461 Religiofis
512 418 580 448 locis
587 416 741 459 pullulaffe
751 422 891 457 repereris
907 415 1100 458 ſsmoniacam
1120 421 1227 456 pravi-

344 478 438 502 tatem
450 491 460 507 ,
485 473 531 499 ita
543 467 624 508 quod
634 472 666 498 in
678 472 720 499 eis
732 468 816 499 multi
830 473 927 508 pretio
941 466 1002 507 fint
1024 470 1152 507 recepti,
1176 471 1228 507 qui

338 518 437 559 potius
443 521 542 559 gratis
554 521 646 556 recipi
656 516 814 559 debuiffent
824 540 834 555 ,
863 520 922 550 imo
933 523 1024 549 etiam
1048 518 1093 548 ad
1103 517 1226 559 Religio·

338 573 388 600 nis
401 565 619 608 observantiam
630 572 758 599 invitari
770 589 778 599 .
806 567 936 600 Dubitas
949 573 1040 610 igitur
1049 591 1059 606 ,
1089 579 1131 598 an
1155 573 1225 607 quia

336 617 492 650 multitudo
514 622 661 658 reperitur
685 622 716 649 in
744 618 832 658 culpa
843 639 854 655 ,
874 617 1034 660 severitati
1046 616 1084 657 fit
1106 617 1226 657 aliquid

334 664 554 702 detrabendum
571 691 578 698 .
607 670 673 698 Nos
685 666 864 709 inquisitioni
882 676 940 700 tuae
963 669 1062 699 taliter
1073 665 1221 708 responde-

333 727 399 749 mus
412 729 423 749 .·
449 717 527 758 quod
531 716 559 757 Ji
567 718 729 749 adversum
741 728 787 750 eos
799 740 818 757 ,κ
835 724 886 759 qui
901 716 967 750 labe
980 716 1144 759 hujusmodi
1150 715 1221 756 fue·

331 772 395 799 rint
407 768 567 806 maculati,
594 766 736 809 accusatio
756 777 850 799 coram
879 776 908 800 te
929 769 1065 800 canonice*
1085 766 1219 805 instituta

324 815 364 857 fit
377 840 387 856 ,
410 816 563 859 postquam
570 822 682 850 crimen
693 819 798 849 ordine
814 816 909 856 fuerit
915 819 1080 857 judiciario
1091 825 1219 857 compro—

329 866 435 899 batum
446 892 456 908 ,
483 877 547 899 tam
561 872 593 899 in
606 869 712 900 dantes
724 869 816 910 quam
827 874 859 900 in
871 873 1046 909 recipientes
1071 872 1220 901 canonicae

323 914 503 957 severitatis
516 928 650 950 exerceas
671 919 811 950 ultionem
822 943 829 950 .
858 916 984 961 ,Quodsi
990 919 1026 951 de
1038 917 1088 950 boc
1099 917 1155 949 tibi
1161 925 1218 958 per

323 964 419 1009 solam
429 967 640 1008 inquifitionem
652 966 813 1007 constiterit
826 993 836 1008 ,
864 979 910 1000 eos
933 974 985 1010 qui
1003 976 1060 1010 per
1081 966 1216 1008 fimonia·

326 1027 391 1049 cam
398 1023 589 1058 pravitatem
600 1023 632 1050 in
642 1019 712 1051 locis
725 1018 839 1050 talibus
847 1016 918 1060 sunt
928 1024 1060 1059 accepti,
1086 1016 1125 1049 ab
1153 1018 1215 1049 illis

323 1076 439 1099 amotos
450 1069 494 1098 ad
503 1069 651 1110 agendam
658 1074 867 1109 poeni'tentiam
882 1074 913 1101 in
939 1067 1116 1108 Monasteria
1137 1068 1214 1098 diri-

318 1128 378 1158 gas
391 1117 519 1148 arc‘iiora
534 1141 541 1148 .
573 1117 735 1150 abbatibus
747 1127 847 1151 autem
869 1120 903 1152 ὁ·
927 1118 1081 1158 Abbatiffis
1095 1141 1106 1157 ,
1134 1119 1214 1148 Prio—

322 1165 424 1206 ribus,
458 1168 599 1199 l’raelaas
611 1167 793 1208 quibuslibet
806 1191 816 1206 ‚
842 1169 876 1200 ὢ*
900 1168 1082 1208 officialibus
1106 1176 1212 1198 eorum·

321 1216 389 1248 dem
408 1218 551 1258 injungas
568 1234 579 1255 ‚
598 1223 810 1257 poenitentiam
836 1225 1048 1257 competentem
1061 1241 1068 1248 .
1097 1218 1143 1248 Et
1164 1217 1212 1247 do·

320 1276 374 1298 nec
383 1266 467 1297 illam
475 1272 645 1308 peregerint
657 1291 668 1306 ‚
694 1278 740 1298 eos
754 1268 774 1297 a
797 1268 816 1298 5
818 1278 952 1299 aerosum
975 1267 1125 1298 ordinum
1150 1276 1212 1298 exe-

320 1320 434 1348 cutiwie
461 1313 627 1357 suspendas
642 1339 653 1355 ,
680 1318 839 1358 injungens
870 1314 1028 1358 Epifi·opis
1067 1322 1127 1348 tuis
1143 1339 1153 1355 ,
1180 1324 1210 1348 ut

320 1364 397 1398 hanc
400 1363 536 1406 formam
542 1372 598 1406 per
611 1363 684 1407 suas
699 1363 838 1407 Dioeceses
850 1364 993 1404 studeant
1016 1363 1172 1408 observare
1203 1390 1210 1397 .

320 1414 460 1450 Admiffi
473 1410 688 1449 detrusionem
700 1415 734 1448 in
750 1416 865 1449 arctius
880 1415 1119 1449 Monasserium
1135 1439 1146 1455 ‚
1172 1426 1209 1448 ac

319 1464 538 1501 Admittemis
558 1464 689 1499 {Sacris
707 1465 889 1499 Ordinibus
902 1466 1142 1509 suspensionem
1164 1467 1207 1499 af·

319 1516 427 1549 firmat
439 1515 501 1548 effe
519 1526 651 1559 poenam
679 1515 859 1549 Canonum
874 1516 982 1560 rigore
1010 1515 1174 1550 mitiorem
1197 1527 1204 1547 :

319 1566 393 1607 quis
407 1565 506 1610 igitur
517 1564 560 1598 est
575 1565 633 1598 iste
644 1566 757 1608 rigor?
785 1566 983 1607 Respondeo
996 1567 1058 1599 effe
1081 1565 1209 1598 Admit-

319 1615 418 1648 tentis
443 1616 569 1658 insuper
591 1615 829 1658 suspensionem
850 1615 891 1649 ab
904 1617 1038 1655 officio,
1066 1616 1098 1648 ὅ(
1135 1615 1208 1649 Ad-

319 1665 404 1700 milli
414 1665 453 1698 ad
467 1665 668 1708 recipiendos
688 1665 800 1699 Sacros
822 1665 966 1701 Ordines
988 1665 1204 1709 irregularita-

318 1724 384 1748 tem
397 1738 405 1746 .
432 1716 575 1749 Forsitan
589 1715 622 1748 ὅ(
635 1714 807 1749 anathema
821 1715 981 1749 inflictum
994 1715 1012 1748 ὲ
1039 1714 1207 1749 Richardo

318 1763 444 1798 Archi-
458 1765 639 1807 Episcopo.
667 1764 825 1799 Pontifex
846 1768 935 1799 enim
970 1766 1125 1808 rescripsit
1150 1775 1207 1808 pro

319 1815 386 1848 sola
402 1813 587 1859 Angiicana
602 1814 762 1855 Ecclesia,
791 1816 933 1858 ideoque
955 1815 1049 1858 possit
1072 1814 1112 1849 ad
1135 1816 1205 1858 ejus

319 1866 419 1898 etiam
434 1866 608 1909 singulares
619 1863 774 1899 Canones
785 1865 951 1908 respexisse
964 1890 970 1897 .

370 1915 561 1949 Duriffimas
575 1913 652 1948 huic
663 1916 792 1948 crimini
809 1927 917 1958 poenas
941 1914 1094 1958 imposuit
1107 1914 1205 1948 etiam

320 1966 454 2009 septima
468 1965 621 2007 Synodus
640 1980 651 1999 .·
677 1969 715 1997 In
729 1973 847 1998 tantum
860 1967 982 1998 inolevit
1002 1970 1143 1998 avaritia
1152 1964 1206 2006 fa·

149 2009 304 2060 Cap-:19
320 2021 404 2050 cinus
418 2021 450 2047 in
465 2016 601 2048 Rec‘lores
614 2014 824 2056 Ecclefiarum,
849 2025 883 2047 ut
907 2020 999 2047 etiam
1019 2017 1144 2056 quidam
1167 2025 1206 2046 eo»

323 2116 470 2158 viscentes
492 2116 703 2148 mandatorum
726 2117 848 2146 Domini
871 2116 1078 2155 decipiantur,
1106 2115 1139 2146 (θ’
1155 2121 1207 2153 per

325 2176 432 2199 aurum
443 2170 588 2197 introitus*
605 2166 805 2197 accedentium
817 2187 827 2203 ‚
854 2172 918 2195 tam
931 2165 973 2195 ad
983 2165 1139 2195 sacratum
1153 2166 1207 2194 Or-

325 2217 446 2254 dinem,
471 2216 563 2255 quam
573 2215 618 2246 ad
628 2213 822 2254 Monasticam
838 2218 937 2245 vitam
949 2213 1094 2253 efficiam.
1123 2212 1207 2244 Unde

325 2264 361 2308 fit
373 2274 394 2305 ‚·
410 2274 442 2297 ut
454 2275 575 2306 quorum
596 2268 718 2295 initium
741 2263 930 2304 improbabile
954 2262 1011 2302 est,
1038 2267 1136 2294 omnia
1147 2260 1208 2302 fiat

323 2316 531 2359 proficienda,
560 2322 592 2346 ut
607 2325 733 2356 magnus
757 2320 802 2346 ait
825 2311 951 2354 Bafilius
965 2337 972 2344 .
1000 2317 1109 2354 Neque
1131 2314 1208 2344 enim

328 2367 390 2398 Deo
397 2374 454 2405 pro
463 2375 634 2397 mammona
645 2362 761 2406 servire
771 2364 855 2396 licet.
882 2365 914 2394 51·
926 2368 992 2404 quis
1014 2364 1080 2405 ergo
1104 2368 1208 2394 inven-

327 2423 374 2447 tus
381 2414 481 2456 fuerit
492 2413 542 2446 bo'c
545 2413 667 2455 faciens
682 2436 692 2453 ,
719 2411 747 2453 fi
753 2414 871 2455 quidem
892 2411 1053 2455 Episcopus
1075 2422 1127 2443 aut
1147 2411 1207 2442 Ab-

328 2465 383 2498 bas
394 2469 552 2502 extiterit,
579 2464 630 2496 vel
639 2462 764 2505 quilibet
788 2464 825 2496 de
844 2460 962 2504 sacrato
981 2464 1129 2505 collegio,
1157 2471 1209 2493 aut

329 2513 439 2555 definat
450 2521 502 2545 aut
512 2515 677 2555 deponatur
687 2537 697 2552 ,
716 2514 813 2553 juxta
819 2510 982 2555 secundam
993 2515 1124 2555 regulam
1135 2514 1155 2543 5
1156 2523 1208 2543 an-

328 2564 369 2596 ἂι·
380 2561 616 2602 Chalcedonensis
642 2564 782 2596 Com-ilii.
813 2562 963 2605 Abbatiffa
985 2565 1053 2595 vero
1075 2563 1209 2602 ejiciatur

327 2615 364 2646 de
377 2612 551 2653 Monasterio
562 2637 571 2652 ,
600 2614 633 2645 (u
643 2615 784 2644 tradatur
798 2618 829 2644 in
843 2614 902 2645 alio
913 2611 1085 2652 Monasterio
1095 2613 1138 2644 ad
1140 2610 1209 2655 sub·

320 2663 478 2705 filii-onem
488 2687 495 2694 .
523 2661 664 2694 similiter
676 2663 709 2695 ό*
721 2662 819 2694 Abbas
832 2685 841 2700 ,
865 2669 915 2704 qui
925 2673 982 2695 non
992 2661 1130 2695 babuerit
1142 2674 1209 2693 ma-

326 2724 384 2748 nus
422 2710 630 2754 impofitionem
659 2712 837 2754 Presbyteri.
870 2713 1022 2746 Affirmat
1046 2724 1083 2746 ac
1108 2712 1210 2745 sancit

327 2763 416 2798 varia
427 2787 434 2795 .
463 2761 576 2795 Primo
589 2786 599 2802 ,
625 2761 714 2804 quod
728 2763 761 2794 in
774 2764 871 2794 Sacro
886 2763 1012 2795 Ordine
1029 2773 1085 2801 aut
1100 2761 1209 2795 Eccle-

328 2813 452 2847 fiastico
465 2811 645 2852 beneficio,
673 2822 802 2845 necnon
825 2811 856 2843 in
884 2812 1075 2845 Monasterii
1095 2814 1209 2856 ingre(-

329 2865 366 2897 su
380 2871 505 2906 patrata’
515 2861 670 2895 Simoniae
688 2862 748 2895 fint
761 2861 901 2903 ejusdem
914 2872 1018 2895 reatus
1035 2872 1070 2894 ac
1090 2873 1191 2903 poenae
1202 2886 1209 2893 .

330 2913 504 2951 Secundo,
534 2911 718 2956 quodilli,
745 2921 885 2955 quorum
905 2911 1076 2945 exordium
1097 2913 1139 2944 est
1154 2912 1210 2945 irn-

329 2961 497 3006 probabile
519 2987 529 3001 ‚
565 2963 623 2996 sirit
646 2961 733 3004 juxta
757 2972 913 3005 maguum
941 2961 1091 2994 Basilium
1118 2962 1210 3004 proji-

329 3012 444 3045 cienda
457 3012 585 3045 omnia:
615 3011 701 3054 quod
713 3022 824 3044 eorum
840 3012 1008 3054 promotio
1020 3022 1075 3045 aut
1095 3011 1210 3054 profes-

327 3062 373 3094 fio
392 3071 456 3093 non
479 3061 569 3104 possit
583 3062 600 3094 a
623 3063 746 3095 Divina
762 3060 987 3095 benedietione
1010 3062 1154 3095 nancisci
1168 3062 1205 3095 fe·

327 3110 424 3144 licem
437 3112 582 3144 exitum:
609 3111 729 3144 ete-iim
741 3111 758 3144 a
771 3112 916 3145 Simonis
938 3112 1088 3156 maligno
1113 3110 1209 3144 corde

327 3160 515 3203 incipiunt,
552 3160 691 3204 ideoque
713 3162 854 3204 ipsorum
879 3162 992 3196 omnia
1016 3171 1153 3205 vergunt
1176 3162 1208 3194 in

327 3211 564 3254 perditionem.
591 3210 711 3245 Tertio
734 3235 744 3251 ,
765 3211 890 3244 Canon
928 3212 1101 3255 distinguit
1130 3211 1211 3244 inter

329 3259 475 3294 Abbates
500 3259 709 3303 presbyteros
731 3262 761 3294 ὅ(
783 3260 928 3295 Abbates
945 3261 1051 3295 adhuc
1075 3262 1175 3295 laicos

327 3321 383 3343 aut
402 3310 485 3344 certe
512 3311 630 3354 positos
655 3312 687 3343 in
721 3310 864 3344 inferiori
886 3311 1010 3355 gradu.
1038 3312 1171 3358 Qarto
1197 3335 1207 3351 ,

1290 215 1433 249 cundum
1447 216 1620 250 canonem
1635 210 1936 251 Chalcedonensem
1947 239 1954 247 .
1970 212 2052 262 Agit
2065 215 2119 251 hic
2132 216 2174 252 de

1291 266 1365 298 solis
1389 266 1544 310 gradibus
1568 263 1818 302 Ecclefiasticis‚
1854 276 1892 298 ac
1912 265 2004 300 fimul
2027 270 2061 302 in
2087 269 2174 302 solos

1290 316 1432 358 ipsorum
1471 316 1657 350 Collatores
1697 315 1891 357 Episcopos:
1922 317 2028 351 noster
2051 319 2173 353 Canon

1290 366 1394 407 ipsum
1409 366 1545 408 ampliat
1567 366 1606 398 ad
1621 364 1855 398 professionem
1878 367 2087 402 monasticam
2099 393 2109 409 ,
2137 370 2174 404 &

1289 412 1436 450 Abbates
1449 414 1676 456 presbyteros.
1703 414 1799 447 Istius
1814 413 1907 448 verba
1923 415 1997 448 sunt
2008 430 2020 450 .-
2047 420 2172 452 Gradus

1281 463 1330 507 sui
1355 468 1483 508 periculo
1497 464 1661 508 subjacebit
1686 488 1694 496 .
1732 463 1872 499 Mandat
1905 465 2135 508 deponendum
2162 492 2172 501 .

1287 515 1408 550 Noster
1419 517 1538 553 Canon
1551 515 1664 558 adjicit
1675 537 1686 553 ‚
1713 514 1801 558 quod
1813 524 1889 548 ante
1900 525 2035 550 omnem
2048 517 2172 560 Judieis

1288 565 1483 600 sententiam
1508 564 1674 610 obligetur
1692 566 1826 598 ceffare.
1851 565 1986 610 Quinto
2000 590 2010 605 ,
2039 567 2173 602 mandat

1285 625 1351 649 non
1365 616 1536 650 dumtaxat
1548 614 1718 649 admissum
1732 612 1936 648 Monachum
1949 641 1959 657 ‚
1999 617 2051 650 sed
2072 618 2171 650 etiam

1283 665 1514 700 admittentem
1527 690 1538 706 ,
1566 666 1627 709 qui
1638 663 1809 706 Presbyter
1821 676 1887 700 non
1901 665 1937 698 fit
1949 689 1960 705 ‚
1989 666 2174 708 Abbatem,

1284 716 1429 760 itemque
1441 714 1645 750 Abbi-tinam
1658 715 1820 757 deportari
1834 715 1867 747 in
1890 715 1978 749 aliud
2003 716 2170 751 Monasse-

1281 765 1384 807 rium,
1413 767 1446 800 &
1471 764 1564 800 subdi
1589 777 1746 809 perperuae
1774 765 1971 807 poenitentiae
1997 790 2004 797 .
2041 766 2168 801 Verum

1281 815 1359 850 istos
1374 818 1532 850 Cariones
1544 826 1712 859 nunquam
1728 813 1876 858 probavit
1890 815 2043 849 Romana
2057 816 2169 851 Eccle-

1280 866 1339 907 fia,
1371 868 1507 909 ideoque
1521 867 1607 900 hunc
1619 867 1653 899 in
1670 865 1815 899 Abbates
1827 865 1970 908 rigorem
1998 877 2057 900 nos
2076 866 2167 900 Lati-

1280 917 1313 950 ni
1352 929 1522 960 nunquam
1549 916 1764 961 agnovimus.
1792 915 1940 949 Laudata
1976 915 2166 950 Innocentii

1278 965 1335 1000 111.
1347 966 1502 1014 synodus
1524 968 1627 1010 ipsum
1639 965 1785 1001 admittit
1798 966 1832 999 in
1845 964 2033 1001 Abbatiffas
2043 991 2051 999 .

1489 1066 1767 1103 CAPUT
1881 1065 1952 1100 1V.

1275 1166 1448 1208 ostenditur
1469 1169 1553 1212 quiid
1570 1166 1725 1212 Religiosae
1753 1165 1919 1210 profeffiom'
1950 1167 2064 1201 nullum
2083 1168 2164 1210 poffit

1497 1224 1608 1261 apponi
1626 1222 1788 1261 temporale
1807 1218 1931 1260 patiam
1947 1241 1954 1249 .
2121 1239 2124 1243 ,

1353 1318 1387 1350 St
1408 1329 1456 1351 res
1480 1317 1756 1360 exploratissima.
1778 1316 1921 1351 Abunde
1947 1317 2034 1351 lucet
2059 1329 2099 1350 ex
2110 1317 2166 1351 ad-

1377 1367 1481 1400 dustis
1519 1367 1713 1401 testimoniis
1742 1390 1750 1399 .
1788 1367 1937 1402 Eandem
1989 1360 2179 1409 confirmat

1272 1417 1569 1450 francofordiensis
1581 1415 1735 1460 synodus
1747 1431 1757 1450 :
1787 1420 1930 1450 Audimus
1946 1417 2164 1458 quodquidam
2180 1440 2211 1474 C
2305 1438 2327 1477 6

1274 1466 1401 1498 abbates
1421 1491 1429 1504 ,
1455 1468 1621 1508 cupiditate
1636 1466 1737 1504 duffii,
1760 1471 1892 1507 praemia
1907 1474 1964 1506 pro
1989 1471 2162 1499 introeunti·
2213 1450 2262 1483 ψ’
2283 1450 2298 1477 ¹
2327 1464 2337 1474 ⁸

1270 1516 1321 1548 bus
1335 1516 1367 1548 i'n
1379 1516 1585 1555 Monafterium
1597 1522 1752 1558 requirant
1767 1540 1777 1555 ,
1805 1519 1874 1549 Ideo
1884 1517 1999 1556 placuit
2024 1515 2108 1548 nobIs
2122 1509 2164 1550 ’Θ

1270 1566 1385 1599 sanae
1397 1567 1525 1606 synodo,
1552 1564 1851 1608 utprosuscipiendis
1865 1572 1896 1598 in
1917 1563 2023 1608 fandis
2047 1567 2163 1599 Ordine

1272 1617 1429 1648 Fratribus
1443 1628 1632 1658 nequaquam
1640 1622 1767 1657 pecunia
1779 1622 1952 1658 requiratur
1963 1640 1973 1655 ,
1995 1613 2164 1658 sedsecun-

1268 1668 1339 1699 dum
1369 1667 1498 1709 regulam
1518 1666 1619 1709 sandli
1645 1666 1800 1699 Benediiii
1820 1665 2045 1709 suscipiantur.
2079 1664 2163 1700 Haec

1271 1727 1359 1750 vetat
1372 1717 1552 1759 quidquam
1564 1716 1674 1760 exigi,
1703 1716 1859 1759 permittit
1884 1713 2015 1749 admitti
2041 1714 2163 1757 sponte

1268 1766 1377 1800 oblata
1391 1791 1398 1798 .
1429 1767 1471 1799 Et
1484 1766 1603 1809 Magni
1618 1766 1730 1799 Caroli
1743 1766 1784 1799 ad
1798 1765 1988 1799 Monachos
2004 1766 2159 1806 Capitula

1271 1815 1410 1849 habent:
1438 1820 1476 1848 Ut
1501 1818 1599 1849 nullus
1624 1814 1720 1848 Abbas
1743 1825 1798 1857 pro
1814 1814 1998 1859 sus'ceptione
2019 1814 2160 1848 Monacbi

1265 1876 1424 1907 praemium
1436 1876 1552 1908 quaerat
1566 1891 1574 1898 .
1602 1867 1707 1900 saneti
1722 1864 1890 1900 Benedicti
1911 1865 2060 1909 regulam
2085 1865 2162 1898 insi-

1268 1918 1374 1959 gniter
1389 1917 1525 1957 exponit
1540 1917 1700 1950 inlitteris
1727 1915 1767 1949 ad
1791 1916 1967 1949 Hervaeum
1995 1914 2159 1949 inclusum

1268 1964 1446 1998 Hoffredus
1467 1966 1578 1999 Abbas
1592 1965 1848 2002 vindocin-usis
1858 1978 1873 2008 ;
1901 1966 1974 1999 Plus
1990 1971 2022 1997 in
2033 1965 2160 1999 bomini·
2207 1993 2214 2001 ,

1268 2014 1322 2047 bus
1334 2016 1484 2057 diligimus
1504 2015 1677 2047 honoratam
1685 2023 1918 2055 paupertatem,
1945 2016 2036 2056 qudm
2052 2012 2160 2056 super·
2175 1993 2248 2028 ιώ·
2270 2002 2312 2040 4³

1269 2065 1325 2097 bas
1342 2075 1439 2097 eorum
1451 2064 1582 2096 divitias
1596 2089 1603 2096 .
1632 2063 1756 2106 ,Quassi'
1772 2063 1935 2096 habuerint
1945 2088 1954 2103 ,
1983 2062 2160 2106 respuendae
2176 2043 2236 2088 ΕΡ·
2249 2052 2306 2091 49·

1269 2126 1325 2146 non
1344 2114 1431 2151 [unt.
1462 2113 1582 2147 Habent
1593 2119 1671 2145 enim
1697 2115 1730 2146 ἐν
1753 2116 1806 2147 illa
1823 2115 1914 2146 locum
1932 2111 2036 2156 suum.
2064 2113 2163 2147 Nihil
2174 2107 2184 2114 ⁵

1269 2172 1371 2195 tamen
1381 2170 1436 2203 pro
1439 2161 1596 2203 faciendis
1609 2161 1762 2195 Monacbis
1772 2170 1953 2204 quaerimus:
1974 2162 2068 2206 sedfi
2083 2164 2161 2206 quid
2178 2199 2181 2205 ,

1269 2213 1399 2245 oblatum
1404 2211 1523 2252 fuerit,
1549 2217 1621 2252 quia
1633 2212 1712 2244 illud
1719 2213 1830 2253 Regula
1848 2209 1958 2254 suscipi
1976 2212 2082 2255 jubet,
2107 2209 2160 2254 su-

1267 2261 1407 2304 scipimus
1428 2285 1434 2292 .
1455 2261 1534 2293 Ordo
1553 2260 1697 2303 siquidem
1717 2260 1806 2300 noster
1825 2267 1941 2304 exigit,
1967 2271 2002 2294 ut
2024 2263 2104 2295 tales
2119 2260 2179 2309 fi-

1270 2324 1336 2344 mus
1359 2336 1368 2351 ‚
1396 2317 1451 2353 qui
1474 2323 1531 2344 non
1551 2312 1641 2344 lucris
1667 2311 1904 2353 temporalibus,
1926 2310 1986 2353 sed
2003 2312 2156 2358 lucrandis

1271 2362 1429 2395 animabus
1439 2369 1558 2403 operam
1571 2362 1690 2394 demus.
1718 2360 1865 2396 Laudata
1880 2361 2009 2405 Regula
2034 2373 2100 2396 non
2111 2364 2160 2396 so-

1274 2411 1444 2445 luminodo
1465 2412 1648 2454 permittit,
1686 2411 1739 2445 sed
1760 2412 1902 2445 omnino
1922 2411 2015 2454 ¹jubet
2040 2412 2159 2455 suscipi

1271 2462 1402 2495 oblata.
1430 2461 1550 2495 Censet
1573 2461 1856 2495 Renuntiantium
1894 2473 1972 2504 opes
2000 2473 2069 2495 non
2093 2462 2159 2496 effe

1272 2511 1547 2546 contemnendas.
1576 2511 1631 2544 Ad
1654 2512 2009 2555 quartum—decimum
2033 2512 2156 2546 decimi

1273 2561 1360 2595 tertii
1385 2561 1485 2594 saeeuli
1511 2572 1632 2595 annum
1656 2562 1788 2602 Petrus,
1818 2562 1978 2596 Romanae
2004 2561 2175 2596 Ecclefiae'

1272 2611 1311 2645 ad
1325 2612 1467 2646 sanctum
1480 2610 1680 2654 Stephanum
1693 2611 1727 2644 in
1750 2621 1864 2645 monte
1887 2611 1999 2646 Coelio
2022 2612 2158 2655 Presby-
2174 2640 2176 2645 ,

1272 2672 1320 2695 ter
1362 2661 1571 2700 Cardinalis,
1598 2673 1635 2695 ac
1653 2661 1839 2696 Innocentii
1861 2661 1917 2695 111.
1939 2672 1996 2704 per
2009 2661 2155 2696 Galliam

1274 2713 1437 2756 Legatus,
1466 2711 1500 2743 in
1523 2710 1683 2745 celebrata
1708 2710 1794 2755 apud
1816 2720 1965 2745 montem
1988 2711 2154 2746 Peffulum

1274 2762 1410 2804 Synodo
1432 2762 1537 2794 emisit
1561 2760 1649 2794 hunc
1669 2762 1842 2795 Canonem
1859 2773 1867 2793 τ
1909 2763 2103 2810 Prae-cipimus
2122 2769 2156 2794 ut
2170 2754 2255 2822 'Cap-
2272 2785 2328 2826 17·

1272 2812 1369 2844 nullus
1393 2817 1425 2843 in
1437 2815 1619 2844 canonicum
1630 2821 1683 2843 aut
1696 2810 1874 2845 Monachum
1893 2812 2077 2843 admittatur
2088 2822 2154 2844 cum

1272 2863 1376 2904 aliqua
1388 2862 1553 2894 conditione
1564 2863 1616 2895 vel
1622 2862 1711 2902 padio
1721 2885 1732 2900 ,
1754 2871 1811 2902 per
1824 2862 1903 2903 quod
1907 2862 2027 2903 aliquid
2047 2861 2155 2895 debeat

1269 2921 1324 2954 pro
1336 2914 1401 2952 ejus
1416 2916 1575 2952 receptione
1586 2911 1662 2944 dari.
1676 2911 1774 2944 Hanc
1788 2909 1958 2954 Synodum
1973 2922 2074 2954 nuper
2087 2913 2155 2944 vul·

1273 2962 1363 3006 gavit
1390 2959 1569 3002 Stephanus
1593 2961 1766 2994 Baluzius.
1803 2962 1858 2994 Ad
1880 2960 2022 3003 ejusdem
2047 2960 2154 2995 saeculi

1271 3021 1395 3045 annum
1434 3012 1629 3053 trigesimum
1656 3012 1804 3044 octavum
1827 3012 1914 3044 Otto
1929 3010 2114 3045 Cardinalis
2141 3036 2153 3052 ,

1271 3061 1424 3105 Gregorii
1447 3059 1503 3094 IX.
1528 3060 1670 3104 Legatus
1693 3072 1747 3104 per
1767 3060 1926 3104 Angliam
1948 3084 1959 3100 ,
1997 3061 2153 3095 omnibus

1271 3112 1343 3145 istic
1356 3110 1539 3145 Abbatibus
1550 3111 1704 3153 imposuit
1716 3111 1965 3145 Lateranensem
1979 3110 2154 3146 canonem
2174 3131 2176 3134 ·

1272 3161 1392 3195 laudati
1406 3161 1592 3195 Innocentii
1607 3161 1673 3193 .1ta
1686 3159 1782 3194 habes
1791 3161 1875 3203 apud
1888 3158 2081 3194 Matthaeum
2095 3160 2153 3195 Pa-

1272 3212 1453 3245 rifiensem.
1480 3212 1548 3255 lpse
1561 3211 1639 3245 item
1656 3210 1871 3245 Innocentius
1895 3211 1980 3250 suis,
2007 3223 2086 3254 quas
2106 3213 2153 3244 su·

1271 3263 1325 3303 pra
1336 3261 1455 3294 adduxi
1473 3286 1483 3301 ,
1509 3261 1549 3294 ad
1573 3259 1772 3302 Stephanum
1795 3261 2063 3295 cantuariensem
2087 3262 2151 3294 Ar-

1270 3310 1514 3353 chiepiscopum
1529 3310 1644 3343 litteris
1656 3310 1781 3344 addidit
1794 3308 1877 3344 hanc
1890 3311 2085 3344 clausulam:
2113 3311 2152 3342 Il-

2177 1792 2263 1836 Cap.>
2276 1795 2330 1839 15.'

329 3359 526 3403 Episcopum
541 3370 595 3393 aut
618 3360 779 3394 Abbatem
803 3361 1034 3404 Presbyterum
1054 3362 1143 3404 cogit
1170 3362 1208 3395 ad
1253 3362 1325 3409 {lud
1346 3371 1446 3393 tamen
1465 3370 1622 3404 gratanter
1641 3365 1733 3402 accipi
1749 3368 1862 3402 poterit
1883 3385 1894 3400 ,
1919 3362 2002 3403 quiid
2011 3359 2112 3401 fuerit
2138 3382 2152 3399 ,

330 3410 516 3444 cenandum
540 3409 581 3444 ab
605 3411 737 3444 officio:
766 3411 854 3452 quod
874 3411 896 3442 si
920 3423 987 3444 non
1011 3410 1173 3445 obedierit
1199 3436 1210 3452 ,
1252 3409 1325 3471 'fine
1344 3415 1605 3454 taxationegratis
1627 3410 1777 3443 oblatum.
1805 3412 1964 3445 Notanda
1987 3411 2061 3442 sunt
2082 3419 2150 3441 ver-

329 3455 484 3504 iubetper
495 3460 698 3506 Superiorem
719 3459 811 3504 ejici.
840 3460 885 3495 Et
905 3459 969 3498 hoc
989 3461 1081 3506 juxta
1100 3461 1211 3496 secun·
1251 3462 1331 3497 ·ba:
1358 3463 1426 3496 sine
1466 3466 1643 3496 taxatione.
1667 3459 1723 3496 Ad
1760 3456 1895 3506 quinti'-
1906 3458 2024 3495 decimi
2045 3458 2149 3492 saeculi

320 2078 408 2105 rum,
434 2070 483 2107 qui
496 2066 633 2098 dicuntur
646 2063 783 2107 rel1giosi‘,
812 2069 874 2096 viri
893 2075 929 2096 ac
953 2065 1087 2097 mulieres
1101 2087 1110 2102 ,
1138 2063 1204 2096 obli·

2000 3508 2100 3543 finem
