2366 3736
36 513 111 547 Lib.
133 511 164 551 8.

147 587 154 598 ,
206 563 302 602 janus
314 562 350 592 de
386 557 564 596 Monasterio
600 557 670 595 illo,
698 562 730 586 in
755 565 810 597 quo
829 552 987 595 'conversus
1001 553 1037 592 est
1067 577 1077 592 ,

620 122 710 167 De
741 122 1004 166 Sinonia
1039 120 1604 166 MONAs'rEttiORUM.

206 213 252 247 ita
264 210 374 247 omnia
389 209 445 242 ista
460 208 614 243 retinuit.
645 207 756 240 Licere
767 205 822 237 fibi
833 203 1019 237 crediditex
1031 202 1086 236 du-

208 263 286 306 plici
297 260 420 303 eapite.
450 257 586 297 Primo,
611 255 699 300 quod
716 255 774 293 ista
797 254 975 287 servaffeta
1002 255 1086 296 rapi-

210 323 254 345 na
277 311 511 344 Barbarorutn.
541 306 670 342 Deinde
695 329 705 344 ‚
744 304 835 345 quod
861 304 930 346 ejus
967 303 1086 336 Parens

209 358 646 394 fundaffetMonasterium.
675 355 735 387 Ast
757 354 840 388 istud
853 352 1028 397 postmodo
1049 354 1081 386 li-

210 411 357 444 beratum
374 411 391 444 a
415 408 586 445 Barbaris‚
613 418 650 438 ac
672 404 854 438 restitutum
875 402 1049 436 intercessit
1079 428 1086 434 .

204 460 303 494 -Hinc
317 457 546 504 Gregoriusad
573 456 765 489 Romanum
786 453 901 488 Siciliae
921 453 1087 485 Defenso-

209 522 278 544 rem
292 509 444 552 rescripsit
458 509 543 541 inter
556 515 667 539 caetera
681 519 691 539 .·
719 507 779 538 Sed
792 506 824 537 δ’
836 503 886 536 boc
904 504 986 544 quod
1004 506 1080 535 Tra-

212 611 293 654 quod
303 613 336 642 in
353 611 516 641 Provincia
537 607 656 638 Valeria
667 611 698 637 in
704 605 860 647 poffeffione
867 606 950 644 juris
966 602 1014 645 sui
1034 611 1087 644 pa-

212 671 289 694 trem
301 661 364 699 ejus
378 656 568 698 manifestum
580 656 617 696 est
630 655 808 697 construxisse
821 679 831 694 ‚
854 654 982 694 pellente
1005 652 1088 690 hosti-

211 711 321 747 litate,
348 709 492 740 decedens
516 706 656 745 abstulit,
679 704 831 747 secumque
869 705 997 739 detulit,
1027 701 1089 742 fine

213 761 317 801 aliqua
328 759 479 791 dubietate
490 763 516 789 ei
530 757 712 789 reddendum
725 753 761 790 est
773 779 780 785 .
810 755 893 796 ,Quia
906 754 1030 785 alterius
1043 763 1091 784 ac-

213 808 376 853 quifitloniJ
382 810 441 849 jus
461 808 547 849 efficit
559 807 638 847 quod
645 804 734 847 semel
742 803 910 842 Monasierii
928 802 1026 844 fuerit
1036 804 1091 834 do-

213 866 306 895 minio
325 857 468 901 sociatum
490 884 498 889 .
524 856 603 889 Haec
630 856 674 888 est
701 855 767 897 ipsa
790 854 864 886 facti
890 854 1023 896 species,
1051 853 1091 885 de

215 921 281 950 qua
293 909 376 942 olim
388 908 608 949 disceptarunt
620 906 745 938 sanctus
759 903 963 947 Augustinus
976 914 1012 934 ae
1025 903 1091 935 san-

214 962 283 993 Eius
296 959 445 1002 Alipius:
477 954 592 996 nempe
607 966 646 989 an
671 953 834 988 Monachi
858 953 897 986 ad
920 952 1091 995 Episcopa-

217 1021 288 1044 turn
302 1017 357 1042 aut
379 1007 580 1041 Clericatum
602 1005 744 1048 promoti
768 1003 854 1037 bona
878 1003 1016 1037 debeant
1038 1011 1094 1035 aut

215 1058 336 1103 poffint
359 1068 435 1091 cum
448 1057 518 1103 ipso
530 1056 671 1099 migrare
684 1067 723 1088 ex
736 1054 941 1087 Monasterio
963 1054 1001 1085 ad
1029 1054 1094 1085 Ec-

216 1108 371 1142 clesiam?
398 1107 441 1140 Et
457 1117 596 1150 magnus
614 1105 800 1148 Gregorius
826 1104 916 1136 sensit
929 1115 1002 1136 cum
1028 1103 1096 1135 san-

215 1160 269 1192 eto
308 1157 439 1200 Alipio.
467 1156 524 1190 Ob
562 1156 667 1199 Leges
689 1155 881 1197 Justiniani.
910 1153 960 1186 Ex
981 1153 1095 1195 iisdem

218 1207 389 1252 principiis
426 1207 526 1239 nostri
555 1206 693 1240 Ordinis
720 1204 983 1238 Constitutiones
1010 1214 1097 1234 man-

219 1258 301 1292 dant
315 1281 326 1297 ,
351 1256 435 1291 utad
451 1256 680 1300 Episcopatum
695 1255 870 1296 assumptus
893 1255 988 1286 frater
1014 1252 1097 1285 nihil

220 1309 328 1341 secum
341 1307 485 1345 auferat,
514 1306 571 1339 nisi
585 1307 721 1338 unicum
746 1303 894 1337 habitum
908 1317 918 1336 :
946 1305 978 1336 ὅ(
1002 1315 1037 1336 ut
1058 1303 1099 1334 de

219 1358 291 1399 ejus
313 1358 386 1390 usui
421 1356 567 1389 concessa
606 1355 806 1398 supellectile
825 1354 1017 1396 disponatur
1044 1362 1099 1394 per

223 1408 420 1441 Conventus
442 1405 590 1437 Priorem
604 1429 615 1444 ,
641 1405 696 1437 uti·
711 1403 882 1436 consuevit
905 1401 1034 1445 disponi
1057 1400 1099 1434 de

223 1455 417 1498 supellectile
428 1454 577 1486 Fratrum
589 1453 818 1486 defunctorum
830 1477 837 1484 .
1046 1464 1048 1466 ·
1085 1480 1092 1486 ,

285 1504 416 1548 Insigne
453 1502 660 1545 Rescriptum
712 1502 893 1546 Gregorius
929 1500 1100 1535 transmisit

220 1555 325 1589 etiam
343 1555 383 1586 ad
409 1552 621 1586 Adeodatum
646 1553 873 1585 Monachum:
902 1555 986 1594 ,Quia
1006 1548 1101 1592 prius·

225 1615 316 1649 quam
332 1609 364 1637 in
384 1601 664 1642 nonasteriosanc‘it
679 1604 829 1642 Adriani,
856 1603 950 1635 ubter
976 1612 1103 1634 conver-e

218 1653 274 1702 sus
289 1676 300 1692 ,
323 1658 478 1692 intrares,
515 1662 671 1694 rerumque
694 1661 812 1685 tuarum
832 1654 892 1685 illic
916 1655 1103 1684 donationem

225 1709 398 1743 amitteres,
427 1704 525 1735 doinos
547 1705 581 1736 Θ
604 1702 700 1735 hortos
723 1709 805 1735 intra
827 1707 997 1735 Civitatem
1020 1726 1030 1742 ‚
1053 1700 1104 1744 seu

225 1764 327 1792 terras
336 1750 520 1797 sationales,
549 1754 606 1785 vel
614 1759 723 1786 vineas
744 1758 776 1785 in
796 1752 893 1794 fundo
910 1753 1071 1794 fulloniaco
1098 1774 1107 1788 ,

228 1803 285 1838 vel
292 1815 330 1836 ex
343 1803 489 1846 aliquibus
501 1809 658 1843 mancipiis
671 1808 732 1836 tuis
744 1827 754 1843 ,
780 1803 883 1845 quibus
895 1806 966 1837 ante
987 1803 1107 1844 ‹oaceffa

236 1856 297 1891 ἢκ
331 1854 453 1887 libertas
464 1853 522 1894 est,
548 1854 638 1887 verbo
660 1854 784 1897 largitus
808 1866 857 1895 es,
883 1853 950 1896 ipsa
997 1863 1108 1895 quoque

235 1905 357 1938 donatio
370 1928 380 1943 ‚
406 1905 472 1936 lice‘t
481 1903 563 1945 poffit
568 1906 640 1944 jure
649 1902 814 1947 subfillere‚
838 1906 991 1946 praecipuf?
1013 1911 1046 1934 in
1059 1903 1109 1934 boc

235 1956 319 1995 quod
329 1954 439 1986 abillis
460 1953 619 1994 tribuitur,
647 1960 697 1995 qui
719 1965 781 1986 cum
801 1960 918 1995 pompis
935 1952 1000 1995 suis
1020 1951 1110 1995 saecu-

239 2005 301 2036 lum
311 2004 527 2043 relinquentes,
552 2005 596 2034 ad
608 2006 664 2035 Dei
682 2003 713 2044 fe
723 2005 836 2046 eligunt
857 2003 989 2039 conferre
1006 2001 1108 2044 servi-

239 2059 317 2086 tium
328 2076 338 2091 ‚
366 2061 467 2084 tamen
479 2061 514 2083 ne
522 2053 597 2092 quid
602 2050 742 2092 futurum
753 2062 868 2094 tempus
891 2053 1046 2084 oblivionis
1061 2062 1111 2083 nu-

239 2103 301 2135 bilo
314 2102 379 2134 buic
389 2103 527 2144 derogare
538 2102 702 2143 quidquam
713 2102 815 2134 valeat
828 2103 967 2144 largitati
979 2125 988 2140 ‚
1016 2103 1109 2141 Scrip-

241 2161 320 2185 turae
331 2151 381 2184 boc
397 2150 544 2191 desideras
572 2152 703 2184 studere
739 2156 941 2183 monimentis.
970 2151 1062 2193 ,Quod
1079 2160 1112 2181 ut

239 2211 333 2244 queat
343 2200 483 2240 robustum
494 2199 632 2239 existere,
660 2201 773 2232 anobis
786 2199 944 2243 tibiposcts
966 2204 1040 2232 dare
1069 2201 1104 2231 li-

240 2258 387 2285 centiam.
418 2251 526 2282 idcirce
537 2249 625 2290 hujus
639 2252 785 2291 Praecepti
799 2251 886 2287 nolit}
904 2258 1018 2292 pagina
1043 2250 1110 2282 Iibe-

240 2313 310 2334 ram
325 2301 379 2332 tibi
391 2299 442 2332 boe
456 2299 597 2341 faciendi
620 2302 800 2333 concedimus
809 2301 992 2341 facultatem
1005 2325 1014 2338 ,
1041 2311 1100 2341 qua

241 2353 329 2385 tenus
342 2352 413 2382 dum
427 2355 527 2381 omnia
537 2352 557 2381 ἃ
568 2349 719 2392 tefuerint
731 2352 885 2393 diIIgenter
897 2350 1028 2392 expressit
1040 2374 1050 2388 ‚
1077 2351 1111 2383 Θ·

241 2400 437 2446 defignatione
476 2409 527 2432 tua
561 2405 699 2432 noverint
717 2398 876 2443 effesuum,
902 2402 980 2442 quod
1001 2399 1112 2432 cunc‘iis

242 2453 328 2485 modo
345 2460 492 2482 commune
507 2450 566 2490 est,
592 2453 626 2483 (⁷1
652 2449 707 2492 ipſs
718 2450 779 2491 fine
799 2458 979 2483 contentione
1001 2452 1112 2481 donata

239 2501 399 2544 poffldeant
411 2523 421 2539 ‚
448 2502 481 2533 (a
491 2500 634 2532 voluntas
647 2509 701 2532 tua
712 2525 721 2540 ,
749 2502 827 2542 quid
835 2503 879 2533 ad
890 2513 975 2541 quem
983 2508 1113 2541 pertine-

245 2562 278 2583 re
292 2551 418 2582 voluerit
429 2573 439 2588 ‚
465 2549 514 2590 effe
529 2561 585 2582 non
594 2551 671 2590 possit
683 2550 840 2593 ambigua.
867 2551 1112 2593 Quidquidenim

245 2597 415 2641 hujusmodi
435 2601 588 2640 Scriptura
610 2606 826 2632 interveniente
843 2601 948 2644 fecerit
961 2623 970 2637 ‚
991 2600 1112 2641 firmum

238 2649 422 2690 stabileque,
450 2649 484 2681 (5
498 2660 536 2681 ex
546 2648 680 2689 reiipfius
707 2656 858 2690 veritate,
886 2652 919 2683 (9
942 2650 996 2682 bac
1017 2649 1112 2688 nostra

246 2698 448 2735 authoritate.
473 2709 531 2730 non
542 2699 677 2731 dubites.
706 2702 827 2743 ,Quippe
848 2707 897 2741 qui
919 2712 975 2731 non
1002 2710 1110 2732 novum

245 2750 364 2790 aliquid
368 2747 472 2789 facere
485 2773 495 2788 ,
516 2751 592 2790 quod
609 2751 684 2792 Lege
697 2750 733 2788 est
745 2757 874 2782 vetitum
887 2775 896 2788 ,
920 2748 974 2791 sed
997 2751 1111 2781 dudum

239 2799 360 2843 fabium
370 2801 477 2831 videns
491 2805 655 2839 exprimere
668 2824 677 2837 ,
704 2802 737 2832 Q?
750 2797 908 2841 salubriter
920 2824 929 2838 ‚
956 2809 1101 2839 amputari

246 2852 278 2882 di
288 2848 374 2891 causa
386 2850 475 2891 litigii
487 2872 494 2886 ‚
514 2851 681 2882 litterarum
690 2856 834 2883 memoriae
858 2849 1015 2893 servanda
1035 2857 1111 2890 repo-

246 2911 332 2933 nere.
361 2898 560 2932 proferimus
579 2898 771 2933 Adeodacus
807 2901 895 2933 varia
933 2901 1109 2933 donaverat

245 2950 341 2982 variis
368 2961 374 2979 :
402 2950 513 2982 omnia
535 2950 605 2984 solo
643 2949 740 2982 verbo
768 2975 778 2990 ,
813 2951 894 2983 citra
932 2949 1112 2983 solemnem

245 2999 460 3041 Scripturam.
490 2999 580 3032 Hinc
605 3000 671 3042 post
686 3000 753 3041 ejus
775 3011 912 3033 mortem
935 3000 1020 3034 nasci
1044 2999 1114 3032 lites

247 3059 437 3092 potuerant:
464 3048 703 3083 Monasterium
715 3050 865 3092 potuisset
877 3051 988 3083 omnia
1010 3048 1115 3092 postu-

249 3099 314 3131 lare
327 3110 363 3131 ac
386 3099 552 3131 invadere.
580 3099 673 3132 Hinc
709 3100 928 3142 dispositionis
941 3101 1000 3132 suae
1023 3101 1055 3132 in
1070 3100 1115 3132 so-

249 3147 389 3181 lemnem
414 3149 609 3192 Scripturam
630 3149 813 3193 redigendae
845 3149 1033 3183 facultatem
1060 3161 1116 3191 po·

252 3197 355 3240 poscit
367 3198 576 3240 Adeodatus,
602 3200 636 3233 δε
660 3200 839 3243 Gregorius
859 3200 1014 3233 donavit.
1044 3199 1113 3232 No-

253 3244 350 3279 tanda
365 3247 436 3280 sunt
448 3250 542 3283 verba
555 3261 562 3281 ε
590 3251 748 3294 ,Quodlege
761 3249 797 3290 est
809 3256 936 3283 vetitum
950 3262 957 3282 z
983 3249 1117 3283 edicunt

254 3297 341 3331 duo.
369 3294 502 3337 Primo,
528 3299 618 3342 quod
632 3300 696 3333 hoc
723 3300 951 3343 Apostolicum
974 3299 1119 3342 Rescrip-

254 3355 327 3380 tum
349 3343 502 3379 fundetur
528 3349 562 3381 in
591 3350 728 3384 laudatis
767 3350 940 3393 Justiniani
959 3349 1084 3393 legibus
1111 3373 1117 3379 .

255 3394 428 3435 Secundo,
456 3396 542 3438 quod
554 3397 703 3433 Romana
727 3399 864 3433 Ecclesia
878 3411 956 3434 tunc
969 3400 1041 3433 isias
1053 3400 1120 3432 Le-

254 3457 312 3493 ges
324 3456 525 3481 veneraretur
548 3457 582 3479 ut
604 3448 811 3491 rigidiffimos
832 3451 1008 3489 Cauones,
1034 3449 1119 3484 ideo-

354 3493 460 3537 christ.
473 3499 549 3538 Lupi
562 3500 660 3539 Opera
671 3501 749 3531 Tam.
760 3501 817 3532 XI.

1147 215 1210 247 que
1232 203 1266 237 in
1289 202 1363 246 ipsis
1385 215 1451 236 non
1472 205 1686 247 dispensaret.

1198 253 1276 287 Huc
1289 253 1367 287 item
1396 254 1537 295 spectant
1548 255 1616 288 duo
1645 252 1786 287 Articuli
1806 249 1847 285 'in
1868 253 2020 296 Gregorii

1150 303 1322 346 Rescripto
1343 303 1383 337 ad
1400 302 1531 338 Petrum
1556 304 1801 337 Subdiaconum
1816 327 1826 342 ‚
1855 302 2021 344 Apostoli·

1149 356 1178 387 ci
1193 355 1225 386 in
1240 354 1352 388 Sicilia
1367 353 1557 395 patrimonii
1581 354 1772 387 Rectorem:
1800 357 1846 386 De
1867 351 1955 394 lapfis
1968 354 2021 384 Sa·
2042 357 2115 392 Lib,
2142 368 2169 394 1,

1147 404 1313 437 cerdotibus
1328 404 1379 436 vel
1392 406 1511 435 Levitis
1525 426 1534 441 ‚
1565 405 1616 435 vel
1635 405 1762 444 quolibet
1784 415 1821 436 ex
1846 404 1950 443 Clero,
1977 402 2022 434 ob·
2045 409 2103 452 Ep,
2136 417 2193 452 42,

1145 452 1268 496 servare
1289 464 1318 486 te
1337 454 1472 486 volumus
1491 477 1500 492 ,
1528 462 1560 483 ut
1582 458 1614 483 in
1636 454 1721 486 rebus
1733 466 1829 486 eorum
1852 455 1935 486 nulla
1957 463 2022 485 con-

1148 510 1344 537 taminatione
1374 500 1524 543 miscearis
1548 525 1559 540 ‚
1591 501 1648 545 fed
1666 510 1854 544 pauperrima
1874 503 2023 547 regularia

1154 553 1329 592 Monasteria
1359 558 1490 594 require,
1529 564 1597 592 quae
1614 551 1776 593 secundum
1796 555 1890 585 Deum
1916 558 2023 585 vivere

1146 603 1296 646 sciuntur,
1326 605 1360 636 (9⁶
1378 609 1411 634 in
1426 600 1543 643 jisdem
1565 604 1748 640 Monalleriis
1762 603 1804 634 ad
1816 606 2025 643 poenitentiam

1151 653 1248 696 lapsos
1263 655 1371 691 trade,
1399 662 1432 684 ut
1453 664 1501 684 res
1521 650 1709 693 lapsorumin
1730 654 1827 684 eodem
1849 652 1906 683 loco
1938 651 2026 693 profi·

1150 711 1231 736 ciant
1241 709 1273 735 in
1284 715 1339 745 quo
1350 713 1435 748 agere
1442 707 1653 744 poenitentiam
1665 703 1829 733 traduntur
1842 726 1851 741 ‚
1877 711 2026 743 quatenus

1152 751 1204 795 ipſs
1217 765 1253 785 ex
1266 753 1350 785 rebus
1364 749 1478 784 illorum
1487 750 1644 794 subsidium
1668 751 1814 790 habeant,
1838 756 1888 792 qui
1910 752 1946 783 de
1968 761 2028 782 cor·-

1152 810 1282 845 reptione
1293 815 1391 836 eorum
1398 801 1555 844 subsidium
1571 810 1700 846 gerunt.
1734 804 1764 834 51
1786 803 1858 834 verb
1880 802 2025 833 Parentes

1154 852 1265 886 babent
1279 877 1289 892 ‚
1316 864 1362 885 res
1372 863 1466 884 eorum
1480 852 1621 895 legitimis
1636 851 1814 884 Parentibus
1827 852 1935 882 dentur
1947 875 1956 888 ,
1984 856 2028 881 ita

1154 913 1255 935 tamen
1276 910 1415 935 uteorum
1433 902 1630 943 stipendium,
1656 907 1705 945 qui
1715 908 1748 934 in
1756 906 1966 943 paenitentiam
1980 901 2032 932 da-

1154 961 1179 986 ti
1183 953 1304 995 fuerint
1325 977 1335 990 ,
1357 951 1535 994 sufficienter
1554 953 1660 984 debeat
1669 957 1843 992 procurari.
1870 953 1901 983 51
1924 955 1972 992 qui
1983 961 2033 983 ve·

1154 1007 1186 1036 νό
1195 1015 1232 1037 ex
1240 1001 1362 1043 familia
1377 1001 1570 1042 Ecclesiastico
1581 1004 1754 1035 sacerdotes
1767 1026 1777 1040 ‚
1804 1001 1855 1034 vel
1876 1004 1998 1033 Levitae
2023 1021 2033 1036 ‚

1156 1056 1207 1087 vel
1226 1051 1363 1085 Monacbi
1376 1077 1385 1092 ,
1411 1054 1462 1085 vel
1483 1054 1616 1091 Clerici,
1650 1053 1702 1085 vel
1718 1051 1837 1094 quilibet
1872 1052 1925 1082 alii
1962 1048 2041 1091 lapsi*

1150 1104 1290 1146 fuerint,
1320 1104 1389 1135 dari
1406 1114 1450 1135 eos
1460 1106 1492 1135 in
1511 1108 1724 1143 poenitentiam
1737 1104 1870 1135 volumus
1882 1124 1892 1139 ‚
1915 1099 1973 1142 scd
1988 1111 2035 1132 res

1158 1164 1256 1187 eorum
1279 1151 1545 1194 Ecclefiasticojuri
1559 1151 1786 1195 nonsubflrabi.
1818 1153 1867 1183 Ad
1886 1149 1970 1192 usum
1988 1160 2032 1181 ta-

1160 1215 1225 1236 men
1257 1202 1343 1246 suum
1373 1204 1541 1244 accipient‚·
1569 1205 1650 1236 unde
1671 1203 1715 1234 ad
1727 1206 1937 1244 paenitentiam
1950 1198 2039 1242 subfi-

1156 1253 1236 1293 stant
1253 1277 1258 1282 .
1288 1257 1338 1284 Ne
1345 1251 1374 1293 fi
1381 1254 1528 1285 nudentur
1541 1276 1551 1291 ,
1577 1251 1646 1285 locr's
1659 1258 1691 1284 in
1703 1252 1808 1295 quibus
1822 1253 1891 1284 dati
1900 1250 2016 1293 fuerint
2029 1274 2040 1288 ,

1162 1301 1343 1342 onerosi'fint.
1374 1304 1405 1333 Si
1426 1307 1478 1342 qui
1504 1304 1648 1334 Parentes
1665 1310 1698 1333 in
1720 1302 1879 1344 poffeffione
1891 1300 2004 1331 habent
2030 1321 2041 1336 ,

1163 1352 1230 1394 ipfis
1247 1363 1292 1383 res
1305 1362 1402 1383 eorum
1439 1351 1597 1383 tradendae
1630 1349 1701 1393 sunt
1717 1375 1726 1390 ‚
1752 1361 1784 1383 ur
1809 1356 1841 1382 in
1864 1348 1931 1390 ipfis
1950 1352 2041 1392 Jura

1163 1400 1296 1441 Ecclest'ae
1308 1399 1530 1444 conserventur.
1561 1400 1602 1434 Et
1627 1401 1729 1439 infra:
1760 1404 1954 1432 Donationem
1979 1404 2044 1430 An-

1164 1454 1237 1485 cillae
1251 1455 1329 1489 Dei,
1357 1462 1424 1493 quae
1435 1449 1519 1492 lapsa
1540 1450 1576 1488 est
1592 1476 1599 1489 ,
1626 1453 1703 1484 &in
1725 1450 1903 1489 Monast'erio
1929 1450 2003 1480 data
2030 1474 2040 1487 ,

1164 1508 1241 1535 omni
1255 1500 1405 1545 postpofita
1431 1503 1575 1540 tarditate
1595 1502 1730 1541 restitue,
1760 1502 1907 1542 quatenus
1934 1497 1994 1541 ipse
2004 1501 2046 1530 lo-

1165 1565 1212 1586 cus
1221 1563 1318 1584 rerum
1329 1553 1392 1592 ejus
1408 1549 1557 1593 stipendia
1568 1550 1676 1584 habeat
1689 1576 1698 1590 ,
1726 1556 1778 1593 qui
1790 1552 1851 1589 ejas
1868 1549 2049 1591 sollicitudi-

1168 1609 1214 1635 nis
1228 1602 1340 1635 labores
1360 1610 1484 1643 portat.
1514 1603 1778 1643 sed&quidquid
1789 1601 1827 1632 ab
1839 1602 1907 1632 aliis
1919 1612 1957 1633 ex
1981 1602 2047 1640 ejus

1163 1652 1332 1696 substantia
1343 1660 1458 1685 tenetur
1470 1675 1481 1690 ‚
1507 1653 1637 1694 recollige
1651 1677 1660 1690 ,
1687 1652 1720 1684 Θ
1745 1651 1918 1690 Monasterio
1935 1649 2051 1690 praefa-

1170 1714 1199 1736 to
1224 1704 1329 1738 trade,
1357 1702 1537 1750 Gregorius
1557 1713 1655 1737 ettam
1669 1700 1734 1736 haec
1757 1701 1911 1746 rescripsit
1932 1712 1974 1734 ex
1998 1700 2051 1744 Ju-

1172 1754 1303 1787 stiniaui
1318 1754 1485 1797 Legibus,
1513 1766 1583 1797 quae
1607 1755 1623 1787 a
1647 1754 1797 1788 Gratiani
1826 1751 1968 1796 Augusti
1991 1751 2052 1785 Le-

1171 1815 1211 1849 ge
1230 1805 1386 1838 sancitam
1413 1805 1577 1848 degradati
1612 1806 1766 1848 Episcopi
1790 1812 1846 1838 aut
1868 1802 1984 1836 Clerici
2008 1800 2049 1834 ad

1172 1865 1302 1888 centum
1321 1855 1338 1887 ὲ
1362 1856 1417 1889 sua
1447 1856 1591 1889 Civitate
1626 1856 1779 1889 milliaria
1815 1853 2051 1898 relegationem

1175 1906 1387 1939 mutaruntin
1414 1916 1599 1948 perpetuam
1630 1906 1808 1940 clausuram
1831 1915 1868 1937 ac
1893 1903 2053 1946 poeniten·

1175 1957 1252 1988 tiam
1276 1956 1308 1988 in
1329 1955 1554 1989 Monasterio.
1587 1956 1628 1988 Et
1654 1956 1794 1989 rescribit
1813 1967 1849 1988 ac
1874 1954 1971 1987 docet
2002 1964 2052 1985 va·

1176 2006 1244 2035 ria.
1274 2005 1412 2046 Primo,
1440 2004 1527 2046 quod
1566 2007 1698 2047 quidam
1724 2006 1881 2039 Romanae
1902 2003 2051 2036 Ecclesia:

1178 2054 1370 2086 Defensores
1389 2054 1539 2087 similium
1573 2055 1809 2098 Episcoporum
1839 2055 1872 2088 ὅ(
1909 2053 2053 2087 clerico-

1177 2114 1245 2136 rum
1261 2104 1347 2136 bona
1366 2105 1558 2138 invaderent
1573 2129 1584 2143 ‚
1611 2116 1764 2147 tanquam
1790 2104 1989 2148 Apostolicae
2001 2106 2053 2138 Se-

1176 2153 1208 2184 di
1234 2153 1342 2186 debita
1380 2154 1482 2195 spolia
1513 2179 1520 2185 .
1558 2155 1711 2195 Secundo
1738 2179 1748 2194 ,
1784 2153 1873 2196 quod
1913 2165 2053 2197 magnus

1177 2203 1357 2245 Gregorius
1379 2226 1389 2242 ,
1429 2203 1521 2236 istam
1544 2205 1669 2247 praxim
1693 2204 1883 2246 improbarit
1919 2214 1956 2237 ac
1987 2215 2059 2246 pro-

1180 2253 1355 2294 scripserit.
1381 2252 1528 2293 Tertio,
1556 2255 1645 2297 quod
1670 2254 1849 2287 istiusmodi
1878 2253 2058 2295 Episcopos

1159 2289 1209 2335 l&
1224 2303 1371 2334 Clericos
1382 2302 1501 2344 jusserit
1529 2304 1764 2346 pauperibus&
1779 2303 1950 2348 Regularis
1963 2304 2057 2337 disci-

1178 2353 1272 2395 plinae
1295 2352 1462 2386 tenacibus
1485 2353 1698 2387 Monasteriis
1724 2354 1806 2387 tradi
1827 2355 1859 2386 in
1900 2353 2058 2395 poeniten-

1177 2404 1276 2435 tiam.
1305 2402 1456 2448 Qarto,
1482 2403 1572 2447 quod
1596 2405 1710 2438 omnia
1733 2404 1866 2437 istorum
1889 2403 1976 2436 bona
2004 2415 2056 2437 vo-

1178 2453 1273 2486 luerit
1295 2453 1428 2494 spectare
1450 2454 1490 2487 ad
1515 2454 1617 2487 hocce
1640 2454 1879 2487 Monasterium
1897 2478 1904 2485 .
1948 2453 2056 2500 Qin·

1178 2503 1237 2542 to,
1276 2502 1363 2545 quod
1385 2512 1493 2536 tamen
1518 2504 1656 2537 voluerit
1681 2504 1817 2546 praeferri
1868 2514 2016 2545 parentes
2043 2516 2054 2537 .-

1178 2551 1291 2595 utique
1315 2555 1387 2585 suos
1414 2552 1572 2587 haeredes.
1600 2554 1722 2593 Sexto,
1751 2551 1839 2594 quod
1862 2552 1926 2586 hoc
1954 2554 2054 2586 etiam

1176 2603 1249 2636 casu
1272 2603 1405 2635 istorum
1420 2602 1655 2647 Episcoporum
1668 2604 1702 2637 ὃς
1722 2602 1927 2636 Clericorum
1952 2603 2054 2643 bona,

1177 2653 1312 2686 durante
1334 2652 1476 2694 ipsorum
1499 2653 1582 2691 vita,
1609 2654 1759 2687 cederent
1786 2654 1825 2686 ad
1849 2655 1942 2686 usum
1975 2654 2054 2687 disti

1180 2702 1388 2735 Monasterii.
1418 2702 1564 2744 Septimo
1586 2725 1596 2740 ,
1621 2702 1709 2744 quod
1734 2702 1799 2737 hoc
1820 2703 1969 2737 obtinere
2001 2705 2054 2736 de·
2095 2746 2098 2748 Ι

1178 2753 1281 2785 buerit
1305 2753 1402 2785 etiam
1424 2752 1457 2785 in
1474 2754 1644 2796 Episcopis
1672 2755 1705 2786 ἀ
1731 2754 1867 2787 Clericis
1893 2754 2053 2796 promotis

1176 2814 1215 2834 ex
1239 2801 1449 2835 Ecclesiarutn
1478 2804 1602 2837 familia
1631 2828 1637 2834 .
1675 2802 1802 2836 Οέὶεινὸ
1830 2828 1840 2843 ,
1876 2803 1964 2845 quod
1989 2802 2053 2836 hoc

1179 2853 1286 2884 locum
1317 2851 1464 2886 habuerit
1492 2854 1526 2886 in
1554 2855 1713 2896 promotis
1738 2865 1779 2886 ex
1805 2852 1899 2886 simili
1927 2852 2052 2888 familia

1177 2900 1370 2935 Monachis.

1226 2951 1273 2985 At
1296 2953 1372 2985 vero
1385 2952 1473 2986 aliud
1487 2952 1596 2986 statuit
1617 2952 1657 2986 de
1681 2953 1767 2996 lapsa
1793 2953 1926 2987 Ancilla
1949 2953 2013 2987 Dei
2041 2976 2049 2985 .

1177 3002 1301 3035 Omnia
1326 3002 1418 3045 ipsius
1442 3002 1527 3036 bona
1551 3002 1685 3037 mandat
1707 3003 1789 3037 tradi
1806 3004 2013 3038 Monasterio
2039 3028 2050 3044 ‚

1181 3063 1246 3085 non
1260 3052 1431 3086 dumtaxat
1443 3053 1482 3086 ad
1496 3053 1670 3086 vitalitium
1684 3055 1776 3087 usum
1787 3078 1797 3094 ,
1827 3054 1924 3088 sedin
1938 3064 2050 3097 perpe-

1181 3112 1270 3136 tuam
1283 3104 1529 3145 proprietatem.
1559 3103 1651 3136 Hinc
1663 3103 1814 3145 quaestio:
1829 3104 1918 3147 quod
1930 3105 1965 3137 sit
1978 3106 2010 3137 fu
2017 3116 2050 3136 n-

1179 3150 1366 3186 damentum
1391 3152 1485 3194 hujus
1507 3152 1703 3187 discriminis
1723 3155 1735 3187 ?
1773 3153 1970 3198 Respondeo
1993 3152 2047 3197 agi

1180 3202 1219 3236 de
1238 3202 1333 3236 Sacra
1356 3212 1445 3235 extra
1468 3201 1667 3237 Coenobium
1689 3204 1852 3249 Virgine,
1888 3215 1956 3247 quae
1988 3204 2049 3236 fuit

1183 3253 1386 3286 Monasterio
1407 3252 1522 3285 tradita
1536 3263 1604 3287 non
1628 3254 1799 3288 dumtaxat
1822 3254 1863 3288 ad
1885 3254 2049 3297 poeniten-

1181 3302 1260 3335 tiam
1273 3303 1322 3336 sed
1336 3302 1511 3344 insuperad
1529 3303 1743 3345 profitendam
1768 3303 1985 3338 Monasticam
1997 3302 2050 3334 vi-

1182 3363 1247 3386 tam
1257 3376 1265 3385 .
1294 3351 1436 3385 Videtur
1445 3352 1533 3394 quod
1544 3363 1583 3386 ex
1595 3355 1723 3397 propria
1738 3354 1804 3396 ejus
1816 3353 1990 3386 electione.
2006 3351 2050 3384 Et

1184 3413 1258 3437 ante
1270 3401 1495 3445 proseffionem
1508 3402 1571 3444 ipsa
1584 3404 1715 3438 dederat
1729 3403 1871 3447 quaedam
1885 3400 2051 3434 Monaste-

1188 3453 1239 3488 tio
1256 3476 1263 3486 .
1276 3452 1369 3486 Hinc
1383 3451 1539 3487 Pontifex
1550 3454 1683 3488 mandat
1693 3476 1703 3491 ‚
1716 3465 1751 3487 ut
1764 3455 1796 3487 ἀ
1809 3452 1885 3493 haec,
1897 3451 1930 3485 ὅ(
1941 3450 2063 3496 quaeris

1666 3503 1693 3535 F
1744 3512 1763 3549 3
1963 3501 2028 3536 alia
