2366 3736
396 122 495 168 324

515 241 547 275 c
596 237 630 274 A
681 234 709 269 Ρ
761 235 802 272 U
854 236 892 270 T
969 223 1091 273 x111.

428 345 635 376 Rsvtncuntur
645 338 771 380 quidam
783 337 1027 379 Demonstratoris
1037 349 1146 375 errores
1159 364 1166 372 .

398 442 432 476 N
436 450 482 474 ter
494 438 576 473 alios
588 463 599 480 ‚
625 439 680 483 qui
697 439 861 475 Fratribus
874 439 1141 475 Mendicantibus
1162 450 1230 475 ten·

421 497 530 524 tarunt
541 488 738 533 praedicandi
763 501 885 524 munus
908 490 1081 525 efestucare
1100 513 1110 530 ,
1139 490 1232 534 posui

344 539 564 574 Guilielmum
574 538 615 574 de
627 541 658 574 S.
668 540 812 582 Amore,
823 540 1012 575 Sorbonicae
1023 540 1150 577 Scholae
1161 541 1231 575 Do·

343 591 467 624 ctorem
476 588 711 635 Theologum,
721 590 755 624 &
770 591 982 625 Canonicum
998 589 1145 625 Ecclefiae
1158 591 1230 625 Bel-

342 639 517 675 luacenfis.
545 641 796 676 Demonstrator
807 642 906 675 etiam
919 639 974 674 hic
997 651 1083 674 amat
1095 640 1227 681 rodere,

340 690 374 724 ὅ(
387 690 500 725 scribit
513 703 520 723 :
550 694 606 725 Lis
619 702 685 725 cum
697 692 850 725 Guilielmo
861 693 881 723 ἃ
891 693 920 723 5.
934 695 1036 724 Amore
1050 692 1178 732 nonfuit
1190 693 1227 724 de

335 739 470 783 subjec‘Za
490 740 538 775 hir
557 747 706 782 materia,
731 740 783 784 seu
798 740 887 774 Verbi
909 744 967 774 Dei
975 742 1194 782 praedicatione
1217 766 1223 773 .

338 789 491 826 Adducit
519 792 665 835 quaedem
679 791 813 826 Nicolai
827 790 972 825 Trivetti
985 790 1079 824 verba
1092 815 1102 831 ‚
1128 802 1224 835 atque

336 842 543 884 prosequitur
564 854 571 873 :
599 841 781 874 Guilielmus
805 840 851 874 hic
872 852 930 874 non
952 850 1016 873 tam
1029 841 1157 884 negabat
1175 853 1221 874 eos

330 892 410 933 possi·
418 894 586 933 praedicare
597 915 608 930 ,
632 903 723 934 quam
745 892 781 923 de
792 890 976 934 eleemosinis
998 897 1135 925 viventes
1143 892 1221 934 posse

329 939 356 983 s
350 941 452 975 alvari
466 966 472 973 .
504 941 624 975 Volebat
638 942 690 975 vel
698 940 794 984 ipsum
800 943 1027 983 praedicationis
1039 940 1220 984 obsequium,

332 992 491 1025 dummodo
513 990 756 1034 de¹eleemos5nis
778 996 940 1033 viverent,
968 1003 1026 1024 non
1047 993 1100 1034 effe
1108 989 1220 1034 salva-

333 1046 424 1074 tionis
436 1043 616 1075 remedium.
648 1045 694 1074 Et
705 1041 760 1074 hac
777 1043 814 1075 de
827 1041 915 1085 causa
927 1041 1069 1084 depofitus
1083 1041 1122 1080 est
1133 1067 1141 1075 .

381 1091 578 1135 Respondeo
602 1091 669 1125 haec
695 1091 752 1126 fibi
770 1091 842 1134 ipfis
854 1103 921 1126 non
933 1092 1096 1126 constare.
1123 1090 1215 1140 Qid

329 1143 418 1174 enim
442 1142 508 1182 est,
537 1146 609 1175 Non
634 1149 698 1174 tam
712 1142 867 1185 negabat?
898 1142 1046 1188 Qinon
1060 1151 1127 1176 tam
1152 1144 1216 1176 hoc

329 1202 426 1235 negat
438 1202 536 1232 quam
551 1189 634 1224 istud
646 1216 656 1232 ,
670 1190 812 1225 omnino
826 1202 925 1235 negat
943 1201 1119 1235 utrumque
1130 1215 1137 1223 .
1165 1192 1217 1226 ln-

326 1242 420 1274 terim
439 1239 532 1274 istam
557 1239 732 1275 Guilielmi
761 1244 1013 1286 purgationem,
1039 1251 1072 1275 at
1086 1242 1152 1275 fine
1166 1254 1215 1277 ve-

326 1291 431 1325 ritatis
443 1290 631 1334 praejudicio
642 1316 652 1332 ,
681 1291 895 1326 admittamus
906 1316 917 1333 ,
930 1303 998 1326 non
1010 1292 1213 1337 refragabor.

326 1342 480 1375 Admitto
494 1365 505 1380 ,
532 1340 621 1384 quod
649 1341 852 1376 Guilielmus
873 1340 1037 1377 admiserit
1050 1342 1214 1377 Fratribus

325 1390 603 1425 Mendicantibus
612 1400 795 1435 competere
807 1391 1046 1435 predicationis
1056 1392 1213 1427 officium.

324 1441 426 1474 Porro
446 1443 573 1476 Fratres
585 1440 817 1476 Praedicatores
840 1452 921 1477 tunc
946 1453 1016 1476 non
1039 1443 1212 1477 dumtaxat

323 1493 357 1524 in
378 1491 440 1525 suis
454 1490 603 1526 Ecclefiis
614 1502 670 1526 aut
684 1492 826 1536 publicis
839 1492 953 1536 plateis
963 1517 974 1533 ‚
1001 1493 1055 1530 sed
1066 1493 1166 1527 etiam
1177 1493 1211 1526 in

324 1541 570 1576 Parochialibus
581 1552 677 1586 atque
689 1541 942 1576 Cathedralibus
956 1542 1103 1582 Basilicis
1115 1552 1209 1585 pote-

321 1600 395 1624 rant
417 1591 584 1634 praedicare
597 1591 776 1631 omnidie,
805 1592 839 1625 &
864 1592 960 1626 omni
975 1591 1076 1626 hora.
1102 1592 1212 1626 Etiam

322 1641 436 1675 invitis
459 1639 615 1675 parochis
628 1650 726 1685 atque
739 1640 909 1685 Episcopis
920 1666 928 1674 .
956 1641 1000 1676 Et
1013 1641 1076 1676 hoc
1089 1644 1212 1676 Demon-

317 1690 432 1730 strator
444 1692 616 1732 profitetur
626 1690 645 1723 ὲ
656 1700 750 1724 tanto
763 1690 932 1725 Ordinum
943 1691 1211 1726 Mendicantium

322 1739 415 1774 hoste
437 1751 504 1773 non
528 1739 623 1773 fuiffe
640 1738 862 1783 improbatum
885 1749 941 1774 aut
964 1741 1214 1785 impugnatum

322 1787 469 1824 Proinde
493 1790 645 1824 Fratrum
669 1787 920 1824 praedicatorum
942 1790 1011 1833 jura
1032 1791 1213 1824 debuerunt

323 1842 386 1874 esic
408 1841 507 1874 ferrea
527 1849 584 1874 aut
607 1838 837 1881 adamantina,
865 1839 1215 1882 quaeisteGuilielmus

324 1891 388 1924 suis
408 1890 577 1924 venenatis
604 1888 762 1923 dentibus
786 1901 854 1924 non
869 1890 1214 1934 praesumpfitattinge-

326 1952 378 1975 re.
406 1940 579 1974 Hodierna
599 1941 749 1974 Fratrum
762 1939 1031 1975 Mendicantium
1054 1940 1121 1984 jura
1139 1941 1214 1975 sunt

325 1990 446 2026 residua
460 1990 593 2025 istorum
607 1991 715 2034 portio
732 2002 739 2022 :
754 1990 845 2035 Ergo
858 1990 971 2034 &ipsa
985 1992 1060 2024 sunt
1072 1989 1214 2032 ejusdem

326 2041 467 2077 materia:
479 2065 491 2081 ‚
517 2040 668 2085 adeoque
689 2052 750 2076 nec
762 2040 962 2075 Guilielmus
972 2040 1104 2076 auderet
1118 2038 1216 2074 rode-

327 2102 381 2125 re.
411 2090 519 2131 Ecce,
544 2089 625 2125 dum
651 2102 702 2125 me
724 2091 811 2125 rodit
824 2091 1065 2131 Demonstrator,
1091 2089 1216 2125 semeti-

328 2143 421 2185 psum
442 2141 578 2176 evertit.
607 2141 655 2176 At
669 2140 737 2175 haec
757 2141 828 2175 dixi
841 2141 906 2174 fine
921 2141 1065 2175 veritatis
1076 2139 1216 2184 praejudi·

327 2193 386 2225 cio
399 2217 406 2224 .
434 2191 568 2226 Etenim
590 2192 680 2235 quod
701 2191 759 2226 iste
771 2191 974 2226 Guilielmus
994 2191 1094 2224 etiam
1109 2189 1215 2233 praedi-

331 2240 429 2275 candi
450 2253 569 2275 munus
587 2242 683 2276 nobis
707 2241 880 2280 inviderit,
905 2241 951 2276 est
975 2239 1075 2286 longe
1085 2240 1213 2275 certiffi·

333 2302 425 2325 mum
438 2316 446 2324 .
474 2290 611 2324 Exstant
623 2291 690 2334 ejus
702 2303 797 2335 opera
811 2315 819 2323 .

384 2342 474 2375 Inter
483 2341 638 2375 articulos
650 2365 660 2381 ,
686 2340 726 2375 de
737 2340 855 2385 quibus
872 2343 955 2375 sacer
967 2341 1215 2376 Praedieatorum

334 2390 430 2427 Ordo
442 2390 526 2434 apud
539 2389 654 2424 Sedem
668 2391 894 2435 Apostolicam
906 2393 1069 2425 accusavit
1082 2391 1219 2425 Guiliel-

336 2453 427 2475 mum
442 2440 483 2475 de
507 2442 536 2475 S.
550 2441 697 2482 Amore,
722 2442 855 2475 fuerunt
866 2439 922 2474 hi:
952 2442 1194 2484 ‚Quipraedicant
1206 2465 1216 2481 ,

337 2493 372 2526 ὁ*
395 2503 453 2524 non
473 2489 545 2534 sunt
570 2488 732 2533 Episcopi,
759 2489 891 2533 quisunt
903 2491 1070 2533 Successore-s
1084 2490 1218 2532 Apostolo-

338 2553 427 2584 rum‘,
455 2543 506 2574 vel
527 2542 700 2574 Sacerdotes
713 2542 746 2575 (ff
758 2545 866 2574 Curari
877 2565 887 2581 ,
914 2540 1044 2584 quisunt
1054 2539 1219 2583 Succeffivres

340 2592 465 2625 aliorum
487 2589 723 2633 Discipulorum3
750 2591 804 2624 vel
821 2590 878 2633 nisi
896 2600 1036 2625 vocentur
1057 2593 1078 2623 ῐι
1098 2590 1219 2628 Presby-

340 2647 417 2676 teris
441 2644 586 2680 Curatis,
608 2639 680 2683 sunt
694 2639 971 2683 Pseudo-Apostoli,
998 2653 1056 2675 non
1070 2640 1220 2682 facientes

342 2695 518 2725 mentionem
540 2691 578 2724 de
600 2691 782 2730 commifflone
793 2690 1004 2734 Eptfioporum
1017 2715 1028 2730 ,
1053 2692 1104 2725 vel
1116 2694 1221 2732 Papae,

343 2743 397 2776 vel
418 2745 596 2785 Legatorum
617 2742 699 2782 ejus.
736 2742 860 2784 Signum
872 2740 1020 2784 falsorum
1033 2740 1223 2783 Apostolorum

343 2792 383 2834 est
393 2816 404 2832 ‚
433 2792 513 2834 quod
523 2791 642 2824 vadum
650 2791 817 2832 praedicare
829 2814 840 2830 ,
870 2792 921 2824 ubi
932 2791 1138 2832 Christusfuit
1146 2799 1223 2833 prae-

345 2844 465 2877 dicatus
486 2841 536 2875 vel
543 2841 728 2883 pradicatur
739 2839 777 2873 ab
788 2841 876 2873 aliis:
903 2844 988 2885 ,Quia
1012 2841 1156 2882 Apostolus
1179 2841 1222 2873 da·-

345 2897 398 2927 xit
410 2890 505 2934 dese,
530 2892 612 2934 quod
635 2889 694 2934 ipse
712 2891 899 2933 praede'cava't
912 2913 922 2930 ‚
949 2891 999 2924 ubi
1014 2890 1148 2934 Christus
1167 2902 1225 2923 non

341 2943 412 2986 fuit
437 2942 624 2984 praedtcatm
651 2943 804 2984 .·51'gnum
817 2938 968 2983 falsorum
991 2943 1225 2974 Praedicatorum

348 2993 387 3033 est
398 3017 408 3032 ,
420 2993 498 3033 quod
505 2992 542 3025 de
554 2993 674 3034 injuriis
682 2989 836 3032 fibtfaHis
847 2998 1001 3024 recurrunt
1011 2993 1057 3024 ad
1067 2991 1227 3023 Dominum

351 3045 489 3084 Papam,
516 3043 550 3075 <9
572 3046 737 3082 impetrant
758 3042 874 3074 litteras
899 3065 907 3073 .
933 3042 1056 3084 signum
1073 3039 1228 3083 falsorum

352 3092 587 3127 Praedicatorum
608 3091 644 3130 est
657 3115 668 3131 ‚
693 3096 764 3134 quia
774 3092 880 3124 volunt
890 3095 977 3133 recipi
987 3095 1019 3122 tn
1030 3092 1134 3132 aliqua
1148 3092 1229 3124 clvi-

352 3151 417 3177 tate
431 3165 442 3181 ,
467 3140 520 3174 vel
532 3140 620 3180 castro
632 3165 643 3181 ‚
669 3143 721 3175 vel
726 3140 864 3183 societate
876 3165 887 3182 ,
914 3140 1183 3176 contradicentibus
1196 3143 1230 3174 il-

353 3195 392 3227 lis
403 3193 441 3225 de
452 3196 657 3224 communitate
669 3190 864 3233 velsocietate
876 3214 884 3223 .
912 3191 960 3225 Hi
980 3201 1093 3224 omnes
1105 3189 1230 3224 articuli

353 3252 468 3278 nonne
489 3240 657 3273 manifeste
677 3242 814 3275 arietant
838 3240 1030 3284 praedicandi
1045 3240 1193 3274 officium
1218 3241 1231 3273 ?

354 3292 509 3327 Arietant
538 3291 707 3334 praesertim
733 3291 963 3334 Apostolicum
987 3290 1194 3335 privilegium
1221 3314 1233 3330 ,

355 3355 423 3385 quo
434 3342 560 3376 Fratres
569 3339 801 3375 Praedicatores
812 3349 960 3384 poterant
972 3365 983 3381 ,
1009 3341 1108 3375 etiam
1123 3340 1234 3374 invitis

357 3390 549 3435 Episcopis‚
574 3388 695 3432 ubique
717 3390 866 3425 locorum
885 3392 1116 3435 &temporum
1127 3390 1235 3434 praedi-

354 3449 445 3479 care.
471 3439 565 3475 Hinc
584 3439 784 3477 Guilielmus
809 3440 939 3477 cuidam
961 3442 1020 3477 suo
1034 3441 1120 3480 libro
1145 3439 1238 3480 dedit

827 103 1212 148 ⁴Exutiurto
1262 100 1345 150 SS,
1393 104 1719 153 CANoNuut

1300 188 1487 225 sceleratum
1498 188 1588 226 hune
1597 191 1730 227 titulum
1743 205 1754 227 e
1765 191 1951 230 collefflone:
1963 193 2123 230 Catholtcae
2138 199 2174 232 <d

1298 243 1456 274 Canonicae
1466 243 1486 274 5
1485 246 1627 283 criptura.-
1634 244 1681 276 ad
1686 242 1880 288 def‘enfionent
1893 245 2094 286 Eccleliasticae
2106 248 2173 279 Εε-

1298 290 1423 325 rarcbtae
1434 313 1444 330 ‚
1469 292 1514 324 ad
1522 291 1734 332 instrufflonem
1745 295 1779 329 Θ
1796 302 2048 336 preparationem
2051 296 2172 338 fimpli-
2191 330 2194 333 .

1295 345 1372 373 ctum
1389 340 1523 383 fidelium
1535 341 1646 384 Christi
1658 352 1759 378 contra
1772 346 1904 387 pericula
1916 351 2103 380 inminentia
2114 350 2144 379 E
2150 357 2176 380 c·

1294 389 1379 431 clefiae
1399 393 1536 434 generali
1554 400 1610 434 per
1621 392 1787 436 hypocritas
1804 393 1926 438 Pseudo·
1931 397 2148 435 Praedicatores
2160 421 2171 437 ,

1295 441 1526 482 &penetrantes
1539 444 1651 484 domos,
1663 445 1697 478 (¹5
1709 443 1830 487 otiosos,
1848 447 1882 482 &⁵
1893 444 2076 487 Curiosbrss·
2089 450 2176 487 Gyra-

1292 501 1404 534 vagos.
1430 486 1640 535 impudenter
1664 493 1799 529 blaterat
1816 506 1932 530 contra
1957 496 2082 530 sacrum
2095 495 2174 531 1²1ae-

1290 540 1477 575 dicatorum
1489 542 1675 577 Ordinem.
1687 542 1827 580 Blaterat
1842 556 1897 589 per
1907 545 2093 590 delegatum
2106 545 2176 588 ipsis

1289 591 1531 632 praedicationis
1548 593 1697 658 officium
1721 594 1791 629 laedi
1814 594 2068 631 Ecclefiasticam
2093 594 2179 630 Hie-

1287 640 1469 676 rarchiam.

1336 689 1448 735 Pergit
1469 692 1715 735 Demonstrator,
1742 694 1777 729 &
1802 695 1898 739 ponit
1908 694 1997 730 hunc
2010 695 2173 732 titulum:

1286 740 1458 780 ostenditur
1473 742 1709 785 frequentandae
1738 742 1891 779 Parocbtae
1902 746 2105 790 obligationem
2126 747 2172 780 ad

1283 793 1467 824 audiendum
1489 794 1611 827 verbum
1632 799 1691 828 Det
1703 794 1793 837 fuisse
1808 797 1880 836 jam
1904 805 1968 829 tum
1995 798 2015 829 ἃ
2041 803 2172 838 tempore

1284 840 1395 883 apostol
1398 853 1503 882 orum
1527 845 1681 886 quidquid
1682 844 1712 886 s
1709 854 1721 877 t
1733 849 1854 878 interim
1873 846 1910 879 de
1923 850 2061 888 antiquis
2076 850 2178 890 Regu·
2207 879 2211 885 ,

1281 892 1392 924 larium
1410 889 1515 925 litibus
1525 900 1603 927 clrcae
1613 906 1709 928 eorum
1720 899 1752 928 in
1765 893 1901 937 Ecclefiis
1920 894 1988 938 suis
2001 900 2173 933 concionata?

1281 941 1313 972 dl
1335 942 1455 975 tantum
1466 942 1656 978 libertatem.
1683 945 1727 978 Et
1739 945 1780 979 ad
1796 946 1933 988 primam
1945 945 2031 979 tituli
2043 954 2168 988 partem

1282 992 1476 1027 firmandam
1500 995 1731 1039 conglomerat
1751 995 1855 1029 multa
1879 995 2021 1030 Decreta
2045 995 2173 1035 Roma-

1282 1052 1398 1075 norum
1423 1041 1650 1085 Pontificum,
1675 1045 1887 1079 Gener-alium
1913 1056 1952 1080 ac
1974 1044 2172 1083 Provincia-,v

1280 1091 1363 1125 lium
1388 1092 1601 1136 Synodorum
1626 1118 1638 1139 2
1661 1095 1697 1129 &
1724 1095 1867 1139 plurium
1896 1095 2135 1139 Episcoporutn
2159 1118 2169 1128 .

1280 1141 1417 1176 Nostras
1441 1153 1550 1177 autem
1573 1143 1614 1179 de
1626 1144 1720 1179 variis
1733 1156 1787 1189 per
1798 1145 1933 1180 Clerum
1945 1146 2114 1179 attentatis
2127 1144 2167 1181 liv

1278 1191 1366 1226 tibus
1388 1192 1540 1227 νὶᾶοτίες
1550 1216 1562 1234 ,
1582 1194 1616 1228 &
1630 1195 1787 1239 gloriolas
1800 1195 1974 1229 sententias
1985 1206 2045 1229 nec
2059 1194 2170 1231 rodit:

1280 1241 1377 1275 Adeo
1390 1243 1465 1275 sunt
1479 1243 1593 1279 lucidae
1604 1255 1643 1278 ac
1658 1245 1772 1279 firmae.
1803 1244 1846 1278 Et
1861 1243 2028 1285 certejam
2042 1243 2167 1288 pridem

1278 1292 1429 1326 tranfieru
1437 1302 1472 1327 nt
1484 1293 1519 1326 in
1540 1303 1608 1327 tem
1619 1293 1823 1337 judicatam.

1329 1342 1372 1376 Et
1393 1343 1527 1386 quidem
1551 1345 1640 1387 quod
1667 1343 1848 1378 Catholicae
1872 1343 2022 1378 Ecclesiae
2045 1343 2078 1378 in
2103 1351 2168 1389 tre?

1278 1391 1532 1434 patriarchales,
1559 1404 1597 1428 ac
1621 1403 1683 1428 tres
1708 1393 1951 1437 Autocephalas
1964 1393 2162 1428 Dioeceses
2154 1413 2168 1435 ‚

1278 1442 1392 1476 harum
1427 1443 1628 1478 Dioecefium
1653 1446 1685 1478 in
1698 1445 1803 1487 plures
1814 1444 2020 1487 Metropoles
2041 1455 2078 1477 ac
2090 1442 2170 1477 Pro-

1278 1494 1419 1533 vincias,
1438 1492 1733 1528 Provinciarumin
1750 1495 1961 1538 episcopales
1975 1493 2167 1536 Paro-thies,

1276 1543 1308 1577 ὅ(
1331 1542 1447 1577 harum
1473 1542 1508 1577 in
1521 1543 1627 1586 plures
1640 1543 1883 1586 presbyterales
1896 1555 1950 1578 aut
1965 1542 2165 1584 Diaconales¹

1278 1593 1451 1632 Distristus
1464 1592 1654 1628 distributio
1666 1595 1702 1628 fit
1717 1594 1904 1629 Institutum
1919 1594 2166 1637 Apostolicum,
2229 1596 2231 1600 ’

1276 1654 1339 1686 ego
1364 1642 1459 1685 plene
1481 1644 1638 1686 profiteor
1666 1668 1678 1684 ‚
1706 1656 1805 1679 nemo
1830 1643 2050 1679 Orthodoxus
2073 1641 2169 1689 poffi't

1279 1703 1416 1737 negare.
1447 1692 1491 1725 Et
1504 1690 1582 1726 hinc
1594 1694 1692 1727 etiam
1706 1694 1795 1728 lucet
1808 1694 1961 1738 epistolas
1972 1694 2044 1727 illas
2057 1717 2069 1734 ,
2095 1703 2168 1736 quae

1279 1741 1371 1776 istam
1393 1740 1603 1784 posteriorem
1630 1742 1895 1777 distributionem
1922 1743 2111 1777 adscribunt
2137 1741 2170 1776 S.

1278 1791 1441 1833 Dionysio
1472 1788 1590 1833 Papae,
1614 1793 1676 1825 effe
1704 1793 1824 1834 spurias
1845 1802 1946 1834 atque
1957 1787 2166 1826 straminea.

1277 1839 1379 1886 Qod
1406 1840 1487 1873 item
1512 1839 1675 1883 obligatio
1690 1863 1700 1880 ,
1722 1851 1785 1883 qua
1797 1840 2004 1875 Christianus
2027 1840 2170 1884 populus

1278 1888 1492 1934 adstringitur
1524 1889 1560 1922 in
1583 1891 1635 1924 sua
1660 1890 1846 1934 Episcopali
1870 1900 1926 1925 aut
1948 1889 2170 1934 presbyterali

1280 1938 1440 1975 parochia
1461 1938 1573 1974 audire
1586 1939 1651 1974 Dei
1664 1939 1796 1974 verbum
1810 1965 1822 1981 ,
1846 1950 1945 1985 atque
1954 1939 2017 1975 alia
2031 1940 2144 1974 divina
2156 1963 2172 1980 ,

1278 1991 1314 2024 fit
1328 1988 1522 2032 Apostolica
1536 1989 1589 2023 lex
1600 2014 1611 2030 ‚
1624 1989 1668 2023 est
1679 1990 1768 2034 aeque
1776 1999 1898 2025 certum
1914 2015 1924 2031 ‚
1939 1991 1973 2026 &
1988 2000 2087 2024 nemo
2100 1989 2173 2033 pos-

1279 2041 1315 2074 fit
1327 2039 1480 2074 inficiari.
1496 2040 1608 2088 Qarc
1619 2039 1871 2075 Demonstrator
1883 2039 2028 2075 chartam
2043 2041 2077 2075 ἃ
2089 2049 2173 2074 tem·

1281 2100 1339 2135 pus
1358 2090 1515 2134 expendit
1530 2091 1598 2124 line
1611 2090 1795 2125 necestitate
1807 2114 1818 2131 ,
1832 2091 1900 2126 fine
1914 2092 2017 2126 fruau
2027 2115 2034 2123 .
2048 2089 2174 2126 Omnis

1282 2140 1415 2185 quaestio
1439 2140 1485 2175 est
1509 2137 1550 2172 de
1573 2139 1816 2175 parochialium
1830 2138 2093 2176 Ecclefiarumin
2108 2139 2175 2174 Re-

1280 2191 1410 2236 gulares
1434 2214 1446 2230 ,
1472 2191 1647 2233 praesertim
1671 2191 1842 2225 Ordinum
1865 2190 2136 2224 Mendicantium
2159 2211 2175 2230 ,

1283 2240 1440 2276 Ecclefias
1462 2240 1672 2274 accumulato
1683 2240 1770 2283 jure.
1797 2241 1877 2277 Hoc
1889 2240 1984 2277 debet
1994 2252 2062 2276 non
2076 2239 2171 2274 dum-

1282 2300 1374 2325 taxat
1397 2287 1493 2330 rodi,
1521 2289 1575 2323 sed
1591 2291 1711 2324 everti.

1331 2344 1487 2375 Canonum
1500 2338 1660 2373 Exhibitio
1669 2364 1680 2380 ‚
1708 2341 1816 2374 nescio
1830 2339 1887 2374 ubi
1900 2364 1911 2381 ,
1924 2338 2006 2378 dicit
2020 2339 2174 2373 Demon-

1283 2390 1451 2425 stratorem
1465 2390 1529 2424 effe
1540 2390 1727 2434 imperitum
1745 2389 1951 2434 antiquitatis
1972 2387 2175 2423 Ecclesiasti-

1283 2452 1326 2474 cae
1339 2464 1346 2472 .
1361 2440 1417 2474 Est
1428 2440 1544 2474 calami
1556 2450 1595 2473 ex
1611 2439 1752 2474 veritatis
1764 2440 1835 2474 zelo
1847 2440 1987 2482 impetus
1998 2463 2005 2470 .
2033 2437 2175 2472 Interim

1285 2489 1560 2524 Demonstratoris
1575 2489 1778 2523 stomachum
1792 2490 1908 2526 acriter
1921 2487 2029 2523 movit
2043 2512 2051 2520 .
2076 2487 2176 2520 Hinc

1283 2540 1381 2574 doleo
1403 2550 1455 2573 me
1479 2550 1547 2572 non
1562 2539 1636 2573 satis
1649 2539 1831 2574 meminisse
1843 2538 1980 2583 regular,
2008 2548 2079 2582 quae
2102 2548 2175 2574 uon

1286 2589 1447 2623 minorem
1481 2588 1627 2632 exquirit
1660 2588 1899 2632 providentiam
1927 2589 1961 2622 in
1986 2586 2176 2622 emittendo

1286 2639 1398 2674 Verbo
1410 2663 1421 2680 ,
1448 2649 1547 2683 quam
1560 2638 1593 2672 in
1611 2638 1760 2681 jaciendo
1776 2639 1900 2681 lapide.
1915 2638 1958 2673 Et
1969 2637 2054 2671 nihil
2066 2636 2175 2682 magis

1285 2689 1418 2730 ambio,
1446 2700 1543 2733 quam
1555 2697 1591 2721 ut
1602 2699 1718 2722 omnes
1731 2688 1926 2732 prophetent
1938 2712 1949 2729 ‚
1974 2688 2009 2721 δε
2032 2697 2174 2733 merean-

1286 2750 1338 2774 tur
1363 2738 1508 2773 laudem.
1536 2738 1730 2772 Graviffime
1756 2739 1855 2773 doleo
1871 2761 1882 2778 ‚
1906 2748 1959 2772 me
1987 2747 2054 2771 non
2084 2736 2175 2779 posse

1288 2789 1438 2824 laudare.
1469 2789 1603 2822 Etenim
1626 2789 1717 2822 suam
1738 2787 2016 2823 fundamentalem
2031 2786 2175 2820 affertio-

1289 2851 1363 2873 nem
1377 2839 1484 2873 firmat
1495 2850 1550 2882 per
1563 2837 1684 2872 caduca
1699 2837 1886 2872 testimonia
1897 2862 1908 2879 ,
1937 2847 2034 2881 atque
2057 2835 2102 2870 ita
2114 2834 2175 2874 'iu-

1289 2891 1411 2925 firmat.
1439 2889 1555 2932 Cogor
1567 2887 1675 2931 paucis
1686 2889 1856 2923 ostendere
1868 2913 1876 2922 .

1341 2938 1615 2981 presbyteralium
1638 2936 1834 2972 erectionem
1855 2935 2087 2972 Parochiarum
2108 2934 2174 2970 effe

1293 2988 1524 3034 Apostolicum
1549 2999 1631 3031 opus
1644 3012 1654 3028 ,
1681 2988 1806 3022 firmare
1828 2986 1941 3030 incipit
1953 2997 1994 3020 ex
2010 2983 2175 3029 Apostoli-

1290 3051 1326 3074 ca
1349 3039 1390 3073 ad
1403 3038 1524 3073 Titum
1546 3037 1704 3082 epistola.-
1730 3038 1849 3080 Reliqua
1873 3047 1903 3071 te
1914 3041 2037 3076 Cretae,
2062 3045 2095 3067 ut
2112 3045 2177 3069 con·

1286 3089 1396 3131 stituas
1404 3096 1462 3130 per
1472 3094 1612 3122 civitates
1626 3087 1810 3127 Presbyteros
1822 3111 1832 3128 ,
1852 3085 1926 3128 ficut
1937 3089 1970 3121 (ν
1982 3098 2030 3129 ego
2043 3083 2176 3127 disposui

1293 3140 1365 3172 tibi.
1396 3139 1439 3173 Et
1458 3138 1554 3172 addit
1577 3137 1864 3172 Commentarium
1890 3134 2136 3179 Theophylasti
2164 3145 2174 3166 ε

1294 3188 1416 3223 Volebat
1431 3190 1543 3222 Paulus
1556 3196 1796 3229 unamquamque
1808 3191 1962 3220 civitatem
1973 3185 2079 3219 babere
2086 3182 2176 3227 suum

1296 3238 1444 3277 Pastorem
1457 3263 1464 3270 .
1489 3240 1537 3271 sic
1560 3243 1638 3270 enim
1656 3236 1738 3269 labor
1758 3236 1795 3276 est
1808 3236 1926 3269 brevior
1940 3259 1951 3277 ,
1979 3237 2013 3271 (τ
2028 3246 2098 3268 cura
2108 3243 2178 3282 exa-

1295 3288 1387 3322 Aior.
1417 3287 1612 3330 Respondeo
1637 3286 1671 3320 &
1692 3287 1724 3320 S.
1737 3286 1877 3320 Paulum
1901 3286 1935 3319 δε
1961 3282 2178 3327 Theopbyla-

1296 3341 1385 3374 stum
1411 3347 1505 3381 agere
1526 3347 1594 3370 non
1606 3335 1647 3369 de
1659 3335 1945 3379 presbyteralibus,
1974 3334 2027 3369 sed
2038 3333 2079 3367 de
2093 3331 2176 3375 Epi-

1298 3386 1480 3430 scopalibus
1501 3384 1688 3419 Parochiis:
1717 3385 1915 3430 Apostolum
1937 3396 1992 3428 per
2011 3381 2180 3423 Presbyte-

1300 3450 1354 3476 tos
1364 3435 1547 3483 intelligere
1559 3436 1740 3483 Episcopus
1751 3461 1760 3471 .
1788 3437 1836 3474 lta
1848 3436 1982 3473 censent
1993 3442 2106 3467 ornnes
2119 3431 2182 3467 Pa·

2047 3489 2109 3515 tres
2121 3504 2133 3522 ,

2354 2630 2363 2666 τι

2332 2806 2364 3092 limaeam-em&
2336 2789 2361 2800 ,·“
2344 2716 2362 2781 2»oe
2336 2670 2364 2698 ξ,

2341 3255 2349 3267 *
2334 3100 2363 3210 ³3:⁴23&
