2366 3736
75 1267 152 1303 Lib.
168 1279 198 1316 7.

77 1329 170 1362 capt

80 1895 157 1931 Lib.

22 1955 25 1959 ”
78 1957 173 1992 cap.2

138 3134 191 3172 13·

358 92 441 161 De
477 106 1170 171 ANTIQuſtrstCIPLlNA
1209 106 1456 151 Cuius-r.
1495 107 1784 152 Murrio.

250 197 372 239 possum
383 194 549 238 lepidum,
577 191 791 234 nesciocuius
812 186 989 232 Anglicani
1012 185 1115 220 Mini-

250 246 330 286 stri„
348 244 507 279 Scholion
534 258 545 278 .-
575 247 720 277 Britanni
741 248 878 277 veteres,
905 234 1039 277 Ecclefiae
1057 243 1121 277 pri-

249 300 367 329 mitivae
378 293 517 337 discipuli
536 318 546 334 ,
576 287 841 337 ,Quadragefimam
854 299 911 319 non
920 284 1119 329 superstitiose
1138 317 1154 336 ι-

247 345 370 386 quidem
395 343 480 386 quasi
487 346 600 377 dierum
614 339 778 384 discrimini
792 338 914 373 nimium
927 336 1092 369 tribuentes
1105 360 1116 376 ,
1138 350 1140 383 ᾗ

218 421 223 430 x
245 392 301 437 sed
322 402 355 427 ut
367 393 858 436 Parasceven&praeparationem
879 388 923 420 ad
938 385 1054 426 Festum
1066 388 1121 418 Pa·
1138 415 1141 440 1

244 442 327 487 schae
348 443 498 487 sequentis
520 441 726 475 celebrandum
749 464 760 479 ‚
783 439 921 480 jejunio,
945 434 1097 474 lachrymis
1111 441 1142 476 ,ι

251 493 620 535 Confefflonispeccatorum
633 513 644 530 ‚
670 500 714 535 >ac
736 486 949 531 Resipiscentiae
969 496 1050 520 verae
1063 485 1123 525 stu-

248 545 296 576 dio
309 543 452 576 dicabant
461 566 472 581 ,
497 549 530 573 ut
543 539 612 572 binc
628 541 698 573 vere
712 539 820 572 hilares
832 562 844 579 ,
866 537 1003 579 plenique
1013 537 1123 579 laetitia

248 593 292 625 ad
306 591 518 635 solemnitatem
538 588 662 633 Pascbae
680 614 691 629 ‚
726 591 978 629 Sacramentorum
1001 587 1122 619 delictas

247 641 368 682 caelestes
375 645 550 682 percepturi
563 662 573 679 ‚
598 641 786 673 accederent.
813 637 932 671 Homo
954 634 1122 670 haereticus

247 702 310 725 nos
320 691 449 735 arguit,
476 689 566 734 quod
579 688 867 736 Qadragefimam
891 688 1052 720 servemus
1077 687 1123 719 su·

246 739 426 784 perstitiose
438 764 449 780 ‚
475 750 631 783 tanquam
645 739 685 773 ab
699 735 864 782 Apostolo
888 736 1035 770 damnati
1059 735 1125 768 die·

246 800 320 824 rum
341 801 380 824 ac
400 799 581 833 temporum
600 788 820 826 observatores
855 811 863 820 .
901 785 959 829 Est
983 784 1122 818 ridicula

246 841 427 875 calumnia.
459 840 594 878 Etenim¹
604 837 692 883 quod
706 847 770 871 una
792 847 833 871 ex
855 835 1014 884 servandae
1037 834 1127 883 Qa-

246 890 429 936 dragefimae
439 888 621 924 rationibus
632 887 669 934 fit
681 886 733 931 pia
746 884 787 920 ad
798 884 990 921 Paschalern
1003 884 1126 919 Solem-

246 941 386 975 nitatem
398 952 436 974 ac
448 937 685 974 Eucharistiam
709 936 895 980 praeparatio
906 960 917 976 ,
942 936 1128 976 frequenter

246 991 345 1025 tradit
356 991 490 1024 Sanetus
501 988 643 1031 Ioannes
658 986 914 1031 Chrysostomus
929 1010 936 1018 .
964 984 1008 1020 Et
1029 984 1071 1020 ab
1091 983 1126 1017 il-

245 1041 281 1073 lo
295 1050 356 1073 nos
378 1050 444 1072 non
458 1037 659 1074 recedimus.

298 1088 447 1123 Eandem
471 1087 626 1132 pietatem
650 1086 808 1126 retinuit,
834 1083 1006 1130 &aptiori
1021 1107 1032 1123 ,
1061 1095 1128 1129 quo

246 1138 403 1182 Episcopi
415 1138 553 1182 propriis
564 1138 664 1173 etiam
676 1136 827 1172 manibus
841 1147 983 1182 pugnare
993 1135 1127 1170 consue-

247 1198 382 1229 verant,
407 1187 510 1223 abusu
550 1198 721 1233 purgatam
749 1185 907 1221 stabilivit
929 1186 1019 1229 lapsae
1042 1184 1127 1227 apud

247 1238 388 1273 Francos
415 1237 672 1273 Christianitatis
705 1248 867 1282 reparator
893 1234 1031 1270 Carolus
1058 1234 1128 1266 Ma·

247 1299 354 1333 gnus:
385 1287 542 1329 apostolica
557 1287 738 1321 authoritate
759 1311 770 1327 ,
796 1289 831 1321 Θ
843 1287 1002 1320 multorum
1014 1282 1128 1317 sancio-

249 1350 315 1371 rum
327 1336 536 1380 Episcoporum
545 1337 679 1377 instrudi
691 1362 702 1378 ,
728 1336 962 1378 saneim-umque
972 1339 1128 1367 Canonum

249 1389 371 1430 Regulis
385 1387 496 1428 edom,
522 1385 649 1430 consultu
671 1388 808 1420 videlicet
821 1391 950 1419 omnium
974 1383 1129 1418 Nobilium

249 1437 408 1476 nostrorum
431 1446 556 1469 nos-met
591 1434 670 1477 ipsias
707 1442 889 1478 corrigentes
903 1458 914 1474 ‚
952 1430 1129 1474 Posterisque

250 1486 352 1527 nostris
363 1487 527 1526 exemplum
539 1486 662 1522 dantes,
692 1485 825 1517 volumus
849 1491 885 1516 ut
910 1483 1007 1515 nullus
1031 1484 1128 1514 Sacer·

250 1538 305 1570 dos
318 1541 351 1568 in
363 1534 602 1577 bostempergat‚
629 1532 685 1575 nisi
691 1535 748 1567 duo
758 1543 814 1566 aut
833 1533 1031 1566 tues-tantum
1054 1535 1127 1573 Epi-

246 1583 329 1628 scopi
349 1583 482 1617 eledione
492 1594 663 1617 caeterorum
676 1606 687 1622 ,
708 1591 830 1625 propter
845 1582 1074 1616 benediHionem
1095 1583 1128 1619 (π

246 1635 495 1678 praedicationem
507 1659 516 1674 ,
540 1633 695 1675 populique
706 1634 855 1668 reconcilia
862 1638 970 1666 tionem
982 1656 993 1671 ,
1019 1633 1053 1664 Θ
1064 1639 1128 1663 cum

250 1685 311 1718 illis
321 1683 577 1719 eledlisacerdotes
593 1708 603 1722 ,
628 1690 679 1725 qui
693 1682 766 1717 bene
787 1682 889 1726 sciant
898 1682 1016 1724 populis
1026 1684 1125 1723 poeni-

250 1740 363 1768 sentias
375 1736 471 1775 dore,
499 1732 599 1776 Miffas
620 1733 782 1772 celebrare,
810 1734 845 1766 de
873 1731 1001 1774 infirmis
1027 1742 1128 1764 curam

249 1783 378 1824 babere,
403 1785 573 1826 sacratique
583 1785 721 1816 Oleicum
740 1781 832 1827 sacris
864 1781 998 1825 precibus
1020 1775 1127 1813 undio·

250 1844 316 1866 nem
326 1837 493 1875 impendere
505 1859 516 1875 ,
542 1833 636 1867 &hoc
657 1834 787 1866 maxime*
804 1833 967 1874 providere
981 1856 992 1871 ,
1018 1842 1054 1864 ne
1067 1828 1128 1871 fine

176 1896 209 1933 6·
249 1887 363 1917 Viatico
374 1889 441 1925 quis
464 1885 501 1916 de
519 1882 627 1925 saeculo
645 1884 781 1916 recedat.
816 1883 859 1916 Et
880 1881 971 1916 aliud
995 1880 1126 1924 Capitur

176 1944 231 1993 85·
251 1934 318 1972 lum
331 1932 427 1968 habet
440 1947 451 1966 :
489 1932 649 1975 Nobiscum
671 1934 716 1965 ad
736 1933 829 1966 Bellla
853 1944 910 1964 non
926 1939 1055 1977 pergant
1080 1927 1134 1969 nifi

251 1985 307 2014 duo
319 1991 371 2015 aut
389 1993 449 2015 tres
465 1983 534 2017 bene
547 1983 623 2015 dobi'i
636 1980 796 2024 Episcopi,
828 1981 963 2014 elec‘lione
987 1981 1126 2013 videlicet

250 2041 420 2064 caeterorum
431 2055 442 2070 ‚
467 2033 511 2063 ad
520 2030 747 2063 benedictionem
761 2031 902 2062 dandam
917 2053 927 2068 ‚
954 2031 986 2063 <⁰5
999 2030 1042 2061 ad
1050 2034 1128 2070 peri-

250 2083 418 2115 clitantium
454 2083 728 2114 Reconciliationem
750 2079 952 2120 faciendam,
978 2087 1010 2110 ut
1032 2089 1131 2111 eorum

246 2130 556 2173 precibusfulciamur
573 2156 581 2163 .
610 2127 859 2173 ,Quamformam
882 2131 916 2162 Θ·
938 2128 973 2161 de
991 2129 1130 2161 Sacerdo-

252 2181 332 2213 tibus
360 2189 459 2214 tenere
483 2188 617 2222 optamus
643 2192 655 2213 :
681 2179 716 2211 id
738 2176 798 2218 est,
827 2184 860 2209 ut
875 2187 924 2210 nec
949 2178 993 2209 illi
1017 2183 1050 2209 in
1076 2177 1130 2208 bo-

246 2231 321 2271 stem
345 2252 356 2269 ‚
384 2228 440 2271 nifi
457 2228 625 2268 benedieti,
650 2230 684 2261 &-
708 2225 764 2268 ipfi
782 2226 922 2262 elefflone
946 2234 1033 2267 atque
1056 2234 1128 2267 per-

249 2280 372 2320 missione
386 2285 576 2320 propriorum
589 2277 822 2320 Episcoporum.
849 2279 914 2320 ‚Qui
935 2285 1034 2309 tamen
1054 2277 1130 2309 tales

245 2328 305 2371 fint
316 2353 327 2369 ‚
351 2328 390 2360 de
400 2340 521 2371 quorum
527 2327 651 2371 scientia
662 2330 696 2361 (ν
706 2333 774 2360 vita
788 2339 828 2360 ac
837 2325 1053 2369 conversatione
1074 2337 1129 2358 om-

251 2389 301 2412 nes
309 2377 407 2421 securi
418 2380 468 2420 effe
476 2379 607 2418 poffimus
622 2403 628 2409 .
657 2378 841 2420 Desumpta
854 2375 920 2410 haec
932 2377 1005 2409 suut
1016 2386 1056 2409 ex
1068 2401 1075 2409 .
1091 2400 1098 2408 .
1108 2400 1127 2415 .‚

251 2428 409 2471 synodo,
433 2427 584 2461 celebrari
597 2427 673 2470 julia
698 2438 751 2470 per
764 2426 882 2461 Caroli
904 2426 1033 2460 Patrem
1053 2426 1127 2468 Pip-

252 2480 368 2521 pinum
381 2491 391 2511 .·
413 2475 514 2520 J‘ervis
529 2480 584 2510 Dei
595 2483 626 2509 in
645 2476 749 2517 bostem
757 2485 882 2520 pergere
891 2479 1009 2509 omnino
1026 2475 1129 2518 probi-

255 2528 370 2561 buimus
384 2551 396 2566 ‚
421 2525 475 2568 nisi
492 2527 552 2558 illis
585 2536 704 2559 tantum
725 2551 735 2567 ,
762 2533 816 2569 quit
834 2535 956 2568 propter
979 2529 1128 2559 Divinum

259 2576 453 2616 ministerium
464 2599 474 2616 ,
503 2576 652 2618 Miffarum
660 2575 769 2618 scilicet
776 2575 926 2618 ffilemnia
940 2576 1126 2615 celebranda,

261 2627 296 2659 ό·
307 2625 475 2658 sanderum
489 2627 680 2664 Patrocinia,
709 2631 810 2668 utique
825 2628 931 2659 sacras
951 2626 1104 2668 Reliquias
1115 2651 1125 2667 ,

251 2676 430 2718 portanda,
456 2676 500 2706 ad
522 2674 571 2707 boc
601 2675 683 2707 elet‘li
699 2673 787 2717 sunt:
825 2676 861 2707 id
881 2675 937 2715 est,
963 2687 1053 2708 unum
1077 2677 1129 2709 vel

256 2727 329 2758 duos
340 2723 501 2768 Epifiopos
514 2749 524 2764 ,
546 2736 611 2757 cum
623 2725 787 2766 capellano
814 2727 850 2759 Θ
874 2725 1056 2765 Presbyteris
1081 2738 1125 2757 eo·

254 2787 322 2807 rum
334 2799 344 2814 ,
372 2777 512 2815 Princeps
550 2773 645 2817 secum
682 2773 790 2807 babeat
802 2800 810 2807 .
849 2778 893 2807 Et
928 2774 1123 2817 unusquisque

254 2826 405 2857 Praelatus
416 2836 508 2857 unum
524 2824 724 2862 Presbyterum
736 2849 745 2863 ,
773 2824 1001 2866 qu‘ihominibus
1021 2834 1121 2865 pecca-

250 2884 284 2907 ta
306 2875 510 2916 confitentibus
525 2899 532 2912 ,
552 2876 692 2914 judicare
713 2876 892 2907 &indicare
912 2882 1121 2915 poemtentlam

248 2926 343 2967 pofflt.
374 2925 539 2966 Antiquos
556 2924 702 2957 Ecciefiae
724 2925 845 2957 Camon
871 2924 974 2958 Miffae
998 2926 1108 2959 sacrifi

250 2975 338 3007 cium
351 2974 478 3017 aliaque
489 2973 601 3007 divina
614 2974 722 3007 officia
738 2985 825 3008 vetat
840 2974 907 3008 fieri
931 2976 964 3008 in
990 2976 1118 3018 privatis

251 3034 287 3056 ac
303 3018 445 3067 profanis
461 3023 630 3058 domibus.
666 3023 758 3057 Hinc
780 3025 915 3058 Marcus
928 3049 939 3065 ‚
967 3026 1116 3059 Alexan-

252 3072 327 3106 driae
351 3072 532 3108 patriarcha
568 3074 735 3117 proposuit
759 3071 845 3107 branc
868 3075 1076 3117 quaestionem
1106 3089 1117 3108 .-

253 3125 299 3153 An
313 3121 372 3162 fine
390 3124 518 3164 periculo
533 3122 712 3166 sacrificabit
733 3122 886 3166 quispiam
899 3149 910 3164 ,
934 3135 986 3158 aut
1007 3127 1117 3158 divina

245 3169 339 3213 faciet
365 3173 559 3216 Baptismata
569 3179 600 3206 in
618 3178 731 3214 Navi,
757 3175 812 3215 v,el
820 3175 903 3206 domo
926 3187 983 3208 non
1000 3173 1116 3218 sacra?

256 3221 298 3254 Et
320 3221 519 3257 Theodorus
542 3223 739 3264 Balsamon,
767 3221 964 3258 patriarcha
990 3224 1115 3259 Antio-

249 3269 373 3304 chenus
387 3281 444 3314 pro
453 3272 547 3307 certis
573 3273 694 3308 casibus
714 3273 882 3317 respondit
905 3275 1113 3318 affirmative,

251 3320 284 3354 δε
301 3319 449 3362 adjunxit
462 3334 473 3354 .·
499 3324 544 3356 sic
563 3324 684 3357 enim&
701 3324 831 3363 Clerici,
853 3323 983 3368 quisunt
1002 3330 1035 3359 in
1055 3330 1113 3358 Im-

249 3378 417 3413 peratorum
429 3376 565 3405 comitatu
575 3378 607 3405 in
617 3378 726 3416 eampis
729 3372 877 3417 solitariis
886 3377 976 3409 sacra
986 3381 1044 3410 rite
1052 3376 1111 3418 fa-

248 3430 311 3456 cere
330 3417 540 3465 censentursub
557 3419 615 3463 solo
637 3423 831 3466 Bombicino,
856 3427 936 3469 quod
953 3425 990 3468 est
1012 3427 1109 3462 Eccle-

348 3469 456 3513 Christ.
469 3473 550 3515 Lupi
559 3474 657 3518 Opera
665 3475 809 3510 Tom.X1.

178 1326 233 1363 23·

1929 119 2025 164 133

1176 186 1229 229 fiae
1254 185 1428 225 destinatum
1456 212 1466 227 ‚
1494 194 1616 222 tentorio
1634 212 1642 220 .
1683 183 1827 220 Proinde
1862 185 2053 228 posteriores

1182 239 1282 271 etiam
1304 236 1491 273 Graecorum
1528 238 1740 280 lmperatores
1783 234 1963 269 habuerunt
1989 237 2052 277 Ca-

1184 285 1335 321 strensem
1347 286 1480 321 Clerum
1495 289 1527 321 dc
1540 287 1731 322 Ecclefiarn:
1761 286 1878 321 saetam
1891 296 1930 318 ex
1953 285 2054 321 Bom-

1186 337 1332 380 bycino:
1359 336 1393 370 δι
1407 335 1492 368 varie
1505 336 1749 381 privilegiatam
1765 360 1772 367 .
1944 329 1957 334 ’Χ

1236 386 1344 428 Huius
1356 385 1443 420 Cleri
1455 385 1611 420 Officium
1634 388 1698 428 jam
1719 383 1849 426 aliunde
1868 378 2053 428 audivimus

1185 447 1223 469 ex
1237 436 1383 471 addustis
1395 435 1605 468 testimoniis.
1642 436 1744 472 Addit
1756 419 1930 477 Meldensis
1940 423 2056 477 [Syno-

1186 487 1247 521 dus
1268 487 1309 520 de
1326 484 1514 519 domesticis
1535 484 1731 528 Magnarum
1751 480 1957 527 Capelianis:
1986 488 2058 519 Pro-

1187 537 1315 570 videant
1327 539 1531 576 viripotentes
1545 557 1556 579 ‚
1582 534 1614 567 δ’
1626 534 1756 576 maxime
1763 534 2054 579 potentesfoeminae,
2071 545 2142 582 cap.
2165 532 2228 582 542

1187 594 1219 619 ut
1233 592 1263 618 in
1271 583 1335 628 suis
1348 584 1481 617 domibus
1494 584 1645 630 adulteria
1657 607 1666 622 ,
1691 587 1724 618 (at
1736 587 1865 617 luxuria·
1885 586 2056 619 concubina-

1188 641 1278 675 ticae‚
1305 637 1338 672 (5
1360 634 1477 675 incaesta
1495 635 1647 666 adulteria
1667 643 1723 667 non
1746 641 1889 676 vigeant.
1928 638 1974 667 Et
1990 634 2058 678 suos

1162 725 1165 729 y
1191 685 1377 724 Presbyteros
1389 709 1401 726 ,
1425 680 1551 727 quicum
1566 682 1614 722 ,eis
1625 689 1658 716 in
1677 684 1833 724 Capellam
1842 683 1962 727 *vadunt
1975 708 1986 723 ,
2008 684 2059 717 bu-

1157 770 1160 773 »
1183 734 1317 778 jusmodi
1341 741 1483 768 virtutem
1504 732 1610 767 babere
1620 733 1742 775 faciant
1755 756 1765 771 ,
1790 742 1934 774 quatenus
1957 741 2057 766 omnia

1190 791 1273 820 vitia
1285 791 1317 818 in
1331 784 1463 818 domibus
1473 782 1540 827 suis
1560 782 1689 826 resecent
1710 796 1721 815 :
1747 784 1780 816 (9·
1801 786 1972 817 Orationem
1996 787 2059 817 Do·-

1191 842 1330 867 minicam
1343 837 1377 868 ό·
1387 837 1406 867 5
1403 834 1546 874 ymbolum
1558 834 1672 867 cuncqos
1684 842 1784 866 tenere
1787 831 1967 876 frequenter
1986 844 2060 875 com-

1190 885 1304 928 pellant
1311 909 1318 915 .
1347 886 1433 933 ,Quia
1441 883 1620 917 Parocbiani
1635 882 1839 921 Presbyteri&
1851 881 2059 925 Epfioporum

1194 934 1322 974 Ministri
1334 937 1371 968 de
1382 934 1543 969 minoribus
1554 936 1588 968 &⁵
1600 934 1753 978 vilioribus
1768 931 1904 975 PersonIs
1924 932 1974 968 boc
1993 941 2061 975 pro-

1193 983 1482 1023 viderestudebunt.
1511 983 1570 1017 Iste
1590 985 1704 1021 Clerus
1727 981 1822 1016 habet
1844 984 1982 1017 omnino
1994 981 2063 1016 ani-

1194 1046 1319 1069 marum
1339 1045 1449 1068 curam
1465 1048 1476 1068 .-
1502 1034 1695 1068 laboriosam
1714 1044 1751 1066 ac
1778 1044 1824 1076 ex
1846 1034 1936 1066 vario
1955 1032 2064 1075 capite
2086 1070 2089 1072 ,

1196 1085 1408 1127 periculosam
1420 1109 1427 1116 .
1456 1085 1550 1118 Hinc
1562 1083 1602 1122 de
1613 1085 1684 1127 ipso
1704 1082 1786 1117 reste
1805 1082 1909 1116 edixit
1923 1081 2064 1116 Carolus

1194 1135 1358 1179 Magnus:
1387 1140 1437 1177 qui
1455 1135 1532 1173 tales
1553 1132 1637 1174 fiat,
1662 1134 1698 1166 de
1719 1145 1841 1176 quorum
1857 1131 2004 1175 scientia,
2028 1132 2064 1165 θ’

1195 1192 1285 1222 vita,
1311 1187 1344 1223 (¹5
1368 1179 1588 1230 conversatione
1608 1195 1704 1216 omnes
1722 1182 1816 1225 securi
1836 1183 1886 1226 effe
1907 1182 2061 1224 poffimus.

1196 1235 1358 1270 Libertini
1372 1232 1493 1272 Clerici
1507 1245 1563 1268 aut
1575 1232 1737 1267 Monachi
1759 1233 1832 1266 sunt
1855 1232 1896 1266 ab
1911 1233 1973 1266 isto
1995 1231 2065 1266 offi-

1194 1288 1250 1320 cio
1281 1284 1466 1328 longissime
1487 1283 1725 1327 proscribendi.
1754 1282 1961 1317 Licentiosos
1980 1280 2067 1315 mili-

1194 1345 1264 1368 tum
1278 1332 1405 1372 animos
1418 1343 1476 1365 nec
1487 1333 1586 1366 verbo
1599 1333 1735 1376 alligare
1746 1341 1868 1365 norunt
1879 1355 1890 1371 ,
1915 1331 1948 1369 ἀ
1958 1340 2067 1365 exem·

1195 1383 1252 1426 plo
1267 1382 1392 1419 faciunt
1417 1382 1558 1428 pejores.
1585 1381 1746 1415 Divinam
1767 1380 2000 1422 protectionem
2010 1380 2067 1413 fu·-

1194 1444 1275 1478 gant
1288 1432 1329 1470 ab
1342 1433 1497 1466 Exercitu
1514 1457 1521 1464 .
1549 1431 1642 1464 Hinc
1650 1430 1791 1468 omnino
1803 1430 1934 1474 expedit
1948 1441 1983 1463 ut
1995 1429 2068 1477 quis

1196 1483 1412 1528 Episcopus,
1448 1480 1504 1516 aut
1524 1480 1609 1516 certe
1628 1481 1704 1527 quis
1723 1491 1847 1524 magnae
1869 1479 2011 1514 scientiae
2032 1478 2069 1512 δε

1192 1532 1365 1579 probitatis
1383 1528 1556 1576 Presbyter
1567 1533 1744 1566 comitetur
1768 1530 1959 1573 Principem
1972 1554 1983 1576 2
2009 1529 2067 1579 qui

1192 1583 1259 1625 ejus
1271 1582 1369 1616 latere
1380 1581 1413 1615 <Sc
1428 1581 1624 1627 authoritate
1639 1581 1740 1619 fultus
1753 1579 1913 1623 reliquum
1934 1578 2070 1614 Clerum

1195 1632 1436 1677 Episcopaliter
1449 1629 1536 1677 regat
1548 1632 1581 1672 &
1593 1631 1764 1665 contineat
1776 1631 1808 1665 in
1822 1631 1936 1669 officio
1948 1655 1956 1662 .

1390 1730 1669 1788 CAPUT
1766 1732 1864 1766 XII.

1365 1820 1485 1881 Quibus
1507 1815 1781 1880 diebusstpraeliari
1801 1831 1889 1866 liceat
1901 1857 1909 1865 .

1287 1932 1415 1976 Ntiqua
1440 1933 1586 1968 Ecclesiae
1609 1932 1791 1976 Disciplina
1814 1931 1931 1967 diebus
1953 1931 2071 1966 Domi·

1313 1983 1394 2016 nicis
1405 1995 1442 2016 ac
1453 1984 1573 2016 festivis
1596 1984 1765 2018 interdixit
1777 1994 1877 2016 omne
1903 1983 2044 2026 praelium
2056 2007 2064 2014 .

1195 2031 1243 2065 lta
1255 2030 1335 2066 olim
1348 2032 1380 2068 ὅ(
1395 2032 1504 2065 Latini
1519 2034 1702 2067 constanter
1714 2033 1919 2066 servarunt&
1943 2032 2045 2065 Graeci
2060 2055 2069 2064 .

1196 2079 1302 2115 Pietas
1323 2082 1341 2116 a
1363 2092 1485 2125 magno
1513 2083 1709 2124 Imperatore
1732 2082 1952 2116 Constantino
1977 2082 2068 2116 ducit

1194 2131 1356 2174 originem
1370 2155 1380 2169 ‚
1407 2133 1513 2174 quiad
1530 2135 1681 2166 ‹recentis
1702 2132 1940 2175 &ostodecim
1966 2130 2070 2164 Patri-

1196 2179 1255 2215 bus
1267 2180 1307 2213 de
1318 2178 1455 2214 feliciter
1478 2177 1607 2222 expleta
1630 2182 1765 2214 Nicaena
1788 2180 1925 2224 Synodo
1947 2181 2069 2224 gratifi-

1194 2229 1336 2272 candum
1358 2230 1460 2262 emisit
1482 2232 1542 2263 tria
1579 2230 1715 2273 piiffima
1756 2230 1864 2263 Edicta
1891 2254 1900 2268 ,
1927 2242 2068 2272 quorum

1196 2278 1258 2311 hoc
1274 2279 1335 2312 fuit
1356 2279 1487 2313 tertium
1513 2292 1519 2311 ε
1547 2284 1585 2314 Ut
1618 2282 1664 2313 die
1687 2281 1823 2320 Passionis
1851 2284 2010 2313 Dominicae
2033 2282 2068 2313 (9⁰

1194 2326 1290 2371 ipsum
1300 2326 1440 2371 sequenti
1454 2332 1502 2362 die
1521 2330 1558 2362 ab
1580 2337 1657 2362 omni
1669 2339 1752 2371 opere
1774 2330 1951 2368 abstinerent
1976 2330 2067 2362 homi·

1192 2389 1244 2411 nes
1255 2404 1264 2419 ‚
1292 2380 1369 2412 neve*
1380 2384 1412 2411 in
1422 2377 1528 2422 eisdem
1549 2382 1691 2421 praelium
1705 2381 1796 2412 ullum
1812 2387 2043 2413 committeretur
2056 2402 2065 2411 .

1192 2428 1240 2462 lta
1254 2426 1351 2461 habes
1364 2429 1398 2462 iu
1410 2427 1599 2464 Annalibus
1616 2428 1767 2472 Eutychii
1782 2428 1975 2463 Patriarchae
1991 2430 2066 2462 Ale-

1191 2477 1365 2512 xandrini.
1394 2479 1559 2522 Loquitur
1581 2492 1622 2512 ex
1636 2490 1750 2522 quarto
1765 2479 1973 2512 Caesaraeenlis
2001 2480 2063 2512 Eu·
2084 2491 2182 2530 1451,

1191 2528 1269 2561 sebii
1281 2526 1321 2562 de
1331 2530 1441 2572 magni
1457 2528 1666 2562 Constamini
1683 2530 1746 2562 vita
1762 2529 1860 2562 libro.
1888 2533 1964 2560 Cum
1986 2533 2062 2562 Con-

1182 2578 1335 2618 stantinus
1347 2577 1423 2611 hunc
1427 2575 1591 2621 salutarem
1620 2581 1697 2611 diem
1721 2582 1906 2611 Dominicum
1928 2581 2060 2623 docuiffet

1187 2626 1360 2672 universum
1383 2631 1557 2660 Exercitum
1581 2635 1660 2660 omni
1672 2627 1769 2667 fludio
1791 2630 1881 2662 colere
1896 2653 1906 2669 ,
1933 2628 1980 2662 bis
2008 2635 2059 2672 qui
2077 2620 2146 2653 cap·
2166 2607 2228 2660 8-9.

1186 2680 1292 2711 divino
1310 2676 1448 2717 instinc‘lu
1468 2676 1554 2718 fidem
1563 2676 1655 2720 secuti
1675 2689 1760 2711 erant
1773 2703 1783 2718 ‚
1810 2685 1898 2711 otium
1905 2679 1997 2721 fecit,
2025 2690 2058 2713 ut

1184 2728 1274 2759 libere
1290 2726 1400 2769 poffent
1425 2727 1579 2768 Ecclesiam
1610 2731 1665 2761 Dei
1678 2728 1898 2770 frequentare,
1925 2741 1980 2770 quo
1995 2730 2058 2771 sine

1185 2777 1241 2809 ullo
1253 2772 1462 2821 impedimento
1476 2787 1576 2819 preces
1594 2781 1652 2810 Deo
1660 2777 1879 2820 persolverent.
1908 2780 1966 2811 sed
1973 2781 2054 2821 aliis,

1183 2834 1233 2869 qui
1257 2827 1386 2859 nondum
1419 2830 1564 2860 Divinam
1594 2828 1817 2871 degustaverunt
1846 2828 2018 2861 Doeirinam
2035 2854 2047 2870 ‚

1183 2878 1244 2909 alia
1260 2878 1391 2918 quadam
1401 2876 1462 2920 lege
1472 2880 1633 2910 mandavit
1655 2886 1686 2909 ut
1710 2881 1869 2910 Dominicis
1888 2878 1991 2912 diebus
2013 2886 2047 2912 in

1178 2934 1316 2967 patentes
1340 2925 1543 2960 Suburburum
1564 2931 1691 2968 Campos
1712 2934 1827 2960 exirent
1849 2952 1860 2968 ,
1897 2937 1985 2971 atque
2013 2938 2047 2962 ut

1181 2976 1223 3010 sbi
1242 2978 1344 3009 eadem
1367 2979 1549 3010 PrecationIs
1571 2976 1676 3018 forma
1697 3001 1707 3016 ‚
1734 2979 1804 3010 dato
1815 2986 1870 3019 per
1883 2990 1974 3012 unum
1991 2981 2047 3012 ali-

1180 3038 1234 3068 quo
1248 3024 1342 3070 figno,
1370 3038 1467 3060 omnes
1484 3027 1571 3069 fimul
1589 3028 1633 3059 ad
1655 3030 1746 3059 Deum
1772 3037 1943 3061 uterentur.
1973 3034 2046 3063 Non

1180 3082 1258 3110 enim
1278 3086 1425 3118 oportere,
1452 3076 1552 3115 aiebat
1564 3101 1574 3115 ,
1611 3075 1700 3115 hastis
1714 3079 1761 3110 uta‘
1770 3078 1789 3118 ,'
1807 3073 1841 3111 ὦ·
1862 3090 1960 3111 rerum
1974 3079 2045 3122 sua-

1178 3138 1242 3159 rum
1258 3126 1342 3168 spem
1363 3133 1395 3159 in
1420 3133 1513 3158 armis
1536 3136 1588 3158 aut
1611 3136 1759 3168 corporum
1779 3128 1894 3160 viribus
1915 3138 2042 3172 ponere;

1174 3174 1231 3220 sed
1241 3175 1448 3218 Univerfitatis
1474 3179 1589 3214 Deum,
1615 3188 1709 3208 rerum
1724 3184 1854 3210 omnium
1882 3179 2019 3211 bonarum
2032 3203 2043 3219 ,

1178 3228 1211 3261 <5
1232 3226 1319 3268 iin'us
1339 3226 1472 3259 vn¹70riae
1500 3226 1656 3259 authorem
1665 3226 1829 3271 agnoscere:
1857 3232 1915 3261 Cui
1934 3239 2042 3271 oporte-

1177 3285 1223 3309 ret
1240 3275 1340 3318 pansis
1351 3283 1384 3308 in
1395 3277 1495 3307 coelum
1517 3275 1655 3309 manibus
1669 3301 1679 3316 ,
1706 3279 1739 3311 (vy
1758 3275 1890 3320 sublatis
1914 3280 2043 3317 altissim?

1177 3326 1221 3358 ad
1238 3325 1382 3367 coeleflem
1403 3329 1508 3368 Regem
1529 3332 1636 3359 mentis
1647 3327 1734 3361 oculis
1753 3327 1923 3367 constitutas
1938 3336 2042 3368 preces

1158 3377 1319 3443 ⁵reddere²
1345 3377 1469 3408 utillum
1490 3375 1623 3408 vidoriae
1647 3380 1850 3421 Largitorem,
1878 3376 2044 3418 Confer-va·

1175 3434 1288 3469 torem,
1313 3425 1453 3468 custodem
1472 3425 1556 3460 nobis
1572 3449 1583 3465 ‚
1608 3428 1836 3470 Adjutoremque
1843 3426 1979 3466 precibus
1992 3433 2046 3461 im·

1839 3475 1995 3518 ploremus.
