2366 3736
376 131 467 174 180

332 210 465 248 Lucent
487 206 554 243 hac
577 204 610 240 &
632 201 775 245 Zozymi
800 202 900 239 literis
922 203 963 239 ad
997 203 1131 238 Clerum
1153 204 1212 237 Ec-

335 261 437 295 clefiae
460 254 660 298 Ravennatis
675 277 682 285 .
711 251 838 290 Verfim
856 265 963 298 preces
973 265 1044 290 non
1064 255 1212 288 successe·

335 321 423 350 runt.
454 307 585 342 Etenim
597 303 640 342 ab
652 300 869 345 Archidamo,
891 305 1052 339 Romanae
1063 303 1212 338 Ecclefiae

335 359 530 400 Presbytero
553 366 590 388 ac
615 353 754 398 Legata,
776 354 944 390 instructus
979 354 1140 397 Princeps
1170 355 1212 389 ad

332 407 524 446 Palladium
545 403 662 445 Italico
686 403 845 439 Praetorio
871 405 1066 441 Praefestum
1093 404 1213 447 scripsit

332 465 488 504 germane
509 453 732 493 orthodoxam
746 454 851 499 legem
877 479 888 496 ,
916 467 981 499 qua
1011 455 1152 498 Zozymi
1172 453 1212 489 de

337 507 477 552 originis
495 515 629 549 peccato
642 529 653 546 ,
670 515 800 540 necnon
813 506 847 543 &
858 505 899 541 de
910 506 1054 540 Celestio
1067 516 1104 539 ac
1116 505 1141 539 Ρ
1150 505 1219 539 ela-'

331 559 391 602 gio
410 557 552 595 firmavit
573 555 732 599 judicium
746 580 756 596 ,
779 556 876 590 hosce
898 568 974 591 cum
996 556 1059 591 suis
1072 556 1211 597 sequaci·

330 608 393 643 bus
404 607 583 652 proscripsit
595 606 635 640 ad
648 606 828 643 Haereticos
841 630 851 645 ,
864 606 897 642 ὅ(
908 605 1063 649 perpetuo
1074 605 1114 641 ab
1124 605 1209 639 alma

326 657 409 699 urbe
420 657 524 692 exilio
534 655 711 692 damnavit.
741 655 823 693 Eam
836 657 1018 689 immortale
1031 654 1126 699 hujus
1144 656 1210 694 Lo.-

328 707 491 763 *ganienfis
504 706 623 747 scholae
634 706 752 747 decus,
773 706 807 745 <Sc
820 705 1046 741 Ecclesiasticae
1068 705 1208 749 antiqui·

325 758 403 792 tatis
427 757 555 796 Dostor
575 757 782 800 peritissimus
809 779 821 796 ,
838 755 1006 792 Henricus
1028 756 1167 797 Grauius
1190 755 1209 790 ὲ

324 807 501 849 Vedastini
532 807 619 851 apud
646 806 819 844 Atrebates
845 805 1047 850 {Monasterii
1084 806 1208 840 Biblio—

324 857 422 898 theca
450 857 553 898 eruit,
579 857 612 898 <sc
638 857 718 890 dum
738 856 795 893 sub
814 855 1015 895 XixtiV.ac
1024 855 1117 891 XIV.
1130 857 1210 891 Grev

326 909 417 957 gorii
431 907 638 941 Pontificatu
650 905 782 950 degeret
805 906 933 946 Romae,
958 906 1208 942 CardinaliCae-

322 960 386 994 sari
425 957 571 992 Batonio
608 956 867 991 communicavit
890 957 1104 1000 jnserendam
1138 956 1207 1002 ejus

323 1007 533 1051 Annalibus,
556 1006 728 1052 exquibus
748 1007 849 1053 ipsam
870 1005 925 1043 hic
947 1007 1082 1045 damus,

372 1114 565 1153 Imperatores
574 1084 579 1105 ¹»
592 1111 738 1141 Honorius
765 1108 799 1140 l&
825 1106 992 1149 Theodostus
1021 1107 1138 1153 Augusti

508 1159 650 1197 Palladio
677 1156 822 1200 Praefedo
849 1160 1015 1195 Praetari'o.

337 1287 345 1290 >
417 1261 452 1294 D
462 1257 728 1294 conturbandam
741 1255 913 1295 catholicae
923 1256 1142 1301 simplicitatis
1155 1257 1203 1292 lu*

443 1321 514 1344 cem
529 1334 540 1350 ,
562 1320 644 1352 puro
665 1309 786 1353 semper
807 1307 977 1351 splendore
999 1309 1178 1344 radiantem
1193 1332 1204 1348 ,

320 1361 441 1395 dolosae
467 1361 543 1396 artis
570 1360 729 1403 ingenio,
757 1369 878 1395 novam
906 1357 1015 1395 subito
1040 1358 1205 1394 emicuisse

319 1410 495 1445 versutiam
512 1433 524 1449 ‚
546 1409 732 1452 pervulgata
759 1407 919 1451 opinione
945 1409 1167 1453 cognovimus
1195 1420 1203 1443 z

321 1462 408 1506 Qiae
433 1459 571 1493 fallaciis
598 1457 737 1494 scientie
761 1457 955 1495 obumbrata
985 1458 1166 1492 mendaciis
1194 1481 1206 1498 ,

321 1511 357 1547 δε
382 1507 505 1547 furioso
531 1509 660 1547 tantum
693 1506 890 1547 debacchata
916 1508 1204 1549 lustaminefiiabi·

319 1561 389 1601 lem
415 1560 559 1604 quietem
585 1558 722 1593 coelestis
749 1569 888 1593 conatur
913 1560 1080 1593 attrectare
1105 1558 1206 1598 fidei,

321 1611 404 1644 dum
427 1610 506 1643 novi
525 1609 688 1643 acuminis
720 1609 952 1644 commendata
977 1619 1100 1649 vento,
1136 1608 1205 1643 infi-

320 1671 421 1706 gnem
444 1669 557 1696 notam
579 1658 714 1702 plebeiae
739 1659 875 1697 aestimat
900 1658 1060 1700 vilitatis,
1087 1658 1205 1692 sentire

322 1721 401 1746 cum
413 1709 551 1748 cunctis,
580 1720 618 1743 ac
630 1709 808 1752 prudentia
825 1708 994 1753 singularis
1003 1710 1144 1752 palmam
1158 1709 1203 1741 fo·

320 1770 379 1799 re,
406 1757 627 1794 communiter
638 1758 816 1802 approbata
827 1758 1003 1795 destruere,
1032 1758 1136 1802 Cujus
1148 1758 1207 1791 im-

319 1810 385 1853 piae
410 1808 701 1842 commentationis
725 1809 867 1844 auctores
895 1807 1074 1851 Pelagium
1101 1807 1210 1844 Celes·

323 1859 474 1901 tiumque
500 1857 681 1901 percrebuit
707 1857 878 1892 exstitisse.
906 1857 955 1891 Hi
977 1857 1103 1901 parenti
1129 1869 1206 1890 cun·

323 1911 449 1948 Rarum
471 1918 575 1945 rerum
589 1931 600 1947 ,
622 1908 718 1950 Deo,
741 1908 968 1951 praecipuaeque
992 1908 1115 1952 semper
1136 1907 1205 1942 Ma-

322 1959 481 2007 jestati,&
493 1967 540 1992 ter
550 1957 786 2001 omnipotenti
799 1957 883 1990 ultra
895 1969 998 1991 omne
1009 1957 1207 2001 principium

323 2008 508 2055 transeunti
534 2018 603 2043 tam
628 2017 753 2046 trucem
777 2006 1023 2042 inclementiam
1040 2009 1126 2040 saevat
1154 2017 1208 2039 vo-

325 2059 467 2097 luntatis
478 2057 655 2102 assignant,
681 2068 716 2090 ut
728 2066 802 2091 cum
814 2055 978 2093 formandi
1000 2056 1126 2092 Mundi
1140 2055 1208 2098 opi·

328 2101 428 2147 ficem
448 2119 559 2142 cutam
587 2108 745 2147 sumeret,
778 2108 1038 2151 qualitatemque
1064 2105 1211 2140 hominis

330 2153 477 2195 struendi
495 2155 655 2200 profunda
677 2157 804 2199 spiritus
825 2158 1044 2199 conceptione
1066 2156 1211 2194 libraret,

330 2206 461 2247 fundati
486 2208 629 2240 muneris
657 2206 732 2240 fidei
753 2207 927 2243 anteferret
949 2205 1120 2240 exordium
1144 2228 1155 2243 ,
1178 2203 1210 2237 ὅ(

333 2268 475 2298 mortem
497 2256 699 2299 praemitteret
720 2256 903 2295 nascituro,
940 2266 1007 2289 non
1029 2252 1114 2289 hanc
1142 2253 1211 2287 infi-

334 2308 402 2348 diis
425 2306 519 2340 vetiti
539 2306 671 2340 fluxisse
692 2306 818 2348 peccati
844 2330 854 2345 ,
877 2303 929 2338 sed
953 2304 1094 2349 exegisse
1121 2302 1213 2348 peni-

332 2357 391 2394 tus
417 2357 523 2401 legem
535 2355 749 2392 immutabilis
761 2354 930 2389 constituti
946 2369 956 2389 .·
983 2354 1036 2388 Ad
1051 2354 1215 2389 declinan-

337 2405 419 2453 dum
432 2405 514 2440 lethi
525 2407 669 2452 exitialis
681 2406 844 2443 incursum
858 2404 943 2440 nihil
957 2404 1103 2448 prodesse
1125 2403 1218 2439 absti-

337 2455 486 2491 nentiam
498 2454 727 2500 delinquendi,
737 2457 829 2499 cujus
840 2457 884 2490 ita
898 2458 945 2491 vis
958 2466 1087 2499 putatur
1110 2453 1217 2490 adstri-

339 2509 450 2547 &tamt
463 2517 531 2540 non
546 2505 641 2549 poffit
652 2505 774 2540 aboleri
785 2507 947 2549 deinceps:
968 2505 1136 2540 Primitivi
1161 2502 1219 2538 ho·

337 2552 442 2595 ruinis
454 2567 594 2590 errorem
605 2578 615 2594 ,
629 2556 662 2589 in
676 2566 773 2599 quem
787 2566 887 2598 captae
899 2556 1018 2596 mentis
1034 2556 1131 2599 inops
1144 2555 1215 2588 rati-

339 2608 416 2650 onis
427 2607 557 2642 coecitas
578 2606 732 2646 irruisset,
754 2604 961 2649 dilapsumad
985 2605 1128 2649 posteros
1150 2615 1217 2639 non

340 2658 456 2697 fuisse,
477 2656 670 2701 tantumque
682 2655 767 2699 apud
780 2667 867 2697 eum,
894 2667 992 2700 quem
1015 2657 1106 2690 malae
1116 2654 1219 2689 suadae

341 2708 455 2753 gratiae
465 2707 583 2741 infelix
602 2705 755 2749 rapuisset
769 2705 931 2747 illecebra,
942 2707 1218 2749 transgressionem

341 2757 506 2792 interdicti
532 2757 677 2790 extitisse
699 2756 963 2790 &discriminis:
993 2756 1080 2789 Cum
1091 2754 1221 2790 evidens

342 2807 525 2854 Catholicae
553 2806 633 2851 legis
659 2806 832 2840 omnifaria
860 2807 991 2840 testetur
1018 2806 1223 2844 authoritas,

340 2859 439 2893 illum
452 2857 601 2892 interitus
627 2857 778 2893 omnium
790 2856 885 2890 fuisse
907 2856 1114 2896 vestibulum,
1125 2867 1221 2899 quem

343 2908 462 2943 divinae
489 2908 715 2950 praeceptionis
741 2905 887 2941 sedulum
923 2906 1046 2950 liqueat
1086 2906 1225 2950 corripu-

342 2959 405 2992 isse
429 2958 645 2993 mandatum.
673 2956 815 3000 Aliaque
840 2956 938 2999 quam
966 2955 1127 2999 plurima,
1154 2967 1225 2997 quae

344 3011 449 3046 sermo
476 3009 616 3052 respuit,
644 3008 696 3042 lex
723 3007 863 3046 refutat,
889 3017 958 3048 quae
983 3005 1224 3049 perpetuocum

347 3059 387 3094 fit
414 3058 574 3093 recordari
602 3054 700 3091 etiam
729 3057 787 3092 sub
815 3056 1025 3099 dispositione
1051 3055 1224 3098 plectendi:

347 3110 431 3155 Qae
467 3117 631 3141 maturato
667 3108 813 3141 remedio
849 3108 882 3140 δε
918 3106 1085 3141 celeritate
1111 3106 1224 3140 festina

348 3166 496 3204 oporteat
524 3157 697 3200 intercipi,
724 3169 766 3191 ne
791 3156 1001 3192 corroborato
1027 3156 1085 3190 usu
1114 3157 1225 3200 nequi-

349 3210 402 3246 tiae
428 3207 649 3241 adolescentes
675 3207 731 3240 vix
759 3209 887 3241 valeant
913 3206 1053 3241 coerceri
1077 3217 1084 3237 :
1120 3206 1225 3247 Siqui-

350 3258 427 3297 dem
439 3268 530 3291 aures
543 3257 806 3290 Mansuetudinis
819 3257 932 3291 nostrae
943 3268 1051 3291 recens
1063 3257 1147 3290 fama
1161 3268 1226 3299 per-

352 3309 546 3353 strinxerat,
575 3305 660 3339 intra
688 3307 924 3342 sacratissimam
947 3307 1059 3342 urbem
1070 3305 1223 3346 nostram,

350 3359 482 3404 aliaque
508 3357 580 3391 loca
606 3355 670 3389 hoc
699 3357 883 3398 pestiferum
911 3358 996 3391 virus
1021 3356 1225 3399 quorundam

351 3408 525 3444 inolevisse
556 3404 738 3451 pectoribus
758 3430 767 3445 ‚
816 3418 851 3440 uc
887 3408 1068 3451 interrupto
1104 3405 1226 3440 directo

354 3457 551 3501 ,credulitatis
576 3455 728 3498 tramite,
751 3455 847 3492 sciffis
868 3456 903 3497 in
914 3468 1019 3502 partes
1036 3455 1154 3493 *studiis
1169 3457 1229 3493 dis-

748 125 1032 180 Annona
1067 113 1373 169 Ecctesra
1408 113 1697 170 ‘Decuma'

1273 204 1396 239 serendi
1407 208 1551 242 monstra
1573 207 1758 251 implacata
1781 207 1988 248 dissensionis
2013 210 2144 247 inducta

1272 256 1352 298 sint,
1374 267 1526 301 novoque
1546 257 1687 297 scandali
1708 258 1825 293 fomite
1855 263 2045 305 concitato,
2073 261 2147 298 bea·

1272 306 1398 341 tiffimae
1416 308 1566 342 Ecclesiae
1586 306 1743 345 haestenus
1765 320 1859 345 nutet
1878 314 2036 349 intentata
2060 321 2147 347 trari-

1271 357 1437 401 quillitas‚
1462 359 1534 392 aliis
1553 358 1614 394 iter
1636 359 1727 395 aliud
1751 360 1888 405 ancipiti
1910 363 2148 411 interpretatio·

1271 417 1313 442 ne
1334 406 1549 442 sectantibus.

1322 457 1370 492 At
1381 457 1528 493 absoluta
1542 459 1727 496 Sannorum
1748 462 1878 506 apicum
1901 462 2086 506 claritas‚ac
2097 463 2147 498 di-

1272 505 1381 542 lucide
1402 506 1490 552 quod
1512 510 1703 546 universitas
1714 513 1802 556 sequi
1812 512 1948 554 debeat,
1967 513 2145 557 explanans

1273 568 1331 600 pro
1351 567 1447 603 captu
1472 559 1773 605 versipellisingenii
1797 565 1967 607 profanam
1982 572 2146 598 novorum

1272 618 1364 641 more
1387 610 1533 643 anserum
1557 611 1765 646 moventibus
1787 609 2018 658 quaestionem',
2040 611 2146 647 Palla-

1271 657 1306 692 di
1332 657 1453 695 Parens
1479 658 1671 695 Chariffime
1693 671 1789 705 atque
1806 665 2038 698 amantiffime.

1321 708 1378 743 Ob
1393 720 1492 753 quam
1502 721 1567 744 rem
1581 711 1712 745 illustris
1724 711 1802 746 Tua
1818 712 2004 749 Auctoritas
2027 713 2148 748 vietum

1270 758 1305 792 in
1316 770 1417 794 omne
1427 772 1530 795 aevum
1543 761 1615 806 lege
1636 772 1696 795 nos
1718 761 1857 797 statuisse
1880 765 2059 811 cognoscat
2074 789 2085 806 ,
2109 773 2148 797 ut

1270 809 1366 852 pulsis
1383 822 1425 844 ex
1439 810 1519 845 urbe
1532 811 1682 854 primitus
1702 812 1864 855 capitibus
1889 814 2057 859 dogmatis
2074 824 2149 848 exe-

1270 860 1403 902 crandi,
1428 861 1576 896 Celestio
1600 873 1699 905 atque
1725 861 1862 908 Pelagio
1886 888 1897 904 ‚
1921 864 1944 897 si
1967 864 2026 909 qui
2051 861 2149 907 hujus

1269 909 1309 944 de
1320 919 1437 946 caetero
1449 911 1605 957 sacrilegii
1620 913 1788 947 sectatores
1798 913 2055 958 quibuscumque
2063 913 2151 947 locis

1269 962 1435 1003 potuerint
1445 962 1595 1005 reperiri,
1613 973 1670 997 aut
1682 963 1723 997 de
1745 965 1901 1006 pravitate
1913 965 2067 998 damnata
2091 962 2149 997 ali·

1268 1019 1364 1052 quem
1376 1011 1482 1046 rursus
1504 1014 1644 1056 proferre
1671 1014 1851 1048 sermonem
1864 1038 1875 1054 ,
1896 1014 1914 1047 a
1937 1023 2150 1057 quocumque

1269 1060 1434 1104 correpti,
1456 1061 1496 1094 ad
1521 1073 1767 1106 competentem
1795 1065 1938 1107 judicem
1966 1062 2151 1108 pertrahan-

1269 1120 1345 1143 tur:
1371 1111 1490 1159 Qos,
1515 1113 1577 1146 sive
1603 1112 1776 1155 Clericus,
1803 1115 1868 1148 sive
1894 1115 2013 1148 Laicus
2039 1114 2149 1153 fuerit,

1267 1160 1432 1195 deferendi
1455 1160 1572 1198 habeat
1602 1164 1797 1206 potestatem
1823 1189 1836 1205 ,
1862 1165 1895 1198 ὃ(
1923 1165 1989 1198 fine
2015 1163 2151 1207 praescri·

1269 1210 1385 1254 ptione
1405 1211 1512 1254 aliqua
1536 1214 1743 1258 perurgendi,
1766 1225 1850 1257 quos
1874 1215 1981 1248 relifla
2002 1223 2150 1247 commu·

1269 1260 1317 1294 nis
1345 1261 1607 1303 sententiaeluce,
1631 1275 1725 1300 novar
1751 1264 1980 1307 disputationis
2003 1261 2152 1296 tenebras

1269 1311 1441 1345 introferre
1464 1311 1713 1355 deprehenderit
1734 1337 1746 1352 ,
1782 1323 1895 1348 contra
1923 1312 2152 1356 Apostolicam

1268 1360 1391 1395 scilicet
1413 1361 1620 1405 disciplinam
1633 1387 1645 1403 ,
1663 1363 1962 1410 Evangelicamque
1987 1361 2152 1399 claram&

1268 1412 1334 1444 fine
1347 1423 1453 1445 errore
1478 1413 1694 1451 sententiam,
1723 1415 1807 1447 vafra
1833 1414 1922 1447 rudis
1947 1414 2030 1446 sessae
2055 1412 2151 1446 calli-

1268 1461 1370 1495 ditate
1396 1471 1600 1505 pugnantes,
1628 1463 1894 1507 involventesque
1929 1462 2157 1508 splendentem

1270 1511 1367 1547 fidem
1394 1512 1460 1544 veri
1483 1535 1495 1551 ,
1520 1512 1713 1556 ambagibus
1739 1513 1939 1547 differendo-

1325 1561 1401 1594 Hos
1413 1571 1491 1604 ergo
1503 1571 1645 1604 repertos
1660 1561 1857 1607 ubicumque
1880 1563 1921 1597 de
1944 1562 2007 1597 hoc
2020 1572 2086 1597 tam
2100 1572 2152 1595 ne.

1270 1610 1371 1644 fando
1398 1612 1514 1645 scelere
1548 1613 1752 1647 conferentes
1773 1614 1791 1646 ἒι
1813 1612 2070 1657 quibuscumque
2107 1611 2155 1655 ju-

1268 1661 1383 1696 bemus
1407 1661 1552 1703 corripi,
1574 1661 1792 1706 deduetosque
1815 1664 1855 1698 ad
1880 1662 2083 1697 audientiam
2096 1671 2156 1705 pu-

1270 1710 1585 1754 blicam‚promiscue
1595 1710 1637 1746 ab
1646 1712 1802 1747 omnibus
1813 1714 1968 1752 accusari,
1979 1713 2024 1746 ita
2035 1721 2071 1746 ut
2083 1722 2157 1756 pro·

1271 1760 1439 1795 barionem
1465 1761 1607 1796 convicti
1624 1762 1767 1796 criminis
1800 1763 1903 1806 stylus
1930 1762 2079 1806 publicus
2107 1761 2159 1794 in·

1273 1812 1438 1853 sequatur,
1463 1811 1710 1854 ipfisinexorati
1737 1807 1837 1846 exilii
1863 1811 2093 1856 deportatione
2103 1809 2158 1844 da⁴

1274 1859 1413 1893 mnatis:
1442 1861 1547 1895 Decet
1573 1863 1664 1895 enim
1688 1862 1856 1907 originem
1872 1859 1954 1896 vitii·
1970 1861 1988 1895 a
2008 1870 2157 1895 conven-

1274 1921 1308 1943 tu
1323 1909 1456 1952 publico
1469 1910 1655 1954 sequestrari
1670 1936 1681 1952 ,
1695 1914 1801 1946 necin
1815 1911 1986 1946 communi
2006 1922 2063 1945 eos
2077 1909 2161 1943 cele-

1275 1960 1394 1993 britate
1408 1960 1603 2000 consistere,
1623 1962 1762 2004 quinon
1784 1962 1893 1996 solum
1920 1962 2005 1997 facto
2032 1955 2159 2002 nefario

1275 2007 1470 2048 detestandi,
1490 2008 1603 2043 verum
1628 2009 1727 2044 etiam
1753 2010 1905 2054 exemplo
1932 2009 2082 2044 venenati
2093 2009 2163 2053 spi-

1276 2059 1355 2093 ritus
1372 2059 1448 2093 sunt
1473 2057 1629 2093 cavendi.
1657 2060 1753 2103 Juvat
1778 2070 1889 2094 autem
1914 2070 1969 2104 per
1993 2070 2165 2103 omnepe·

1279 2109 1318 2142 ne
1343 2107 1522 2151 Imperium
1539 2109 1698 2150 nostrum,
1727 2109 1790 2153 qua
1807 2110 1949 2144 mundus
1959 2108 2161 2148 extenditur,

1277 2157 1466 2200 hujusmodi
1490 2159 1694 2202 promulgata
1712 2159 1853 2193 diffitndi
1880 2174 1888 2194 ε
1924 2160 1979 2194 Ne
2023 2158 2165 2193 scientias

1277 2206 1414 2241 fortaffis
1439 2205 1651 2241 disfimulatio
1679 2208 1803 2250 pastum
1830 2211 1953 2250 praestet
1967 2209 2094 2249 errori,
2114 2217 2162 2242 at-

1278 2266 1342 2299 que
1366 2255 1501 2299 impune
1521 2257 1553 2289 se
1564 2256 1701 2300 quisque
1713 2266 1803 2298 putet
1825 2258 1952 2300 audire²
1970 2259 2059 2300 quod
2083 2268 2162 2290 con-

1279 2307 1473 2341 demnatum
1500 2305 1612 2350 vigore
1639 2305 1787 2348 publico,
1813 2308 1876 2340 sese
1902 2307 2034 2340 finxerit
2062 2307 2162 2350 igno-

1280 2367 1366 2391 rare.
1394 2354 1481 2389 Data
1510 2355 1614 2398 pridie
1640 2354 1806 2389 Kalendas
1833 2355 1952 2397 Maias,
1978 2355 2159 2396 Ravennae,

1281 2407 1360 2441 DD.
1391 2403 1474 2439 NN.
1503 2405 1660 2440 Honorio
1686 2406 1761 2442 ΧΠ.
1786 2407 1819 2444 &
1845 2405 2037 2443 Theodosio
2065 2404 2164 2443 Vlu.
2231 2408 2237 2418 ¹

1284 2455 1357 2492 AA.
1390 2454 1501 2491 Conff.

1314 2554 2129 2592 CONSTANTlNoPOLtTANA
2168 2527 2171 2529 ·

1382 2655 1557 2692 ATTICI
1585 2657 1795 2692 EPISCOPI
1820 2656 2064 2693 SYNODUS.

1403 2754 1479 2791 Anc
1502 2757 1673 2800 Synodum
1697 2758 1732 2791 in
1754 2757 1869 2802 prioris
1891 2754 2040 2790 adversus
2064 2752 2164 2798 Julia-

1418 2818 1499 2840 num
1515 2809 1622 2851 operis
1635 2809 1733 2842 tertio
1745 2808 1830 2842 libro
1841 2807 1950 2842 laudat
1960 2807 2083 2839 sanstus
2098 2805 2167 2840 Au·

1284 2856 1432 2900 gustinus
1445 2870 1455 2889 .·
1481 2857 1593 2898 christi
1611 2865 1758 2892 exeremus
1780 2859 1864 2899 apud
1891 2855 2106 2899 Carthaginem
2117 2856 2167 2888 de-

1284 2907 1412 2940 bellavit
1426 2907 1582 2947 celestium
1594 2932 1604 2948 ,
1629 2910 1663 2942 &
1674 2909 1779 2941 rumis
1801 2906 2051 2947 constantinopoli
2062 2929 2073 2945 ,
2099 2914 2165 2938 tam

1282 2958 1366 3000 longi
1376 2958 1395 2988 ἃ
1408 2958 1569 3000 regionibus
1582 2958 1734 3002 Africanis
1745 2983 1752 2990 .
1781 2959 1824 2992 Et
1837 2957 1871 2990 in
1885 2956 2029 2991 carmine
2041 2955 2083 2990 de
2113 2955 2168 2988 ln-

1285 3008 1385 3051 gratis
1405 3009 1437 3041 S.
1452 3007 1607 3051 Prosper:
1634 3009 1723 3052 ,Quid
1729 3010 1830 3050 loquar
1852 3009 1887 3041 ό·
1907 3017 2030 3046 curam,
2049 3016 2162 3050 magna

1285 3068 1376 3099 quam
1381 3058 1501 3100 gefftin
1511 3059 1583 3092 urbe
1595 3058 1845 3100 Constantinopoli
1857 3056 1938 3089 dodo
1947 3055 2040 3088 bonus
2052 3067 2097 3089 ore
2108 3057 2165 3088 Sa·

1285 3108 1385 3140 cerdos
1397 3112 1511 3141 Atticus
1526 3133 1536 3148 ‚
1557 3111 1685 3151 antiqui?
1701 3112 1826 3151 Legatos
1841 3111 2054 3141 Haereticorum
2066 3104 2168 3146 confu-

1285 3158 1378 3190 tando
1387 3157 1448 3199 fide
1462 3159 1478 3190 ,ἓ
1497 3160 1540 3192 De
1552 3171 1613 3201 qua
1624 3168 1694 3192 tunc
1704 3163 1798 3199 impia
1818 3158 2062 3199 corda‚quamvis
2074 3155 2107 3199 se
2117 3155 2167 3187 ob-

1285 3207 1375 3240 dulia
1385 3217 1516 3251 tegerent
1538 3210 1685 3242 velamine
1690 3206 1805 3248 forma,
1820 3210 1852 3251 J
1855 3209 1947 3239 adicit
1960 3208 1993 3240 Θ
2005 3211 2107 3238 tacitae
2119 3212 2165 3237 ru-

1284 3258 1383 3290 lerant
1393 3267 1541 3292 tormenta
1553 3257 1683 3301 repulsa.
1706 3258 1749 3291 Et
1762 3259 1795 3291 in
1811 3255 1962 3291 literis-ad
1975 3255 2165 3290 Nestorium

1286 3307 1694 3353 Constantinopolitanum
1718 3307 1930 3350 Episcopum,
1957 3306 2024 3350 jam
2033 3304 2166 3338 delirare

1286 3357 1501 3400 incipientem
1517 3383 1527 3398 ,
1555 3359 1680 3392 sanstus
1693 3357 1852 3391 Pontifex
1873 3357 2051 3391 Celestinus
2063 3366 2074 3386 :
2106 3354 2168 3385 Ali-

1285 3412 1407 3450 quantis
1434 3408 1536 3442 diebus
1561 3412 1638 3441 vltae
1665 3406 1780 3448 nostrae‚
1804 3407 1867 3449 post
1880 3405 2042 3448 nefandum
2068 3403 2101 3435 Θ·
2113 3401 2170 3443 sae-

1282 3459 1323 3502 Ρέ
1332 3458 1510 3495 damnatum
1520 3458 1627 3504 dogma
1646 3459 1763 3504 Pelagii
1772 3467 1862 3502 atque
1878 3453 2001 3498 celestii,
2012 3451 2168 3537 cegtsslica
