<?xml version="1.0" encoding="UTF-8"?>
<!DOCTYPE html PUBLIC "-//W3C//DTD XHTML 1.0 Transitional//EN"
    "http://www.w3.org/TR/xhtml1/DTD/xhtml1-transitional.dtd">
<html xmlns="http://www.w3.org/1999/xhtml" xml:lang="en" lang="en">
 <head>
  <title>
</title>
<meta http-equiv="Content-Type" content="text/html;charset=utf-8" />
  <meta name='ocr-system' content='tesseract 3.04.00' />
  <meta name='ocr-capabilities' content='ocr_page ocr_carea ocr_par ocr_line ocrx_word'/>
</head>
<body>
  <div class='ocr_page' id='page_1' title='image "./operaomniastudio11lupuuoft_0065.png"; bbox 0 0 2366 3736; ppageno 0'>
   <div class='ocr_carea' id='block_1_1' title="bbox 38 1408 214 1446">
    <p class='ocr_par' dir='ltr' id='par_1_1' title="bbox 38 1408 214 1446">
     <span class='ocr_line' id='line_1_1' title="bbox 38 1408 214 1446; baseline 0.006 -3"><span class='ocrx_word' id='word_1_1' title='bbox 38 1408 117 1443; x_wconf 75' lang='lat' dir='ltr'>Lib.</span> <span class='ocrx_word' id='word_1_2' title='bbox 138 1420 172 1446; x_wconf 90' lang='lat'>2.</span> <span class='ocrx_word' id='word_1_3' title='bbox 210 1441 214 1444; x_wconf 85' lang='lat'>.</span> 
     </span>
    </p>
   </div>
   <div class='ocr_carea' id='block_1_2' title="bbox 32 1469 191 1506">
    <p class='ocr_par' dir='ltr' id='par_1_2' title="bbox 32 1469 191 1506">
     <span class='ocr_line' id='line_1_2' title="bbox 32 1469 191 1506; baseline -0.006 -15"><span class='ocrx_word' id='word_1_4' title='bbox 32 1469 107 1502; x_wconf 79' lang='lat' dir='ltr'>cap.</span> <span class='ocrx_word' id='word_1_5' title='bbox 135 1469 191 1506; x_wconf 78' lang='lat'>15.</span> 
     </span>
    </p>
   </div>
   <div class='ocr_carea' id='block_1_3' title="bbox 647 108 1632 158">
    <p class='ocr_par' dir='ltr' id='par_1_3' title="bbox 647 108 1632 158">
     <span class='ocr_line' id='line_1_3' title="bbox 647 108 1632 158; baseline 0.003 -3"><span class='ocrx_word' id='word_1_6' title='bbox 647 108 731 155; x_wconf 70' lang='lat' dir='ltr'>Dr.</span> <span class='ocrx_word' id='word_1_7' title='bbox 768 109 1030 154; x_wconf 69' lang='lat' dir='ltr'>Sltvtomn</span> <span class='ocrx_word' id='word_1_8' title='bbox 1066 108 1632 158; x_wconf 61' lang='lat' dir='ltr'>Montis-remoavit.</span> 
     </span>
    </p>
   </div>
   <div class='ocr_carea' id='block_1_4' title="bbox 212 192 1102 740">
    <p class='ocr_par' dir='ltr' id='par_1_4' title="bbox 212 192 1102 740">
     <span class='ocr_line' id='line_1_4' title="bbox 223 192 1100 240; baseline -0.005 -10"><span class='ocrx_word' id='word_1_9' title='bbox 223 195 545 240; x_wconf 72' lang='lat' dir='ltr'>Secundopermittit</span> <span class='ocrx_word' id='word_1_10' title='bbox 556 221 566 238; x_wconf 88' lang='lat'>,</span> <span class='ocrx_word' id='word_1_11' title='bbox 577 206 613 231; x_wconf 91' lang='lat' dir='ltr'>ut</span> <span class='ocrx_word' id='word_1_12' title='bbox 623 194 722 231; x_wconf 82' lang='lat' dir='ltr'>etiam</span> <span class='ocrx_word' id='word_1_13' title='bbox 733 193 908 238; x_wconf 81' lang='lat' dir='ltr'>dispensari</span> <span class='ocrx_word' id='word_1_14' title='bbox 925 192 1044 235; x_wconf 79' lang='lat' dir='ltr'>possint</span> <span class='ocrx_word' id='word_1_15' title='bbox 1060 192 1100 226; x_wconf 86' lang='lat' dir='ltr'>ad</span> 
     </span>
     <span class='ocr_line' id='line_1_5' title="bbox 219 243 1101 290; baseline -0.007 -10"><span class='ocrx_word' id='word_1_16' title='bbox 219 247 472 290; x_wconf 77' lang='lat' dir='ltr'>permanendum</span> <span class='ocrx_word' id='word_1_17' title='bbox 489 248 523 282; x_wconf 89' lang='lat' dir='ltr'>in</span> <span class='ocrx_word' id='word_1_18' title='bbox 535 249 595 282; x_wconf 93' lang='lat' dir='ltr'>suo</span> <span class='ocrx_word' id='word_1_19' title='bbox 608 244 820 280; x_wconf 86' lang='lat' dir='ltr'>Monasterio.</span> <span class='ocrx_word' id='word_1_20' title='bbox 835 244 989 277; x_wconf 81' lang='lat' dir='ltr'>Affirmat</span> <span class='ocrx_word' id='word_1_21' title='bbox 1001 243 1101 275; x_wconf 82' lang='lat' dir='ltr'>etiarn</span> 
     </span>
     <span class='ocr_line' id='line_1_6' title="bbox 217 293 1101 338; baseline -0.006 -9"><span class='ocrx_word' id='word_1_22' title='bbox 217 306 274 338; x_wconf 77' lang='lat' dir='ltr'>per</span> <span class='ocrx_word' id='word_1_23' title='bbox 296 295 381 330; x_wconf 83' lang='lat' dir='ltr'>hanc</span> <span class='ocrx_word' id='word_1_24' title='bbox 403 297 588 331; x_wconf 60' lang='lat' dir='ltr'>Simo‘niam</span> <span class='ocrx_word' id='word_1_25' title='bbox 612 294 731 329; x_wconf 82' lang='lat' dir='ltr'>incurri</span> <span class='ocrx_word' id='word_1_26' title='bbox 757 304 881 328; x_wconf 86' lang='lat' dir='ltr'>reatum</span> <span class='ocrx_word' id='word_1_27' title='bbox 903 293 1101 336; x_wconf 76' lang='lat' dir='ltr'>expulsionis</span> 
     </span>
     <span class='ocr_line' id='line_1_7' title="bbox 212 343 1099 390; baseline 0 -13"><span class='ocrx_word' id='word_1_28' title='bbox 212 356 259 378; x_wconf 74' lang='lat' dir='ltr'>vex</span> <span class='ocrx_word' id='word_1_29' title='bbox 275 347 407 390; x_wconf 87' lang='lat' dir='ltr'>proprio</span> <span class='ocrx_word' id='word_1_30' title='bbox 420 343 756 381; x_wconf 62' lang='lat' dir='ltr'>Monastetioffertio</span> <span class='ocrx_word' id='word_1_31' title='bbox 768 344 976 387; x_wconf 84' lang='lat' dir='ltr'>permittir‚ut</span> <span class='ocrx_word' id='word_1_32' title='bbox 985 344 1099 377; x_wconf 80' lang='lat' dir='ltr'>omnia</span> 
     </span>
     <span class='ocr_line' id='line_1_8' title="bbox 215 392 1102 439; baseline -0.003 -11"><span class='ocrx_word' id='word_1_33' title='bbox 215 395 406 436; x_wconf 79' lang='lat' dir='ltr'>usq-uetunc</span> <span class='ocrx_word' id='word_1_34' title='bbox 416 399 524 432; x_wconf 70' lang='lat' dir='ltr'>exasta</span> <span class='ocrx_word' id='word_1_35' title='bbox 545 407 583 430; x_wconf 89' lang='lat' dir='ltr'>ac</span> <span class='ocrx_word' id='word_1_36' title='bbox 596 406 724 439; x_wconf 84' lang='lat' dir='ltr'>recepta</span> <span class='ocrx_word' id='word_1_37' title='bbox 747 392 1102 438; x_wconf 83' lang='lat' dir='ltr'>permaneant&#39;Mona-</span> 
     </span>
     <span class='ocr_line' id='line_1_9' title="bbox 215 444 1101 487; baseline -0.003 -9"><span class='ocrx_word' id='word_1_38' title='bbox 215 445 336 487; x_wconf 80' lang='lat' dir='ltr'>sterio,</span> <span class='ocrx_word' id='word_1_39' title='bbox 363 444 544 481; x_wconf 77' lang='lat' dir='ltr'>dummodo</span> <span class='ocrx_word' id='word_1_40' title='bbox 556 456 666 479; x_wconf 83' lang='lat' dir='ltr'>tamen</span> <span class='ocrx_word' id='word_1_41' title='bbox 679 446 850 479; x_wconf 84' lang='lat' dir='ltr'>communi</span> <span class='ocrx_word' id='word_1_42' title='bbox 872 446 944 477; x_wconf 87' lang='lat' dir='ltr'>usui</span> <span class='ocrx_word' id='word_1_43' title='bbox 968 444 1030 476; x_wconf 79' lang='lat' dir='ltr'>sint</span> <span class='ocrx_word' id='word_1_44' title='bbox 1052 455 1101 486; x_wconf 90' lang='lat' dir='ltr'>ap·</span> 
     </span>
     <span class='ocr_line' id='line_1_10' title="bbox 215 493 1102 543; baseline -0.002 -14"><span class='ocrx_word' id='word_1_45' title='bbox 215 496 352 539; x_wconf 84' lang='lat' dir='ltr'>plicata,</span> <span class='ocrx_word' id='word_1_46' title='bbox 377 495 657 539; x_wconf 77' lang='lat' dir='ltr'>au&#39;t&#39;applicentur</span> <span class='ocrx_word' id='word_1_47' title='bbox 681 520 687 528; x_wconf 92' lang='lat'>.</span> <span class='ocrx_word' id='word_1_48' title='bbox 717 493 864 529; x_wconf 72' lang='lat' dir='ltr'>Proinde</span> <span class='ocrx_word' id='word_1_49' title='bbox 888 493 1001 528; x_wconf 84' lang='lat' dir='ltr'>Abbas</span> <span class='ocrx_word' id='word_1_50' title='bbox 1020 515 1030 530; x_wconf 91' lang='lat'>‚</span> <span class='ocrx_word' id='word_1_51' title='bbox 1066 494 1102 543; x_wconf 30' lang='lat'>¹&amp;</span> 
     </span>
     <span class='ocr_line' id='line_1_11' title="bbox 216 543 1102 589; baseline -0.003 -10"><span class='ocrx_word' id='word_1_52' title='bbox 216 546 327 589; x_wconf 85' lang='lat' dir='ltr'>quivis</span> <span class='ocrx_word' id='word_1_53' title='bbox 339 546 443 586; x_wconf 71' lang='lat' dir='ltr'>alius,</span> <span class='ocrx_word' id='word_1_54' title='bbox 469 557 540 589; x_wconf 86' lang='lat' dir='ltr'>quae</span> <span class='ocrx_word' id='word_1_55' title='bbox 564 557 622 589; x_wconf 92' lang='lat' dir='ltr'>pro</span> <span class='ocrx_word' id='word_1_56' title='bbox 644 547 677 580; x_wconf 88' lang='lat' dir='ltr'>se</span> <span class='ocrx_word' id='word_1_57' title='bbox 699 554 910 589; x_wconf 85' lang='lat' dir='ltr'>acceperant.</span> <span class='ocrx_word' id='word_1_58' title='bbox 938 543 1102 577; x_wconf 87' lang='lat' dir='ltr'>debebant</span> 
     </span>
     <span class='ocr_line' id='line_1_12' title="bbox 214 595 1101 636; baseline -0.005 -6"><span class='ocrx_word' id='word_1_59' title='bbox 214 596 383 630; x_wconf 77' lang='lat' dir='ltr'>traducere</span> <span class='ocrx_word' id='word_1_60' title='bbox 397 596 432 629; x_wconf 89' lang='lat' dir='ltr'>in</span> <span class='ocrx_word' id='word_1_61' title='bbox 445 607 657 630; x_wconf 88' lang='lat' dir='ltr'>communem</span> <span class='ocrx_word' id='word_1_62' title='bbox 670 597 762 629; x_wconf 86' lang='lat' dir='ltr'>usum</span> <span class='ocrx_word' id='word_1_63' title='bbox 777 621 784 628; x_wconf 95' lang='lat'>.</span> <span class='ocrx_word' id='word_1_64' title='bbox 813 595 971 628; x_wconf 84' lang='lat' dir='ltr'>Pontifex</span> <span class='ocrx_word' id='word_1_65' title='bbox 986 595 1101 636; x_wconf 89' lang='lat' dir='ltr'>suppo-</span> 
     </span>
     <span class='ocr_line' id='line_1_13' title="bbox 215 644 1101 686; baseline -0.001 -8"><span class='ocrx_word' id='word_1_66' title='bbox 215 647 266 679; x_wconf 82' lang='lat' dir='ltr'>nit</span> <span class='ocrx_word' id='word_1_67' title='bbox 287 645 345 679; x_wconf 86' lang='lat' dir='ltr'>ista</span> <span class='ocrx_word' id='word_1_68' title='bbox 358 646 471 679; x_wconf 87' lang='lat' dir='ltr'>omnia</span> <span class='ocrx_word' id='word_1_69' title='bbox 483 647 547 680; x_wconf 83' lang='lat' dir='ltr'>effe</span> <span class='ocrx_word' id='word_1_70' title='bbox 557 647 705 680; x_wconf 85' lang='lat' dir='ltr'>obnoxia</span> <span class='ocrx_word' id='word_1_71' title='bbox 716 645 916 679; x_wconf 85' lang='lat' dir='ltr'>restitutioni</span> <span class='ocrx_word' id='word_1_72' title='bbox 931 669 937 676; x_wconf 94' lang='lat'>.</span> <span class='ocrx_word' id='word_1_73' title='bbox 967 644 1101 686; x_wconf 85' lang='lat' dir='ltr'>Utique</span> 
     </span>
     <span class='ocr_line' id='line_1_14' title="bbox 214 695 829 740; baseline -0.002 -12"><span class='ocrx_word' id='word_1_74' title='bbox 214 695 249 728; x_wconf 79' lang='lat' dir='ltr'>in</span> <span class='ocrx_word' id='word_1_75' title='bbox 262 706 416 739; x_wconf 80' lang='lat' dir='ltr'>pauperes</span> <span class='ocrx_word' id='word_1_76' title='bbox 428 721 439 736; x_wconf 93' lang='lat'>,</span> <span class='ocrx_word' id='word_1_77' title='bbox 464 707 519 730; x_wconf 88' lang='lat' dir='ltr'>aut</span> <span class='ocrx_word' id='word_1_78' title='bbox 532 697 612 731; x_wconf 82' lang='lat' dir='ltr'>alias</span> <span class='ocrx_word' id='word_1_79' title='bbox 622 696 689 740; x_wconf 87' lang='lat' dir='ltr'>pias</span> <span class='ocrx_word' id='word_1_80' title='bbox 702 697 829 730; x_wconf 79' lang='lat' dir='ltr'>causas.</span> 
     </span>
    </p>
   </div>
   <div class='ocr_carea' id='block_1_5' title="bbox 469 796 873 831">
    <p class='ocr_par' dir='ltr' id='par_1_5' title="bbox 469 796 873 831">
     <span class='ocr_line' id='line_1_15' title="bbox 469 796 873 831; baseline -0.01 0"><span class='ocrx_word' id='word_1_81' title='bbox 469 796 745 831; x_wconf 89' lang='lat' dir='ltr'>CAPUT</span> <span class='ocrx_word' id='word_1_82' title='bbox 827 796 873 830; x_wconf 90' lang='lat' dir='ltr'>V.</span> 
     </span>
    </p>
   </div>
   <div class='ocr_carea' id='block_1_6' title="bbox 207 895 1105 3581">
    <p class='ocr_par' dir='ltr' id='par_1_6' title="bbox 207 895 1105 3581">
     <span class='ocr_line' id='line_1_16' title="bbox 265 895 1052 941; baseline -0.003 -11"><span class='ocrx_word' id='word_1_83' title='bbox 265 901 314 931; x_wconf 81' lang='lat' dir='ltr'>An</span> <span class='ocrx_word' id='word_1_84' title='bbox 334 899 414 931; x_wconf 82' lang='lat' dir='ltr'>nullo</span> <span class='ocrx_word' id='word_1_85' title='bbox 437 902 471 931; x_wconf 70' lang='lat' dir='ltr'>tn</span> <span class='ocrx_word' id='word_1_86' title='bbox 493 896 562 939; x_wconf 86' lang='lat' dir='ltr'>casu</span> <span class='ocrx_word' id='word_1_87' title='bbox 583 899 669 930; x_wconf 84' lang='lat' dir='ltr'>liceat</span> <span class='ocrx_word' id='word_1_88' title='bbox 689 897 810 940; x_wconf 85' lang='lat' dir='ltr'>aliquid</span> <span class='ocrx_word' id='word_1_89' title='bbox 829 895 868 928; x_wconf 84' lang='lat' dir='ltr'>ab</span> <span class='ocrx_word' id='word_1_90' title='bbox 887 896 1052 941; x_wconf 77' lang='lat' dir='ltr'>ingredien-</span> 
     </span>
     <span class='ocr_line' id='line_1_17' title="bbox 314 947 779 993; baseline 0.002 -14"><span class='ocrx_word' id='word_1_91' title='bbox 314 948 318 953; x_wconf 88' lang='grc'><em>’</em></span> <span class='ocrx_word' id='word_1_92' title='bbox 531 947 612 980; x_wconf 86' lang='lat' dir='ltr'>tibus</span> <span class='ocrx_word' id='word_1_93' title='bbox 636 947 779 993; x_wconf 79' lang='lat' dir='ltr'>exigere?</span> 
     </span>
     <span class='ocr_line' id='line_1_18' title="bbox 289 995 1102 1039; baseline -0.004 -8"><span class='ocrx_word' id='word_1_94' title='bbox 289 997 386 1031; x_wconf 84' lang='lat' dir='ltr'>Rima</span> <span class='ocrx_word' id='word_1_95' title='bbox 425 997 559 1039; x_wconf 82' lang='lat' dir='ltr'>quaestio</span> <span class='ocrx_word' id='word_1_96' title='bbox 593 997 638 1031; x_wconf 83' lang='lat' dir='ltr'>est</span> <span class='ocrx_word' id='word_1_97' title='bbox 651 1023 661 1038; x_wconf 88' lang='lat'><em>,</em></span> <span class='ocrx_word' id='word_1_98' title='bbox 688 1010 730 1032; x_wconf 85' lang='lat' dir='ltr'>an</span> <span class='ocrx_word' id='word_1_99' title='bbox 757 996 802 1031; x_wconf 94' lang='lat' dir='ltr'>ob</span> <span class='ocrx_word' id='word_1_100' title='bbox 823 995 1016 1030; x_wconf 78' lang='lat' dir='ltr'>Monasierii</span> <span class='ocrx_word' id='word_1_101' title='bbox 1030 995 1102 1029; x_wconf 90' lang='lat' dir='ltr'>ino·</span> 
     </span>
     <span class='ocr_line' id='line_1_19' title="bbox 310 1044 1103 1093; baseline -0.003 -12"><span class='ocrx_word' id='word_1_102' title='bbox 310 1048 397 1090; x_wconf 87' lang='lat' dir='ltr'>piam</span> <span class='ocrx_word' id='word_1_103' title='bbox 422 1058 489 1081; x_wconf 90' lang='lat' dir='ltr'>non</span> <span class='ocrx_word' id='word_1_104' title='bbox 517 1047 612 1081; x_wconf 86' lang='lat' dir='ltr'>liceat</span> <span class='ocrx_word' id='word_1_105' title='bbox 644 1049 822 1093; x_wconf 87' lang='lat' dir='ltr'>quidquam</span> <span class='ocrx_word' id='word_1_106' title='bbox 845 1049 976 1091; x_wconf 83' lang='lat' dir='ltr'>exigere</span> <span class='ocrx_word' id='word_1_107' title='bbox 997 1047 1014 1077; x_wconf 70' lang='grc' dir='ltr'><em>ἓ</em></span> <span class='ocrx_word' id='word_1_108' title='bbox 1041 1044 1103 1079; x_wconf 86' lang='lat' dir='ltr'>Ra-</span> 
     </span>
     <span class='ocr_line' id='line_1_20' title="bbox 213 1095 1100 1141; baseline -0.005 -10"><span class='ocrx_word' id='word_1_109' title='bbox 213 1097 345 1131; x_wconf 77' lang='lat' dir='ltr'>tionem</span> <span class='ocrx_word' id='word_1_110' title='bbox 366 1097 541 1131; x_wconf 88' lang='lat' dir='ltr'>dubitandi</span> <span class='ocrx_word' id='word_1_111' title='bbox 555 1098 632 1132; x_wconf 88' lang='lat' dir='ltr'>facit</span> <span class='ocrx_word' id='word_1_112' title='bbox 644 1098 735 1141; x_wconf 67' lang='lat' dir='ltr'>supra</span> <span class='ocrx_word' id='word_1_113' title='bbox 746 1098 902 1131; x_wconf 67' lang='lat' dir='ltr'>adductus</span> <span class='ocrx_word' id='word_1_114' title='bbox 914 1097 949 1129; x_wconf 89' lang='lat' dir='ltr'>ln</span> <span class='ocrx_word' id='word_1_115' title='bbox 956 1095 1100 1129; x_wconf 86' lang='lat' dir='ltr'>nocentii</span> 
     </span>
     <span class='ocr_line' id='line_1_21' title="bbox 212 1145 1101 1190; baseline -0.004 -10"><span class='ocrx_word' id='word_1_116' title='bbox 212 1145 270 1180; x_wconf 85' lang='lat'>111.</span> <span class='ocrx_word' id='word_1_117' title='bbox 285 1147 317 1180; x_wconf 93' lang='lat' dir='ltr'>in</span> <span class='ocrx_word' id='word_1_118' title='bbox 331 1145 537 1181; x_wconf 77' lang='lat' dir='ltr'>Lateranen‘fi</span> <span class='ocrx_word' id='word_1_119' title='bbox 564 1148 703 1190; x_wconf 82' lang='lat' dir='ltr'>synodo</span> <span class='ocrx_word' id='word_1_120' title='bbox 728 1148 848 1181; x_wconf 89' lang='lat' dir='ltr'>Canon</span> <span class='ocrx_word' id='word_1_121' title='bbox 863 1160 871 1179; x_wconf 73' lang='grc' dir='ltr'>ε</span> <span class='ocrx_word' id='word_1_122' title='bbox 904 1150 1101 1188; x_wconf 83' lang='lat' dir='ltr'>Paupertatis</span> 
     </span>
     <span class='ocr_line' id='line_1_22' title="bbox 208 1196 1105 1241; baseline 0 -13"><span class='ocrx_word' id='word_1_123' title='bbox 208 1206 366 1238; x_wconf 74' lang='lat' dir='ltr'>pretextu</span> <span class='ocrx_word' id='word_1_124' title='bbox 392 1198 524 1230; x_wconf 77' lang='lat' dir='ltr'>volentes</span> <span class='ocrx_word' id='word_1_125' title='bbox 548 1197 714 1241; x_wconf 79' lang='lat' dir='ltr'>hujusmodi</span> <span class='ocrx_word' id='word_1_126' title='bbox 738 1204 846 1231; x_wconf 81' lang='lat' dir='ltr'>vitium</span> <span class='ocrx_word' id='word_1_127' title='bbox 863 1198 1011 1239; x_wconf 78' lang='lat' dir='ltr'>palliare.</span> <span class='ocrx_word' id='word_1_128' title='bbox 1042 1196 1105 1228; x_wconf 88' lang='lat' dir='ltr'>Re-</span> 
     </span>
     <span class='ocr_line' id='line_1_23' title="bbox 213 1247 1103 1292; baseline -0.002 -12"><span class='ocrx_word' id='word_1_129' title='bbox 213 1247 380 1289; x_wconf 84' lang='lat' dir='ltr'>spondeo,</span> <span class='ocrx_word' id='word_1_130' title='bbox 410 1248 585 1282; x_wconf 80' lang='lat' dir='ltr'>canonem</span> <span class='ocrx_word' id='word_1_131' title='bbox 599 1249 721 1292; x_wconf 84' lang='lat' dir='ltr'>exponi</span> <span class='ocrx_word' id='word_1_132' title='bbox 736 1250 753 1281; x_wconf 75' lang='lat' dir='ltr'>a</span> <span class='ocrx_word' id='word_1_133' title='bbox 775 1248 900 1291; x_wconf 79' lang='lat' dir='ltr'>Jacobo</span> <span class='ocrx_word' id='word_1_134' title='bbox 924 1247 1103 1280; x_wconf 78' lang='lat' dir='ltr'>cardinale</span> 
     </span>
     <span class='ocr_line' id='line_1_24' title="bbox 214 1296 1098 1337; baseline -0.001 -8"><span class='ocrx_word' id='word_1_135' title='bbox 214 1296 256 1329; x_wconf 89' lang='lat' dir='ltr'>de</span> <span class='ocrx_word' id='word_1_136' title='bbox 269 1296 421 1331; x_wconf 89' lang='lat' dir='ltr'>Vitriaco</span> <span class='ocrx_word' id='word_1_137' title='bbox 436 1322 446 1337; x_wconf 93' lang='lat'>,</span> <span class='ocrx_word' id='word_1_138' title='bbox 473 1309 542 1330; x_wconf 91' lang='lat' dir='ltr'>uno</span> <span class='ocrx_word' id='word_1_139' title='bbox 563 1310 602 1331; x_wconf 90' lang='lat' dir='ltr'>ex</span> <span class='ocrx_word' id='word_1_140' title='bbox 626 1298 776 1331; x_wconf 86' lang='lat' dir='ltr'>Patribus</span> <span class='ocrx_word' id='word_1_141' title='bbox 799 1297 887 1331; x_wconf 83' lang='lat' dir='ltr'>istius</span> <span class='ocrx_word' id='word_1_142' title='bbox 914 1296 1062 1330; x_wconf 79' lang='lat' dir='ltr'>Concilii</span> <span class='ocrx_word' id='word_1_143' title='bbox 1092 1320 1098 1327; x_wconf 88' lang='lat'>.</span> 
     </span>
     <span class='ocr_line' id='line_1_25' title="bbox 215 1345 1100 1388; baseline -0.003 -9"><span class='ocrx_word' id='word_1_144' title='bbox 215 1345 346 1381; x_wconf 77' lang='lat' dir='ltr'>Laudat</span> <span class='ocrx_word' id='word_1_145' title='bbox 355 1347 605 1381; x_wconf 79' lang='lat' dir='ltr'>cisterciensem</span> <span class='ocrx_word' id='word_1_146' title='bbox 617 1347 779 1382; x_wconf 84' lang='lat' dir='ltr'>Ordinem</span> <span class='ocrx_word' id='word_1_147' title='bbox 795 1372 806 1386; x_wconf 93' lang='lat'>‚</span> <span class='ocrx_word' id='word_1_148' title='bbox 832 1346 976 1388; x_wconf 79' lang='lat' dir='ltr'>deplorat</span> <span class='ocrx_word' id='word_1_149' title='bbox 994 1345 1100 1386; x_wconf 86' lang='lat' dir='ltr'>depra-</span> 
     </span>
     <span class='ocr_line' id='line_1_26' title="bbox 217 1394 1101 1439; baseline -0.003 -11"><span class='ocrx_word' id='word_1_150' title='bbox 217 1405 310 1429; x_wconf 86' lang='lat' dir='ltr'>vatos</span> <span class='ocrx_word' id='word_1_151' title='bbox 323 1397 370 1429; x_wconf 91' lang='lat' dir='ltr'>sui</span> <span class='ocrx_word' id='word_1_152' title='bbox 384 1397 487 1429; x_wconf 81' lang='lat' dir='ltr'>saeculi</span> <span class='ocrx_word' id='word_1_153' title='bbox 501 1408 605 1430; x_wconf 89' lang='lat' dir='ltr'>mores</span> <span class='ocrx_word' id='word_1_154' title='bbox 631 1421 641 1434; x_wconf 94' lang='lat'><em>‚</em></span> <span class='ocrx_word' id='word_1_155' title='bbox 670 1407 769 1439; x_wconf 86' lang='lat' dir='ltr'>atque</span> <span class='ocrx_word' id='word_1_156' title='bbox 788 1394 1010 1438; x_wconf 80' lang='lat' dir='ltr'>prosequitur:</span> <span class='ocrx_word' id='word_1_157' title='bbox 1040 1398 1101 1426; x_wconf 90' lang='lat' dir='ltr'>Deo</span> 
     </span>
     <span class='ocr_line' id='line_1_27' title="bbox 216 1444 1101 1488; baseline -0.003 -11"><span class='ocrx_word' id='word_1_158' title='bbox 216 1445 336 1486; x_wconf 61' lang='lat' dir='ltr'>devotae</span> <span class='ocrx_word' id='word_1_159' title='bbox 346 1450 482 1488; x_wconf 71' lang='lat' dir='ltr'>virgines</span> <span class='ocrx_word' id='word_1_160' title='bbox 494 1469 504 1484; x_wconf 92' lang='lat'>‚</span> <span class='ocrx_word' id='word_1_161' title='bbox 530 1447 565 1478; x_wconf 60' lang='grc' dir='ltr'>Θ</span> <span class='ocrx_word' id='word_1_162' title='bbox 586 1445 701 1488; x_wconf 70' lang='lat' dir='ltr'>sam‘Iae</span> <span class='ocrx_word' id='word_1_163' title='bbox 723 1445 859 1478; x_wconf 83' lang='lat' dir='ltr'>mulieres</span> <span class='ocrx_word' id='word_1_164' title='bbox 871 1468 880 1483; x_wconf 96' lang='lat'>,</span> <span class='ocrx_word' id='word_1_165' title='bbox 898 1444 1026 1486; x_wconf 82' lang='lat' dir='ltr'>fervore</span> <span class='ocrx_word' id='word_1_166' title='bbox 1038 1446 1101 1485; x_wconf 81' lang='lat' dir='ltr'>Spi-</span> 
     </span>
     <span class='ocr_line' id='line_1_28' title="bbox 215 1493 1099 1535; baseline -0.003 -7"><span class='ocrx_word' id='word_1_167' title='bbox 215 1501 293 1529; x_wconf 85' lang='lat' dir='ltr'>ritus</span> <span class='ocrx_word' id='word_1_168' title='bbox 306 1496 341 1528; x_wconf 58' lang='lat' dir='ltr'>t&amp;</span> <span class='ocrx_word' id='word_1_169' title='bbox 353 1493 491 1535; x_wconf 68' lang='lat' dir='ltr'>defiderio</span> <span class='ocrx_word' id='word_1_170' title='bbox 493 1494 672 1535; x_wconf 70' lang='lat' dir='ltr'>foemineum</span> <span class='ocrx_word' id='word_1_171' title='bbox 693 1502 829 1528; x_wconf 86' lang='lat' dir='ltr'>animum</span> <span class='ocrx_word' id='word_1_172' title='bbox 841 1502 979 1528; x_wconf 80' lang='lat' dir='ltr'>exuentes</span> <span class='ocrx_word' id='word_1_173' title='bbox 993 1518 1003 1533; x_wconf 92' lang='lat'>‚</span> <span class='ocrx_word' id='word_1_174' title='bbox 1031 1505 1099 1526; x_wconf 79' lang='lat' dir='ltr'>eva-</span> 
     </span>
     <span class='ocr_line' id='line_1_29' title="bbox 214 1537 1101 1589; baseline -0.005 -10"><span class='ocrx_word' id='word_1_175' title='bbox 214 1537 322 1579; x_wconf 74' lang='lat' dir='ltr'>dentes</span> <span class='ocrx_word' id='word_1_176' title='bbox 336 1546 441 1577; x_wconf 81' lang='lat' dir='ltr'>m&#39;undi</span> <span class='ocrx_word' id='word_1_177' title='bbox 464 1544 657 1589; x_wconf 74' lang='lat' dir='ltr'>naufragium</span> <span class='ocrx_word' id='word_1_178' title='bbox 676 1569 686 1583; x_wconf 93' lang='lat'>‚</span> <span class='ocrx_word' id='word_1_179' title='bbox 713 1547 758 1577; x_wconf 84' lang='lat' dir='ltr'>ad</span> <span class='ocrx_word' id='word_1_180' title='bbox 778 1547 976 1587; x_wconf 84' lang='lat' dir='ltr'>tranquillum</span> <span class='ocrx_word' id='word_1_181' title='bbox 995 1544 1101 1583; x_wconf 74' lang='lat' dir='ltr'>Cister-</span> 
     </span>
     <span class='ocr_line' id='line_1_30' title="bbox 211 1594 1101 1639; baseline -0.002 -11"><span class='ocrx_word' id='word_1_182' title='bbox 211 1594 315 1638; x_wconf 78' lang='lat' dir='ltr'>cienfis</span> <span class='ocrx_word' id='word_1_183' title='bbox 329 1597 453 1627; x_wconf 82' lang='lat' dir='ltr'>ordinis</span> <span class='ocrx_word' id='word_1_184' title='bbox 463 1604 584 1637; x_wconf 84' lang='lat' dir='ltr'>portum</span> <span class='ocrx_word' id='word_1_185' title='bbox 597 1620 606 1634; x_wconf 86' lang='lat'>,</span> <span class='ocrx_word' id='word_1_186' title='bbox 634 1596 775 1637; x_wconf 83' lang='lat' dir='ltr'>affumpto</span> <span class='ocrx_word' id='word_1_187' title='bbox 799 1597 976 1639; x_wconf 77' lang='lat' dir='ltr'>regulariter</span> <span class='ocrx_word' id='word_1_188' title='bbox 997 1594 1101 1626; x_wconf 83' lang='lat' dir='ltr'>habitu</span> 
     </span>
     <span class='ocr_line' id='line_1_31' title="bbox 215 1639 1105 1689; baseline -0.002 -11"><span class='ocrx_word' id='word_1_189' title='bbox 215 1643 413 1686; x_wconf 70' lang='lat' dir='ltr'>tranfierunt.</span> <span class='ocrx_word' id='word_1_190' title='bbox 443 1645 517 1677; x_wconf 68' lang='lat' dir='ltr'>AliIs</span> <span class='ocrx_word' id='word_1_191' title='bbox 525 1639 603 1678; x_wconf 76' lang='lat' dir='ltr'>enim</span> <span class='ocrx_word' id='word_1_192' title='bbox 617 1646 792 1678; x_wconf 72' lang='lat' dir='ltr'>Monialium</span> <span class='ocrx_word' id='word_1_193' title='bbox 805 1644 1105 1689; x_wconf 75' lang='lat' dir='ltr'>Congregationibus‚</span> 
     </span>
     <span class='ocr_line' id='line_1_32' title="bbox 209 1694 1104 1738; baseline 0 -11"><span class='ocrx_word' id='word_1_194' title='bbox 209 1695 337 1738; x_wconf 73' lang='lat' dir='ltr'>propter</span> <span class='ocrx_word' id='word_1_195' title='bbox 358 1700 480 1727; x_wconf 79' lang='lat' dir='ltr'>nimiam</span> <span class='ocrx_word' id='word_1_196' title='bbox 502 1701 580 1729; x_wconf 85' lang='lat' dir='ltr'>vitae</span> <span class='ocrx_word' id='word_1_197' title='bbox 600 1696 832 1738; x_wconf 83' lang='lat' dir='ltr'>dissolutionem,</span> <span class='ocrx_word' id='word_1_198' title='bbox 857 1694 959 1738; x_wconf 74' lang='lat' dir='ltr'>secure</span> <span class='ocrx_word' id='word_1_199' title='bbox 974 1694 1007 1737; x_wconf 86' lang='lat' dir='ltr'>se</span> <span class='ocrx_word' id='word_1_200' title='bbox 1028 1706 1104 1727; x_wconf 84' lang='lat' dir='ltr'>com—</span> 
     </span>
     <span class='ocr_line' id='line_1_33' title="bbox 216 1744 1104 1786; baseline 0 -9"><span class='ocrx_word' id='word_1_201' title='bbox 216 1749 335 1778; x_wconf 85' lang='lat' dir='ltr'>mittere</span> <span class='ocrx_word' id='word_1_202' title='bbox 347 1756 404 1777; x_wconf 77' lang='lat' dir='ltr'>non</span> <span class='ocrx_word' id='word_1_203' title='bbox 416 1744 588 1778; x_wconf 82' lang='lat' dir='ltr'>audebant.</span> <span class='ocrx_word' id='word_1_204' title='bbox 614 1747 663 1778; x_wconf 73' lang='lat' dir='ltr'>Ad</span> <span class='ocrx_word' id='word_1_205' title='bbox 672 1754 791 1779; x_wconf 87' lang='lat' dir='ltr'>tantam</span> <span class='ocrx_word' id='word_1_206' title='bbox 804 1751 880 1779; x_wconf 87' lang='lat' dir='ltr'>enim</span> <span class='ocrx_word' id='word_1_207' title='bbox 891 1751 1104 1786; x_wconf 71' lang='lat' dir='ltr'>corruptionem</span> 
     </span>
     <span class='ocr_line' id='line_1_34' title="bbox 214 1795 1104 1839; baseline -0.001 -11"><span class='ocrx_word' id='word_1_208' title='bbox 214 1796 251 1839; x_wconf 60' lang='grc' dir='ltr'>ᾤ’</span> <span class='ocrx_word' id='word_1_209' title='bbox 262 1795 408 1836; x_wconf 67' lang='lat' dir='ltr'>defee‘lum</span> <span class='ocrx_word' id='word_1_210' title='bbox 419 1795 587 1837; x_wconf 80' lang='lat' dir='ltr'>claustrales</span> <span class='ocrx_word' id='word_1_211' title='bbox 608 1796 744 1830; x_wconf 85' lang='lat' dir='ltr'>mulieres</span> <span class='ocrx_word' id='word_1_212' title='bbox 768 1796 873 1837; x_wconf 84' lang='lat' dir='ltr'>ubique</span> <span class='ocrx_word' id='word_1_213' title='bbox 879 1795 946 1836; x_wconf 61' lang='lat' dir='ltr'>fere</span> <span class='ocrx_word' id='word_1_214' title='bbox 971 1797 1104 1827; x_wconf 66' lang='lat' dir='ltr'>deveneu</span> 
     </span>
     <span class='ocr_line' id='line_1_35' title="bbox 213 1845 1099 1890; baseline -0.002 -11"><span class='ocrx_word' id='word_1_215' title='bbox 213 1855 288 1879; x_wconf 68' lang='lat' dir='ltr'>rant</span> <span class='ocrx_word' id='word_1_216' title='bbox 301 1870 311 1884; x_wconf 91' lang='lat'>,</span> <span class='ocrx_word' id='word_1_217' title='bbox 337 1847 419 1887; x_wconf 73' lang='lat' dir='ltr'>quod</span> <span class='ocrx_word' id='word_1_218' title='bbox 429 1847 472 1878; x_wconf 88' lang='lat' dir='ltr'>ad</span> <span class='ocrx_word' id='word_1_219' title='bbox 480 1858 531 1879; x_wconf 84' lang='lat' dir='ltr'>eas</span> <span class='ocrx_word' id='word_1_220' title='bbox 549 1854 648 1879; x_wconf 86' lang='lat' dir='ltr'>tutum</span> <span class='ocrx_word' id='word_1_221' title='bbox 677 1846 826 1890; x_wconf 81' lang='lat' dir='ltr'>refugium</span> <span class='ocrx_word' id='word_1_222' title='bbox 844 1858 899 1878; x_wconf 87' lang='lat' dir='ltr'>non</span> <span class='ocrx_word' id='word_1_223' title='bbox 911 1845 1065 1878; x_wconf 86' lang='lat' dir='ltr'>habebant</span> <span class='ocrx_word' id='word_1_224' title='bbox 1092 1871 1099 1877; x_wconf 89' lang='lat'>.</span> 
     </span>
     <span class='ocr_line' id='line_1_36' title="bbox 220 1895 1103 1939; baseline -0.002 -11"><span class='ocrx_word' id='word_1_225' title='bbox 220 1897 327 1938; x_wconf 69' lang='lat' dir='ltr'>,Quam</span> <span class='ocrx_word' id='word_1_226' title='bbox 338 1903 418 1929; x_wconf 87' lang='lat' dir='ltr'>enim</span> <span class='ocrx_word' id='word_1_227' title='bbox 427 1895 621 1939; x_wconf 81' lang='lat' dir='ltr'>periculosum</span> <span class='ocrx_word' id='word_1_228' title='bbox 626 1896 664 1939; x_wconf 81' lang='lat' dir='ltr'>fit</span> <span class='ocrx_word' id='word_1_229' title='bbox 678 1900 712 1930; x_wconf 65' lang='grc'>(9</span> <span class='ocrx_word' id='word_1_230' title='bbox 724 1897 840 1938; x_wconf 78' lang='lat' dir='ltr'>difficile</span> <span class='ocrx_word' id='word_1_231' title='bbox 853 1921 862 1935; x_wconf 97' lang='lat'>,</span> <span class='ocrx_word' id='word_1_232' title='bbox 889 1902 968 1929; x_wconf 78' lang='lat' dir='ltr'>inter</span> <span class='ocrx_word' id='word_1_233' title='bbox 980 1897 1103 1937; x_wconf 76' lang='lat' dir='ltr'>impudi-</span> 
     </span>
     <span class='ocr_line' id='line_1_37' title="bbox 218 1945 1103 1989; baseline 0.002 -13"><span class='ocrx_word' id='word_1_234' title='bbox 218 1956 273 1977; x_wconf 81' lang='lat' dir='ltr'>cas</span> <span class='ocrx_word' id='word_1_235' title='bbox 284 1945 446 1984; x_wconf 80' lang='lat' dir='ltr'>castitatem</span> <span class='ocrx_word' id='word_1_236' title='bbox 457 1945 632 1989; x_wconf 82' lang='lat' dir='ltr'>conservare</span> <span class='ocrx_word' id='word_1_237' title='bbox 645 1971 654 1986; x_wconf 93' lang='lat'>,</span> <span class='ocrx_word' id='word_1_238' title='bbox 668 1958 751 1980; x_wconf 88' lang='lat' dir='ltr'>nemo</span> <span class='ocrx_word' id='word_1_239' title='bbox 764 1947 885 1979; x_wconf 79' lang='lat' dir='ltr'>dubitat</span> <span class='ocrx_word' id='word_1_240' title='bbox 899 1969 908 1984; x_wconf 90' lang='lat'>,</span> <span class='ocrx_word' id='word_1_241' title='bbox 934 1952 986 1988; x_wconf 84' lang='lat' dir='ltr'>qui</span> <span class='ocrx_word' id='word_1_242' title='bbox 997 1946 1103 1978; x_wconf 83' lang='lat' dir='ltr'>talium</span> 
     </span>
     <span class='ocr_line' id='line_1_38' title="bbox 220 1995 1105 2038; baseline 0.002 -13"><span class='ocrx_word' id='word_1_243' title='bbox 220 1996 379 2026; x_wconf 77' lang='lat' dir='ltr'>mulierum</span> <span class='ocrx_word' id='word_1_244' title='bbox 390 1997 468 2028; x_wconf 80' lang='lat' dir='ltr'>mille</span> <span class='ocrx_word' id='word_1_245' title='bbox 479 2005 561 2028; x_wconf 81' lang='lat' dir='ltr'>artes</span> <span class='ocrx_word' id='word_1_246' title='bbox 574 1999 607 2028; x_wconf 60' lang='grc' dir='ltr'>(ν</span> <span class='ocrx_word' id='word_1_247' title='bbox 619 1995 760 2036; x_wconf 76' lang='lat' dir='ltr'>maleficta</span> <span class='ocrx_word' id='word_1_248' title='bbox 772 2007 829 2027; x_wconf 87' lang='lat' dir='ltr'>non</span> <span class='ocrx_word' id='word_1_249' title='bbox 841 2001 959 2038; x_wconf 55' lang='lat' dir='ltr'>ignorat</span> <span class='ocrx_word' id='word_1_250' title='bbox 971 2019 977 2024; x_wconf 89' lang='lat'>.</span> <span class='ocrx_word' id='word_1_251' title='bbox 1004 1997 1023 2026; x_wconf 85' lang='lat'><em>5</em></span> <span class='ocrx_word' id='word_1_252' title='bbox 1025 1997 1063 2027; x_wconf 84' lang='lat' dir='ltr'>ed</span> <span class='ocrx_word' id='word_1_253' title='bbox 1072 1998 1105 2029; x_wconf 69' lang='grc'>6·</span> 
     </span>
     <span class='ocr_line' id='line_1_39' title="bbox 219 2043 1102 2088; baseline 0.005 -15"><span class='ocrx_word' id='word_1_254' title='bbox 219 2044 322 2085; x_wconf 81' lang='lat' dir='ltr'>paffim</span> <span class='ocrx_word' id='word_1_255' title='bbox 334 2045 368 2077; x_wconf 59' lang='grc' dir='ltr'>(ν</span> <span class='ocrx_word' id='word_1_256' title='bbox 375 2043 492 2085; x_wconf 75' lang='lat' dir='ltr'>publice</span> <span class='ocrx_word' id='word_1_257' title='bbox 500 2053 556 2085; x_wconf 87' lang='lat' dir='ltr'>pro</span> <span class='ocrx_word' id='word_1_258' title='bbox 566 2043 729 2088; x_wconf 73' lang='lat' dir='ltr'>miserabili</span> <span class='ocrx_word' id='word_1_259' title='bbox 747 2045 987 2082; x_wconf 83' lang='lat' dir='ltr'>Monasleriorum</span> <span class='ocrx_word' id='word_1_260' title='bbox 999 2044 1102 2088; x_wconf 82' lang='lat' dir='ltr'>ingres</span> 
     </span>
     <span class='ocr_line' id='line_1_40' title="bbox 218 2092 1104 2138; baseline 0 -12"><span class='ocrx_word' id='word_1_261' title='bbox 218 2092 257 2136; x_wconf 88' lang='lat' dir='ltr'>su</span> <span class='ocrx_word' id='word_1_262' title='bbox 267 2099 426 2135; x_wconf 76' lang='lat' dir='ltr'>pecuniam</span> <span class='ocrx_word' id='word_1_263' title='bbox 437 2094 599 2138; x_wconf 78' lang='lat' dir='ltr'>exigebant</span> <span class='ocrx_word' id='word_1_264' title='bbox 611 2118 621 2133; x_wconf 95' lang='lat'>,</span> <span class='ocrx_word' id='word_1_265' title='bbox 646 2096 813 2138; x_wconf 79' lang='lat' dir='ltr'>allegantes</span> <span class='ocrx_word' id='word_1_266' title='bbox 832 2093 921 2136; x_wconf 82' lang='lat' dir='ltr'>suam</span> <span class='ocrx_word' id='word_1_267' title='bbox 941 2102 1104 2135; x_wconf 82' lang='lat' dir='ltr'>pauperta-</span> 
     </span>
     <span class='ocr_line' id='line_1_41' title="bbox 222 2143 1103 2185; baseline 0 -9"><span class='ocrx_word' id='word_1_268' title='bbox 222 2153 284 2176; x_wconf 82' lang='lat' dir='ltr'>tem</span> <span class='ocrx_word' id='word_1_269' title='bbox 293 2167 303 2182; x_wconf 91' lang='lat'>,</span> <span class='ocrx_word' id='word_1_270' title='bbox 329 2144 364 2175; x_wconf 68' lang='grc' dir='ltr'><em>Θ</em></span> <span class='ocrx_word' id='word_1_271' title='bbox 375 2145 411 2176; x_wconf 87' lang='lat' dir='ltr'>de</span> <span class='ocrx_word' id='word_1_272' title='bbox 423 2146 547 2176; x_wconf 84' lang='lat' dir='ltr'>5imonis</span> <span class='ocrx_word' id='word_1_273' title='bbox 560 2143 684 2176; x_wconf 68' lang='lat' dir='ltr'>crimine</span> <span class='ocrx_word' id='word_1_274' title='bbox 691 2145 806 2185; x_wconf 85' lang='lat' dir='ltr'>peffimo</span> <span class='ocrx_word' id='word_1_275' title='bbox 816 2150 873 2175; x_wconf 80' lang='lat' dir='ltr'>non</span> <span class='ocrx_word' id='word_1_276' title='bbox 884 2153 1023 2176; x_wconf 80' lang='lat' dir='ltr'>curantes</span> <span class='ocrx_word' id='word_1_277' title='bbox 1050 2147 1103 2176; x_wconf 88' lang='lat' dir='ltr'>Do-</span> 
     </span>
     <span class='ocr_line' id='line_1_42' title="bbox 220 2193 1100 2236; baseline 0 -11"><span class='ocrx_word' id='word_1_278' title='bbox 220 2196 453 2225; x_wconf 79' lang='lat' dir='ltr'>mumorattonis</span> <span class='ocrx_word' id='word_1_279' title='bbox 468 2197 500 2224; x_wconf 77' lang='lat' dir='ltr'>in</span> <span class='ocrx_word' id='word_1_280' title='bbox 513 2198 718 2236; x_wconf 76' lang='lat' dir='ltr'>negotiationis</span> <span class='ocrx_word' id='word_1_281' title='bbox 725 2193 832 2234; x_wconf 83' lang='lat' dir='ltr'>forum</span> <span class='ocrx_word' id='word_1_282' title='bbox 853 2193 1065 2226; x_wconf 83' lang='lat' dir='ltr'>convertebant</span> <span class='ocrx_word' id='word_1_283' title='bbox 1093 2220 1100 2225; x_wconf 93' lang='lat'>.</span> 
     </span>
     <span class='ocr_line' id='line_1_43' title="bbox 211 2240 1103 2287; baseline 0.002 -13"><span class='ocrx_word' id='word_1_284' title='bbox 211 2240 289 2274; x_wconf 81' lang='lat' dir='ltr'>&#39;Istae</span> <span class='ocrx_word' id='word_1_285' title='bbox 302 2241 466 2275; x_wconf 80' lang='lat' dir='ltr'>Moniales</span> <span class='ocrx_word' id='word_1_286' title='bbox 479 2242 629 2276; x_wconf 86' lang='lat' dir='ltr'>vivebant</span> <span class='ocrx_word' id='word_1_287' title='bbox 653 2244 717 2276; x_wconf 84' lang='lat' dir='ltr'>fine</span> <span class='ocrx_word' id='word_1_288' title='bbox 741 2243 912 2285; x_wconf 82' lang='lat' dir='ltr'>disciplina</span> <span class='ocrx_word' id='word_1_289' title='bbox 925 2268 935 2283; x_wconf 95' lang='lat'>‚</span> <span class='ocrx_word' id='word_1_290' title='bbox 964 2244 1103 2287; x_wconf 86' lang='lat' dir='ltr'>ideoque</span> 
     </span>
     <span class='ocr_line' id='line_1_44' title="bbox 219 2292 1100 2336; baseline 0.003 -12"><span class='ocrx_word' id='word_1_291' title='bbox 219 2292 334 2325; x_wconf 86' lang='lat' dir='ltr'>omnia</span> <span class='ocrx_word' id='word_1_292' title='bbox 348 2293 488 2335; x_wconf 84' lang='lat' dir='ltr'>ipsarum</span> <span class='ocrx_word' id='word_1_293' title='bbox 501 2292 586 2326; x_wconf 85' lang='lat' dir='ltr'>bona</span> <span class='ocrx_word' id='word_1_294' title='bbox 599 2293 759 2327; x_wconf 82' lang='lat' dir='ltr'>cadebant</span> <span class='ocrx_word' id='word_1_295' title='bbox 772 2295 804 2326; x_wconf 89' lang='lat' dir='ltr'>in</span> <span class='ocrx_word' id='word_1_296' title='bbox 819 2296 981 2336; x_wconf 73' lang='lat' dir='ltr'>pertusum</span> <span class='ocrx_word' id='word_1_297' title='bbox 997 2295 1100 2327; x_wconf 80' lang='lat' dir='ltr'>saccu-</span> 
     </span>
     <span class='ocr_line' id='line_1_45' title="bbox 219 2340 1103 2386; baseline 0.006 -13"><span class='ocrx_word' id='word_1_298' title='bbox 219 2340 308 2374; x_wconf 85' lang='lat' dir='ltr'>lum.</span> <span class='ocrx_word' id='word_1_299' title='bbox 339 2341 379 2374; x_wconf 90' lang='lat' dir='ltr'>Et</span> <span class='ocrx_word' id='word_1_300' title='bbox 392 2343 490 2376; x_wconf 86' lang='lat' dir='ltr'>talem</span> <span class='ocrx_word' id='word_1_301' title='bbox 507 2352 725 2386; x_wconf 85' lang='lat' dir='ltr'>paupertatem</span> <span class='ocrx_word' id='word_1_302' title='bbox 738 2343 885 2378; x_wconf 88' lang='lat' dir='ltr'>Simonia</span> <span class='ocrx_word' id='word_1_303' title='bbox 901 2356 966 2377; x_wconf 92' lang='lat' dir='ltr'>non</span> <span class='ocrx_word' id='word_1_304' title='bbox 981 2344 1067 2378; x_wconf 83' lang='lat' dir='ltr'>levat</span> <span class='ocrx_word' id='word_1_305' title='bbox 1093 2367 1103 2382; x_wconf 92' lang='lat'>‚</span> 
     </span>
     <span class='ocr_line' id='line_1_46' title="bbox 218 2391 1101 2437; baseline 0.003 -13"><span class='ocrx_word' id='word_1_306' title='bbox 218 2391 276 2425; x_wconf 82' lang='lat' dir='ltr'>sed</span> <span class='ocrx_word' id='word_1_307' title='bbox 289 2400 402 2436; x_wconf 85' lang='lat' dir='ltr'>auget.</span> <span class='ocrx_word' id='word_1_308' title='bbox 434 2393 528 2426; x_wconf 89' lang='lat' dir='ltr'>Hinc</span> <span class='ocrx_word' id='word_1_309' title='bbox 548 2393 678 2427; x_wconf 88' lang='lat' dir='ltr'>laudata</span> <span class='ocrx_word' id='word_1_310' title='bbox 703 2394 926 2428; x_wconf 83' lang='lat' dir='ltr'>Lateranenfis</span> <span class='ocrx_word' id='word_1_311' title='bbox 947 2395 1101 2437; x_wconf 87' lang='lat' dir='ltr'>Synodus</span> 
     </span>
     <span class='ocr_line' id='line_1_47' title="bbox 219 2441 1099 2484; baseline 0.005 -10"><span class='ocrx_word' id='word_1_312' title='bbox 219 2441 303 2475; x_wconf 65' lang='lat' dir='ltr'>reste</span> <span class='ocrx_word' id='word_1_313' title='bbox 320 2442 405 2475; x_wconf 89' lang='lat' dir='ltr'>dixit</span> <span class='ocrx_word' id='word_1_314' title='bbox 419 2442 487 2476; x_wconf 78' lang='lat' dir='ltr'>istis</span> <span class='ocrx_word' id='word_1_315' title='bbox 497 2444 724 2478; x_wconf 61' lang='lat' dir='ltr'>exactionibus</span> <span class='ocrx_word' id='word_1_316' title='bbox 738 2455 802 2476; x_wconf 90' lang='lat' dir='ltr'>non</span> <span class='ocrx_word' id='word_1_317' title='bbox 813 2445 875 2477; x_wconf 70' lang='lat' dir='ltr'>ess-e</span> <span class='ocrx_word' id='word_1_318' title='bbox 888 2446 1034 2484; x_wconf 82' lang='lat' dir='ltr'>titulum,</span> <span class='ocrx_word' id='word_1_319' title='bbox 1048 2445 1099 2478; x_wconf 83' lang='lat' dir='ltr'>sed</span> 
     </span>
     <span class='ocr_line' id='line_1_48' title="bbox 217 2493 1098 2538; baseline 0.006 -15"><span class='ocrx_word' id='word_1_320' title='bbox 217 2501 430 2534; x_wconf 62' lang='lat' dir='ltr'>praetextum,</span> <span class='ocrx_word' id='word_1_321' title='bbox 455 2493 593 2536; x_wconf 90' lang='lat' dir='ltr'>ideoque</span> <span class='ocrx_word' id='word_1_322' title='bbox 605 2495 687 2536; x_wconf 86' lang='lat' dir='ltr'>ipsas</span> <span class='ocrx_word' id='word_1_323' title='bbox 698 2495 761 2527; x_wconf 71' lang='lat' dir='ltr'>effe</span> <span class='ocrx_word' id='word_1_324' title='bbox 776 2494 871 2538; x_wconf 74' lang='lat' dir='ltr'>plene</span> <span class='ocrx_word' id='word_1_325' title='bbox 892 2495 1079 2528; x_wconf 82' lang='lat' dir='ltr'>simoniacas</span> <span class='ocrx_word' id='word_1_326' title='bbox 1094 2521 1098 2527; x_wconf 95' lang='lat'>.</span> 
     </span>
     <span class='ocr_line' id='line_1_49' title="bbox 212 2541 1098 2587; baseline 0.007 -15"><span class='ocrx_word' id='word_1_327' title='bbox 212 2547 215 2550; x_wconf 87' lang='lat'>&#39;</span> <span class='ocrx_word' id='word_1_328' title='bbox 272 2541 367 2574; x_wconf 87' lang='lat' dir='ltr'>Hinc</span> <span class='ocrx_word' id='word_1_329' title='bbox 389 2542 526 2584; x_wconf 87' lang='lat' dir='ltr'>superest</span> <span class='ocrx_word' id='word_1_330' title='bbox 549 2544 682 2585; x_wconf 83' lang='lat' dir='ltr'>quaestio</span> <span class='ocrx_word' id='word_1_331' title='bbox 694 2566 703 2581; x_wconf 91' lang='lat'>‚</span> <span class='ocrx_word' id='word_1_332' title='bbox 730 2557 770 2577; x_wconf 91' lang='lat' dir='ltr'>an</span> <span class='ocrx_word' id='word_1_333' title='bbox 798 2556 869 2577; x_wconf 87' lang='lat' dir='ltr'>vera</span> <span class='ocrx_word' id='word_1_334' title='bbox 901 2544 1098 2587; x_wconf 86' lang='lat' dir='ltr'>disciplinati</span> 
     </span>
     <span class='ocr_line' id='line_1_50' title="bbox 219 2589 1099 2637; baseline 0.007 -15"><span class='ocrx_word' id='word_1_335' title='bbox 219 2589 417 2624; x_wconf 85' lang='lat' dir='ltr'>Monasterii</span> <span class='ocrx_word' id='word_1_336' title='bbox 432 2603 598 2634; x_wconf 84' lang='lat' dir='ltr'>paupertas</span> <span class='ocrx_word' id='word_1_337' title='bbox 610 2593 645 2626; x_wconf 85' lang='lat' dir='ltr'>sit</span> <span class='ocrx_word' id='word_1_338' title='bbox 660 2594 826 2637; x_wconf 79' lang='lat' dir='ltr'>legitimus</span> <span class='ocrx_word' id='word_1_339' title='bbox 849 2595 964 2628; x_wconf 86' lang='lat' dir='ltr'>titulus</span> <span class='ocrx_word' id='word_1_340' title='bbox 982 2595 1021 2628; x_wconf 84' lang='lat' dir='ltr'>ad</span> <span class='ocrx_word' id='word_1_341' title='bbox 1044 2596 1099 2628; x_wconf 83' lang='lat' dir='ltr'>ali·</span> 
     </span>
     <span class='ocr_line' id='line_1_51' title="bbox 218 2640 1098 2685; baseline 0.007 -13"><span class='ocrx_word' id='word_1_342' title='bbox 218 2640 300 2682; x_wconf 86' lang='lat' dir='ltr'>quid</span> <span class='ocrx_word' id='word_1_343' title='bbox 324 2640 551 2685; x_wconf 83' lang='lat' dir='ltr'>exigendum?</span> <span class='ocrx_word' id='word_1_344' title='bbox 580 2642 762 2685; x_wconf 87' lang='lat' dir='ltr'>Respondit</span> <span class='ocrx_word' id='word_1_345' title='bbox 785 2645 817 2677; x_wconf 90' lang='lat' dir='ltr'>in</span> <span class='ocrx_word' id='word_1_346' title='bbox 842 2645 894 2677; x_wconf 82' lang='lat' dir='ltr'>sua</span> <span class='ocrx_word' id='word_1_347' title='bbox 919 2646 1098 2679; x_wconf 82' lang='lat' dir='ltr'>Oxonienfi</span> 
     </span>
     <span class='ocr_line' id='line_1_52' title="bbox 218 2690 1098 2734; baseline 0.006 -11"><span class='ocrx_word' id='word_1_348' title='bbox 218 2690 358 2731; x_wconf 89' lang='lat' dir='ltr'>Synodo</span> <span class='ocrx_word' id='word_1_349' title='bbox 380 2690 563 2734; x_wconf 80' lang='lat' dir='ltr'>Stephanus</span> <span class='ocrx_word' id='word_1_350' title='bbox 584 2715 593 2730; x_wconf 92' lang='lat'>‚</span> <span class='ocrx_word' id='word_1_351' title='bbox 631 2694 741 2726; x_wconf 71' lang='lat' dir='ltr'>sane&#39;tae</span> <span class='ocrx_word' id='word_1_352' title='bbox 768 2694 925 2727; x_wconf 75' lang='lat' dir='ltr'>Romanae</span> <span class='ocrx_word' id='word_1_353' title='bbox 958 2695 1098 2729; x_wconf 81' lang='lat' dir='ltr'>Ecclefiae</span> 
     </span>
     <span class='ocr_line' id='line_1_53' title="bbox 214 2738 1097 2786; baseline 0.006 -13"><span class='ocrx_word' id='word_1_354' title='bbox 214 2738 392 2782; x_wconf 83' lang='lat' dir='ltr'>Presbyter</span> <span class='ocrx_word' id='word_1_355' title='bbox 412 2741 595 2775; x_wconf 86' lang='lat' dir='ltr'>Cardinalis</span> <span class='ocrx_word' id='word_1_356' title='bbox 606 2766 618 2782; x_wconf 94' lang='lat'>,</span> <span class='ocrx_word' id='word_1_357' title='bbox 642 2744 675 2776; x_wconf 73' lang='grc' dir='ltr'>ὅ(</span> <span class='ocrx_word' id='word_1_358' title='bbox 685 2742 811 2777; x_wconf 81' lang='lat' dir='ltr'>Archi·</span> <span class='ocrx_word' id='word_1_359' title='bbox 825 2744 1000 2786; x_wconf 83' lang='lat' dir='ltr'>Episcopus</span> <span class='ocrx_word' id='word_1_360' title='bbox 1013 2746 1097 2779; x_wconf 82' lang='lat' dir='ltr'>Can-</span> 
     </span>
     <span class='ocr_line' id='line_1_54' title="bbox 216 2791 1098 2836; baseline 0.007 -15"><span class='ocrx_word' id='word_1_361' title='bbox 216 2791 387 2824; x_wconf 82' lang='lat' dir='ltr'>tuariensis</span> <span class='ocrx_word' id='word_1_362' title='bbox 401 2804 411 2823; x_wconf 96' lang='lat'><em>:</em></span> <span class='ocrx_word' id='word_1_363' title='bbox 439 2794 603 2824; x_wconf 78' lang='lat' dir='ltr'>statuimus</span> <span class='ocrx_word' id='word_1_364' title='bbox 629 2802 662 2824; x_wconf 85' lang='lat' dir='ltr'>ut</span> <span class='ocrx_word' id='word_1_365' title='bbox 683 2795 720 2826; x_wconf 81' lang='lat' dir='ltr'>de</span> <span class='ocrx_word' id='word_1_366' title='bbox 742 2803 846 2826; x_wconf 86' lang='lat' dir='ltr'>caetero</span> <span class='ocrx_word' id='word_1_367' title='bbox 862 2803 918 2835; x_wconf 84' lang='lat' dir='ltr'>pro</span> <span class='ocrx_word' id='word_1_368' title='bbox 940 2799 1098 2836; x_wconf 77' lang='lat' dir='ltr'>receptione</span> 
     </span>
     <span class='ocr_line' id='line_1_55' title="bbox 216 2841 1097 2887; baseline 0.007 -16"><span class='ocrx_word' id='word_1_369' title='bbox 216 2841 342 2879; x_wconf 78' lang='lat' dir='ltr'>alicujus</span> <span class='ocrx_word' id='word_1_370' title='bbox 353 2847 386 2873; x_wconf 88' lang='lat' dir='ltr'>in</span> <span class='ocrx_word' id='word_1_371' title='bbox 400 2842 517 2873; x_wconf 85' lang='lat' dir='ltr'>domum</span> <span class='ocrx_word' id='word_1_372' title='bbox 530 2844 704 2886; x_wconf 79' lang='lat' dir='ltr'>Religionis,</span> <span class='ocrx_word' id='word_1_373' title='bbox 715 2849 873 2884; x_wconf 83' lang='lat' dir='ltr'>pecuniam</span> <span class='ocrx_word' id='word_1_374' title='bbox 884 2854 935 2876; x_wconf 88' lang='lat' dir='ltr'>aut</span> <span class='ocrx_word' id='word_1_375' title='bbox 948 2847 1097 2887; x_wconf 84' lang='lat' dir='ltr'>quidquid</span> 
     </span>
     <span class='ocr_line' id='line_1_56' title="bbox 215 2891 1095 2937; baseline 0.008 -16"><span class='ocrx_word' id='word_1_376' title='bbox 215 2891 304 2922; x_wconf 82' lang='lat' dir='ltr'>aliud</span> <span class='ocrx_word' id='word_1_377' title='bbox 312 2900 485 2932; x_wconf 84' lang='lat' dir='ltr'>extorquere</span> <span class='ocrx_word' id='word_1_378' title='bbox 497 2903 554 2923; x_wconf 91' lang='lat' dir='ltr'>non</span> <span class='ocrx_word' id='word_1_379' title='bbox 568 2891 755 2935; x_wconf 82' lang='lat' dir='ltr'>praesumant</span> <span class='ocrx_word' id='word_1_380' title='bbox 766 2919 775 2934; x_wconf 93' lang='lat'>,</span> <span class='ocrx_word' id='word_1_381' title='bbox 797 2896 871 2928; x_wconf 73' lang='lat' dir='ltr'>adeo</span> <span class='ocrx_word' id='word_1_382' title='bbox 879 2903 912 2927; x_wconf 87' lang='lat' dir='ltr'>ut</span> <span class='ocrx_word' id='word_1_383' title='bbox 916 2893 944 2934; x_wconf 85' lang='lat' dir='ltr'>si</span> <span class='ocrx_word' id='word_1_384' title='bbox 947 2904 1014 2936; x_wconf 85' lang='lat' dir='ltr'>prae</span> <span class='ocrx_word' id='word_1_385' title='bbox 1023 2904 1095 2937; x_wconf 88' lang='lat' dir='ltr'>pau-</span> 
     </span>
     <span class='ocr_line' id='line_1_57' title="bbox 208 2940 1094 2986; baseline 0.009 -15"><span class='ocrx_word' id='word_1_386' title='bbox 208 2947 332 2981; x_wconf 86' lang='lat' dir='ltr'>pertate</span> <span class='ocrx_word' id='word_1_387' title='bbox 346 2942 449 2973; x_wconf 85' lang='lat' dir='ltr'>domus</span> <span class='ocrx_word' id='word_1_388' title='bbox 462 2941 567 2974; x_wconf 80' lang='lat' dir='ltr'>debeat</span> <span class='ocrx_word' id='word_1_389' title='bbox 579 2942 683 2982; x_wconf 84' lang='lat' dir='ltr'>vestire</span> <span class='ocrx_word' id='word_1_390' title='bbox 696 2940 825 2986; x_wconf 86' lang='lat' dir='ltr'>seipsum</span> <span class='ocrx_word' id='word_1_391' title='bbox 838 2969 848 2984; x_wconf 94' lang='lat'>,</span> <span class='ocrx_word' id='word_1_392' title='bbox 871 2953 1026 2986; x_wconf 84' lang='lat' dir='ltr'>praetextu</span> <span class='ocrx_word' id='word_1_393' title='bbox 1046 2957 1094 2979; x_wconf 85' lang='lat' dir='ltr'>ve·</span> 
     </span>
     <span class='ocr_line' id='line_1_58' title="bbox 210 2989 1096 3036; baseline 0.007 -15"><span class='ocrx_word' id='word_1_394' title='bbox 210 2989 298 3030; x_wconf 81' lang='lat' dir='ltr'>stium</span> <span class='ocrx_word' id='word_1_395' title='bbox 310 2990 391 3022; x_wconf 83' lang='lat' dir='ltr'>ultra</span> <span class='ocrx_word' id='word_1_396' title='bbox 396 2990 508 3032; x_wconf 76' lang='lat' dir='ltr'>justum</span> <span class='ocrx_word' id='word_1_397' title='bbox 517 2997 646 3033; x_wconf 75' lang='lat' dir='ltr'>pretIum</span> <span class='ocrx_word' id='word_1_398' title='bbox 659 3005 758 3025; x_wconf 86' lang='lat' dir='ltr'>earum</span> <span class='ocrx_word' id='word_1_399' title='bbox 779 2994 816 3026; x_wconf 80' lang='lat' dir='ltr'>ab</span> <span class='ocrx_word' id='word_1_400' title='bbox 827 3006 857 3028; x_wconf 86' lang='lat' dir='ltr'>eo</span> <span class='ocrx_word' id='word_1_401' title='bbox 875 2997 997 3036; x_wconf 75' lang='lat' dir='ltr'>penitus</span> <span class='ocrx_word' id='word_1_402' title='bbox 1018 2993 1096 3028; x_wconf 85' lang='lat' dir='ltr'>nibil</span> 
     </span>
     <span class='ocr_line' id='line_1_59' title="bbox 212 3041 1083 3086; baseline 0.009 -15"><span class='ocrx_word' id='word_1_403' title='bbox 212 3045 389 3081; x_wconf 77' lang='lat' dir='ltr'>recipiatur.</span> <span class='ocrx_word' id='word_1_404' title='bbox 418 3041 461 3074; x_wconf 87' lang='lat' dir='ltr'>Et</span> <span class='ocrx_word' id='word_1_405' title='bbox 475 3041 667 3076; x_wconf 85' lang='lat' dir='ltr'>Ludovicus</span> <span class='ocrx_word' id='word_1_406' title='bbox 686 3045 703 3076; x_wconf 74' lang='lat' dir='ltr'>a</span> <span class='ocrx_word' id='word_1_407' title='bbox 727 3043 848 3086; x_wconf 85' lang='lat' dir='ltr'>Guyfia</span> <span class='ocrx_word' id='word_1_408' title='bbox 859 3070 869 3084; x_wconf 88' lang='lat'>,</span> <span class='ocrx_word' id='word_1_409' title='bbox 898 3045 1083 3079; x_wconf 86' lang='lat' dir='ltr'>Cardinalis</span> 
     </span>
     <span class='ocr_line' id='line_1_60' title="bbox 215 3089 1092 3138; baseline 0.009 -17"><span class='ocrx_word' id='word_1_410' title='bbox 215 3089 294 3122; x_wconf 86' lang='lat' dir='ltr'>item</span> <span class='ocrx_word' id='word_1_411' title='bbox 306 3089 480 3133; x_wconf 87' lang='lat' dir='ltr'>Presbyter</span> <span class='ocrx_word' id='word_1_412' title='bbox 492 3115 502 3131; x_wconf 91' lang='lat'>,</span> <span class='ocrx_word' id='word_1_413' title='bbox 530 3093 563 3126; x_wconf 89' lang='lat'>&amp;</span> <span class='ocrx_word' id='word_1_414' title='bbox 577 3092 811 3127; x_wconf 86' lang='lat' dir='ltr'>Rhemenfium</span> <span class='ocrx_word' id='word_1_415' title='bbox 825 3094 951 3128; x_wconf 88' lang='lat' dir='ltr'>Archi·</span> <span class='ocrx_word' id='word_1_416' title='bbox 965 3096 1092 3138; x_wconf 85' lang='lat' dir='ltr'>Episco.</span> 
     </span>
     <span class='ocr_line' id='line_1_61' title="bbox 214 3139 1082 3186; baseline 0.009 -16"><span class='ocrx_word' id='word_1_417' title='bbox 214 3148 274 3179; x_wconf 85' lang='lat' dir='ltr'>pus</span> <span class='ocrx_word' id='word_1_418' title='bbox 285 3139 395 3174; x_wconf 86' lang='lat' dir='ltr'>statuit</span> <span class='ocrx_word' id='word_1_419' title='bbox 411 3141 443 3173; x_wconf 93' lang='lat' dir='ltr'>in</span> <span class='ocrx_word' id='word_1_420' title='bbox 457 3142 510 3175; x_wconf 86' lang='lat' dir='ltr'>sua</span> <span class='ocrx_word' id='word_1_421' title='bbox 526 3141 702 3176; x_wconf 85' lang='lat' dir='ltr'>Rhemenfi</span> <span class='ocrx_word' id='word_1_422' title='bbox 715 3143 874 3186; x_wconf 87' lang='lat' dir='ltr'>Synodo:</span> <span class='ocrx_word' id='word_1_423' title='bbox 901 3147 1029 3186; x_wconf 74' lang='lat' dir='ltr'>,Quipro</span> <span class='ocrx_word' id='word_1_424' title='bbox 1041 3149 1082 3178; x_wconf 87' lang='lat' dir='ltr'>Re</span> 
     </span>
     <span class='ocr_line' id='line_1_62' title="bbox 214 3187 1091 3237; baseline 0.011 -19"><span class='ocrx_word' id='word_1_425' title='bbox 214 3187 328 3229; x_wconf 80' lang='lat' dir='ltr'>ligionis</span> <span class='ocrx_word' id='word_1_426' title='bbox 335 3188 389 3231; x_wconf 87' lang='lat' dir='ltr'>seu</span> <span class='ocrx_word' id='word_1_427' title='bbox 404 3190 570 3230; x_wconf 81' lang='lat' dir='ltr'>Monasterii</span> <span class='ocrx_word' id='word_1_428' title='bbox 590 3195 711 3236; x_wconf 84' lang='lat' dir='ltr'>ingressu</span> <span class='ocrx_word' id='word_1_429' title='bbox 723 3195 842 3236; x_wconf 80' lang='lat' dir='ltr'>aliquid</span> <span class='ocrx_word' id='word_1_430' title='bbox 851 3194 1009 3237; x_wconf 83' lang='lat' dir='ltr'>extorserit</span> <span class='ocrx_word' id='word_1_431' title='bbox 1021 3219 1030 3235; x_wconf 88' lang='lat'><em>,</em></span> <span class='ocrx_word' id='word_1_432' title='bbox 1047 3198 1091 3228; x_wconf 81' lang='lat'><em>51&#39;-</em></span> 
     </span>
     <span class='ocr_line' id='line_1_63' title="bbox 214 3239 1089 3286; baseline 0.01 -17"><span class='ocrx_word' id='word_1_433' title='bbox 214 3242 360 3269; x_wconf 80' lang='lat' dir='ltr'>moniacus</span> <span class='ocrx_word' id='word_1_434' title='bbox 370 3239 420 3280; x_wconf 76' lang='lat' dir='ltr'>effie</span> <span class='ocrx_word' id='word_1_435' title='bbox 441 3240 611 3284; x_wconf 85' lang='lat' dir='ltr'>censeatur.</span> <span class='ocrx_word' id='word_1_436' title='bbox 641 3248 728 3275; x_wconf 87' lang='lat' dir='ltr'>Nam</span> <span class='ocrx_word' id='word_1_437' title='bbox 748 3244 816 3278; x_wconf 87' lang='lat' dir='ltr'>licet</span> <span class='ocrx_word' id='word_1_438' title='bbox 827 3253 895 3286; x_wconf 87' lang='lat' dir='ltr'>opes</span> <span class='ocrx_word' id='word_1_439' title='bbox 921 3245 1089 3284; x_wconf 84' lang='lat' dir='ltr'>Monaslerii</span> 
     </span>
     <span class='ocr_line' id='line_1_64' title="bbox 207 3286 1090 3337; baseline 0.011 -20"><span class='ocrx_word' id='word_1_440' title='bbox 207 3286 269 3327; x_wconf 85' lang='lat' dir='ltr'>fint</span> <span class='ocrx_word' id='word_1_441' title='bbox 281 3288 355 3318; x_wconf 72' lang='lat' dir='ltr'>adeo</span> <span class='ocrx_word' id='word_1_442' title='bbox 367 3296 466 3322; x_wconf 84' lang='lat' dir='ltr'>tenues</span> <span class='ocrx_word' id='word_1_443' title='bbox 478 3314 488 3330; x_wconf 92' lang='lat'>‚</span> <span class='ocrx_word' id='word_1_444' title='bbox 515 3301 547 3323; x_wconf 90' lang='lat' dir='ltr'>ut</span> <span class='ocrx_word' id='word_1_445' title='bbox 558 3298 615 3325; x_wconf 82' lang='lat' dir='ltr'>vix</span> <span class='ocrx_word' id='word_1_446' title='bbox 627 3294 841 3336; x_wconf 79' lang='lat' dir='ltr'>ingredientem</span> <span class='ocrx_word' id='word_1_447' title='bbox 851 3297 928 3328; x_wconf 83' lang='lat' dir='ltr'>alere</span> <span class='ocrx_word' id='word_1_448' title='bbox 946 3305 1059 3337; x_wconf 82' lang='lat' dir='ltr'>queant</span> <span class='ocrx_word' id='word_1_449' title='bbox 1081 3319 1090 3334; x_wconf 91' lang='lat'>‚</span> 
     </span>
     <span class='ocr_line' id='line_1_65' title="bbox 213 3342 1088 3385; baseline 0.011 -16"><span class='ocrx_word' id='word_1_450' title='bbox 213 3347 334 3377; x_wconf 85' lang='lat' dir='ltr'>eumque</span> <span class='ocrx_word' id='word_1_451' title='bbox 345 3345 474 3378; x_wconf 82' lang='lat' dir='ltr'>oporteat</span> <span class='ocrx_word' id='word_1_452' title='bbox 494 3342 656 3383; x_wconf 81' lang='lat' dir='ltr'>aliquando</span> <span class='ocrx_word' id='word_1_453' title='bbox 670 3352 727 3385; x_wconf 89' lang='lat' dir='ltr'>pro</span> <span class='ocrx_word' id='word_1_454' title='bbox 748 3345 899 3377; x_wconf 64' lang='lat' dir='ltr'>alimentis</span> <span class='ocrx_word' id='word_1_455' title='bbox 914 3347 947 3378; x_wconf 68' lang='lat' dir='ltr'>er</span> <span class='ocrx_word' id='word_1_456' title='bbox 960 3346 1088 3385; x_wconf 81' lang='lat' dir='ltr'>vestibus</span> 
     </span>
     <span class='ocr_line' id='line_1_66' title="bbox 211 3386 1088 3437; baseline 0.009 -18"><span class='ocrx_word' id='word_1_457' title='bbox 211 3387 330 3428; x_wconf 77' lang='lat' dir='ltr'>aliquid</span> <span class='ocrx_word' id='word_1_458' title='bbox 339 3386 508 3426; x_wconf 78' lang='lat' dir='ltr'>Monasterio</span> <span class='ocrx_word' id='word_1_459' title='bbox 517 3390 646 3431; x_wconf 84' lang='lat' dir='ltr'>conferre</span> <span class='ocrx_word' id='word_1_460' title='bbox 657 3418 666 3433; x_wconf 89' lang='lat'>‚</span> <span class='ocrx_word' id='word_1_461' title='bbox 696 3402 762 3426; x_wconf 86' lang='lat' dir='ltr'>tuta</span> <span class='ocrx_word' id='word_1_462' title='bbox 778 3393 954 3437; x_wconf 80' lang='lat' dir='ltr'>conscientia</span> <span class='ocrx_word' id='word_1_463' title='bbox 966 3420 976 3435; x_wconf 94' lang='lat'>,</span> <span class='ocrx_word' id='word_1_464' title='bbox 1004 3398 1088 3428; x_wconf 72' lang='lat' dir='ltr'>modo</span> 
     </span>
     <span class='ocr_line' id='line_1_67' title="bbox 214 3436 1089 3485; baseline 0.013 -18"><span class='ocrx_word' id='word_1_465' title='bbox 214 3437 251 3467; x_wconf 71' lang='lat' dir='ltr'>rd</span> <span class='ocrx_word' id='word_1_466' title='bbox 261 3447 317 3468; x_wconf 87' lang='lat' dir='ltr'>non</span> <span class='ocrx_word' id='word_1_467' title='bbox 326 3436 382 3478; x_wconf 80' lang='lat' dir='ltr'>fiat</span> <span class='ocrx_word' id='word_1_468' title='bbox 389 3447 459 3470; x_wconf 84' lang='lat' dir='ltr'>ante</span> <span class='ocrx_word' id='word_1_469' title='bbox 469 3447 601 3473; x_wconf 83' lang='lat' dir='ltr'>votorum</span> <span class='ocrx_word' id='word_1_470' title='bbox 616 3445 785 3483; x_wconf 78' lang='lat' dir='ltr'>emtffionem</span> <span class='ocrx_word' id='word_1_471' title='bbox 797 3457 810 3485; x_wconf 92' lang='lat'><em>;</em></span> <span class='ocrx_word' id='word_1_472' title='bbox 838 3455 938 3478; x_wconf 80' lang='lat' dir='ltr'>tamen</span> <span class='ocrx_word' id='word_1_473' title='bbox 952 3455 985 3477; x_wconf 88' lang='lat' dir='ltr'>ut</span> <span class='ocrx_word' id='word_1_474' title='bbox 1003 3447 1089 3478; x_wconf 83' lang='lat' dir='ltr'>dein·-</span> 
     </span>
     <span class='ocr_line' id='line_1_68' title="bbox 214 3492 1099 3536; baseline 0.011 -18"><span class='ocrx_word' id='word_1_475' title='bbox 214 3494 278 3528; x_wconf 66' lang='grc' dir='ltr'>σφι</span> <span class='ocrx_word' id='word_1_476' title='bbox 291 3492 387 3518; x_wconf 89' lang='lat' dir='ltr'>omnis</span> <span class='ocrx_word' id='word_1_477' title='bbox 400 3492 543 3529; x_wconf 81' lang='lat' dir='ltr'>nequitiae</span> <span class='ocrx_word' id='word_1_478' title='bbox 569 3499 738 3531; x_wconf 83' lang='lat' dir='ltr'>amputetur</span> <span class='ocrx_word' id='word_1_479' title='bbox 757 3494 856 3535; x_wconf 85' lang='lat' dir='ltr'>occafio</span> <span class='ocrx_word' id='word_1_480' title='bbox 869 3519 880 3536; x_wconf 91' lang='lat'>‚</span> <span class='ocrx_word' id='word_1_481' title='bbox 910 3496 1014 3534; x_wconf 67' lang='lat' dir='ltr'>synodi</span> <span class='ocrx_word' id='word_1_482' title='bbox 1034 3499 1099 3529; x_wconf 86' lang='lat' dir='ltr'>Tri-</span> 
     </span>
     <span class='ocr_line' id='line_1_69' title="bbox 313 3534 790 3581; baseline 0.017 -13"><span class='ocrx_word' id='word_1_483' title='bbox 313 3534 425 3577; x_wconf 82' lang='lat' dir='ltr'>Cbrr&#39;st.</span> <span class='ocrx_word' id='word_1_484' title='bbox 441 3540 517 3580; x_wconf 74' lang='lat' dir='ltr'>Lupi</span> <span class='ocrx_word' id='word_1_485' title='bbox 530 3543 629 3581; x_wconf 85' lang='lat' dir='ltr'>Opera</span> <span class='ocrx_word' id='word_1_486' title='bbox 641 3544 719 3575; x_wconf 85' lang='lat' dir='ltr'>Tom.</span> <span class='ocrx_word' id='word_1_487' title='bbox 731 3544 762 3574; x_wconf 90' lang='lat' dir='ltr'>X</span> <span class='ocrx_word' id='word_1_488' title='bbox 766 3548 780 3576; x_wconf 88' lang='lat' dir='ltr'>l</span> <span class='ocrx_word' id='word_1_489' title='bbox 784 3568 790 3576; x_wconf 90' lang='lat'>.</span> 
     </span>
    </p>
   </div>
   <div class='ocr_carea' id='block_1_7' title="bbox 1163 129 2062 692">
    <p class='ocr_par' dir='ltr' id='par_1_7' title="bbox 1163 129 2062 692">
     <span class='ocr_line' id='line_1_70' title="bbox 1972 129 2024 172; baseline 0 -15"><span class='ocrx_word' id='word_1_490' title='bbox 1972 130 1992 172; x_wconf 76' lang='lat'><em>5</em></span> <span class='ocrx_word' id='word_1_491' title='bbox 2009 129 2024 157; x_wconf 83' lang='grc' dir='ltr'>Ι</span> 
     </span>
     <span class='ocr_line' id='line_1_71' title="bbox 1168 193 2062 242; baseline 0.011 -17"><span class='ocrx_word' id='word_1_492' title='bbox 1168 193 1303 227; x_wconf 78' lang='lat' dir='ltr'>dentinae</span> <span class='ocrx_word' id='word_1_493' title='bbox 1314 195 1449 227; x_wconf 81' lang='lat' dir='ltr'>Decretis</span> <span class='ocrx_word' id='word_1_494' title='bbox 1462 197 1610 230; x_wconf 81' lang='lat' dir='ltr'>admoniti</span> <span class='ocrx_word' id='word_1_495' title='bbox 1614 196 1776 237; x_wconf 84' lang='lat' dir='ltr'>statuimus</span> <span class='ocrx_word' id='word_1_496' title='bbox 1790 220 1800 236; x_wconf 92' lang='lat'>,</span> <span class='ocrx_word' id='word_1_497' title='bbox 1825 208 1863 231; x_wconf 85' lang='lat' dir='ltr'>ne</span> <span class='ocrx_word' id='word_1_498' title='bbox 1874 199 2018 242; x_wconf 83' lang='lat' dir='ltr'>deinceps</span> <span class='ocrx_word' id='word_1_499' title='bbox 2032 207 2062 235; x_wconf 75' lang='lat' dir='ltr'>in</span> 
     </span>
     <span class='ocr_line' id='line_1_72' title="bbox 1167 242 2046 288; baseline 0.01 -14"><span class='ocrx_word' id='word_1_500' title='bbox 1167 242 1393 287; x_wconf 82' lang='lat' dir='ltr'>quibuscumque</span> <span class='ocrx_word' id='word_1_501' title='bbox 1405 245 1585 283; x_wconf 85' lang='lat' dir='ltr'>Monasteriis</span> <span class='ocrx_word' id='word_1_502' title='bbox 1595 249 1693 288; x_wconf 83' lang='lat' dir='ltr'>major</span> <span class='ocrx_word' id='word_1_503' title='bbox 1706 246 1914 280; x_wconf 72' lang='lat' dir='ltr'>monachorum</span> <span class='ocrx_word' id='word_1_504' title='bbox 1926 253 1976 282; x_wconf 85' lang='lat' dir='ltr'>vel</span> <span class='ocrx_word' id='word_1_505' title='bbox 1988 256 2046 282; x_wconf 89' lang='lat' dir='ltr'>Mo·</span> 
     </span>
     <span class='ocr_line' id='line_1_73' title="bbox 1167 295 2045 340; baseline 0.008 -16"><span class='ocrx_word' id='word_1_506' title='bbox 1167 295 1293 327; x_wconf 84' lang='lat' dir='ltr'>m&#39;alium</span> <span class='ocrx_word' id='word_1_507' title='bbox 1306 296 1656 335; x_wconf 80' lang='lat' dir='ltr'>numerusadmittatur,</span> <span class='ocrx_word' id='word_1_508' title='bbox 1682 300 1772 339; x_wconf 66' lang='lat' dir='ltr'>quam</span> <span class='ocrx_word' id='word_1_509' title='bbox 1782 303 1835 340; x_wconf 87' lang='lat' dir='ltr'>qui</span> <span class='ocrx_word' id='word_1_510' title='bbox 1854 309 1893 330; x_wconf 79' lang='lat' dir='ltr'>ex</span> <span class='ocrx_word' id='word_1_511' title='bbox 1911 306 2045 340; x_wconf 83' lang='lat' dir='ltr'>propriis</span> 
     </span>
     <span class='ocr_line' id='line_1_74' title="bbox 1165 343 2045 390; baseline 0.007 -15"><span class='ocrx_word' id='word_1_512' title='bbox 1165 344 1315 378; x_wconf 82' lang='lat' dir='ltr'>reditibus</span> <span class='ocrx_word' id='word_1_513' title='bbox 1327 343 1497 385; x_wconf 79' lang='lat' dir='ltr'>Monasterii</span> <span class='ocrx_word' id='word_1_514' title='bbox 1507 369 1517 384; x_wconf 89' lang='lat'>‚</span> <span class='ocrx_word' id='word_1_515' title='bbox 1544 348 1596 378; x_wconf 78' lang='lat' dir='ltr'>vel</span> <span class='ocrx_word' id='word_1_516' title='bbox 1603 347 1781 390; x_wconf 50' lang='lat' dir='ltr'>eleemosinis</span> <span class='ocrx_word' id='word_1_517' title='bbox 1795 348 1910 390; x_wconf 77' lang='lat' dir='ltr'>assuetis</span> <span class='ocrx_word' id='word_1_518' title='bbox 1925 350 2045 381; x_wconf 85' lang='lat' dir='ltr'>educari</span> 
     </span>
     <span class='ocr_line' id='line_1_75' title="bbox 1164 394 2047 440; baseline 0.007 -15"><span class='ocrx_word' id='word_1_519' title='bbox 1164 402 1253 435; x_wconf 83' lang='lat' dir='ltr'>queat</span> <span class='ocrx_word' id='word_1_520' title='bbox 1264 419 1272 427; x_wconf 86' lang='lat'>.</span> <span class='ocrx_word' id='word_1_521' title='bbox 1303 394 1504 436; x_wconf 82' lang='lat' dir='ltr'>Approbamus</span> <span class='ocrx_word' id='word_1_522' title='bbox 1517 404 1618 428; x_wconf 86' lang='lat' dir='ltr'>tamen</span> <span class='ocrx_word' id='word_1_523' title='bbox 1632 400 1833 430; x_wconf 68' lang='lat' dir='ltr'>&amp;laudamus</span> <span class='ocrx_word' id='word_1_524' title='bbox 1845 398 2047 440; x_wconf 66' lang='lat' dir='ltr'>eleemoffltms,</span> 
     </span>
     <span class='ocr_line' id='line_1_76' title="bbox 1163 444 1995 490; baseline 0.006 -13"><span class='ocrx_word' id='word_1_525' title='bbox 1163 450 1253 477; x_wconf 86' lang='lat' dir='ltr'>etiam</span> <span class='ocrx_word' id='word_1_526' title='bbox 1263 444 1390 487; x_wconf 87' lang='lat' dir='ltr'>copiosas</span> <span class='ocrx_word' id='word_1_527' title='bbox 1406 469 1417 484; x_wconf 93' lang='lat'>,</span> <span class='ocrx_word' id='word_1_528' title='bbox 1443 444 1482 476; x_wconf 90' lang='lat' dir='ltr'>ab</span> <span class='ocrx_word' id='word_1_529' title='bbox 1491 447 1726 488; x_wconf 81' lang='lat' dir='ltr'>ingredientibus</span> <span class='ocrx_word' id='word_1_530' title='bbox 1736 448 1842 490; x_wconf 70' lang='lat' dir='ltr'>sponte=</span> <span class='ocrx_word' id='word_1_531' title='bbox 1853 448 1971 481; x_wconf 82' lang='lat' dir='ltr'>oblatas</span> <span class='ocrx_word' id='word_1_532' title='bbox 1987 475 1995 482; x_wconf 84' lang='grc'><strong>.</strong></span> 
     </span>
     <span class='ocr_line' id='line_1_77' title="bbox 1215 494 2048 542; baseline 0.007 -16"><span class='ocrx_word' id='word_1_533' title='bbox 1215 495 1368 528; x_wconf 82' lang='lat' dir='ltr'>Affirmat</span> <span class='ocrx_word' id='word_1_534' title='bbox 1380 494 1486 538; x_wconf 77' lang='lat' dir='ltr'>primo</span> <span class='ocrx_word' id='word_1_535' title='bbox 1498 517 1508 532; x_wconf 88' lang='lat'>,</span> <span class='ocrx_word' id='word_1_536' title='bbox 1536 496 1626 537; x_wconf 74' lang='lat' dir='ltr'>quod</span> <span class='ocrx_word' id='word_1_537' title='bbox 1642 497 1687 529; x_wconf 92' lang='lat' dir='ltr'>ob</span> <span class='ocrx_word' id='word_1_538' title='bbox 1702 497 1894 532; x_wconf 80' lang='lat' dir='ltr'>Monaflerii</span> <span class='ocrx_word' id='word_1_539' title='bbox 1915 510 2048 542; x_wconf 81' lang='lat' dir='ltr'>pauper-</span> 
     </span>
     <span class='ocr_line' id='line_1_78' title="bbox 1165 544 2052 590; baseline 0.005 -13"><span class='ocrx_word' id='word_1_540' title='bbox 1165 554 1265 578; x_wconf 84' lang='lat' dir='ltr'>tatem</span> <span class='ocrx_word' id='word_1_541' title='bbox 1280 544 1368 588; x_wconf 81' lang='lat' dir='ltr'>exigi</span> <span class='ocrx_word' id='word_1_542' title='bbox 1385 544 1504 587; x_wconf 83' lang='lat' dir='ltr'>possint</span> <span class='ocrx_word' id='word_1_543' title='bbox 1519 555 1585 577; x_wconf 90' lang='lat' dir='ltr'>non</span> <span class='ocrx_word' id='word_1_544' title='bbox 1598 549 1834 581; x_wconf 78' lang='lat' dir='ltr'>tantummodo</span> <span class='ocrx_word' id='word_1_545' title='bbox 1850 550 1950 590; x_wconf 84' lang='lat' dir='ltr'>prima</span> <span class='ocrx_word' id='word_1_546' title='bbox 1959 549 2052 583; x_wconf 79' lang='lat' dir='ltr'>vessi-</span> 
     </span>
     <span class='ocr_line' id='line_1_79' title="bbox 1164 593 2047 644; baseline 0.008 -18"><span class='ocrx_word' id='word_1_547' title='bbox 1164 605 1274 628; x_wconf 87' lang='lat' dir='ltr'>menta</span> <span class='ocrx_word' id='word_1_548' title='bbox 1286 619 1295 634; x_wconf 87' lang='lat'><strong><em>‚</em></strong></span> <span class='ocrx_word' id='word_1_549' title='bbox 1324 593 1375 627; x_wconf 88' lang='lat' dir='ltr'>sed</span> <span class='ocrx_word' id='word_1_550' title='bbox 1387 596 1420 628; x_wconf 89' lang='lat'>&amp;</span> <span class='ocrx_word' id='word_1_551' title='bbox 1437 604 1588 636; x_wconf 86' lang='lat' dir='ltr'>perpetua</span> <span class='ocrx_word' id='word_1_552' title='bbox 1612 595 1769 629; x_wconf 86' lang='lat' dir='ltr'>alimenta</span> <span class='ocrx_word' id='word_1_553' title='bbox 1779 622 1786 628; x_wconf 88' lang='lat'>.</span> <span class='ocrx_word' id='word_1_554' title='bbox 1816 598 1918 644; x_wconf 83' lang='lat' dir='ltr'>Qod</span> <span class='ocrx_word' id='word_1_555' title='bbox 1939 600 2047 642; x_wconf 86' lang='lat' dir='ltr'>ipsum</span> 
     </span>
     <span class='ocr_line' id='line_1_80' title="bbox 1163 643 2050 692; baseline 0.006 -15"><span class='ocrx_word' id='word_1_556' title='bbox 1163 645 1277 677; x_wconf 90' lang='lat' dir='ltr'>docuit</span> <span class='ocrx_word' id='word_1_557' title='bbox 1291 645 1436 689; x_wconf 88' lang='lat' dir='ltr'>Magnus</span> <span class='ocrx_word' id='word_1_558' title='bbox 1450 643 1537 687; x_wconf 84' lang='lat' dir='ltr'>Papa</span> <span class='ocrx_word' id='word_1_559' title='bbox 1551 644 1731 689; x_wconf 88' lang='lat' dir='ltr'>Gregorius</span> <span class='ocrx_word' id='word_1_560' title='bbox 1744 648 1776 679; x_wconf 92' lang='lat' dir='ltr'>in</span> <span class='ocrx_word' id='word_1_561' title='bbox 1791 647 1908 692; x_wconf 76' lang='lat' dir='ltr'>litteris</span> <span class='ocrx_word' id='word_1_562' title='bbox 1930 651 1970 681; x_wconf 89' lang='lat' dir='ltr'>ad</span> <span class='ocrx_word' id='word_1_563' title='bbox 1995 650 2050 682; x_wconf 84' lang='lat' dir='ltr'>Sa-</span> 
     </span>
    </p>
   </div>
   <div class='ocr_carea' id='block_1_8' title="bbox 1165 694 2183 805">
    <p class='ocr_par' dir='ltr' id='par_1_8' title="bbox 1165 694 2183 805">
     <span class='ocr_line' id='line_1_81' title="bbox 1165 694 2182 757; baseline 0.006 -30"><span class='ocrx_word' id='word_1_564' title='bbox 1165 694 1340 728; x_wconf 84' lang='lat' dir='ltr'>binianum</span> <span class='ocrx_word' id='word_1_565' title='bbox 1367 719 1377 734; x_wconf 89' lang='lat'><strong>,</strong></span> <span class='ocrx_word' id='word_1_566' title='bbox 1414 697 1505 728; x_wconf 86' lang='lat' dir='ltr'>suum</span> <span class='ocrx_word' id='word_1_567' title='bbox 1534 695 1830 740; x_wconf 77' lang='lat' dir='ltr'>Constantinopoli</span> <span class='ocrx_word' id='word_1_568' title='bbox 1848 697 2038 732; x_wconf 84' lang='lat' dir='ltr'>Diaconum</span> <span class='ocrx_word' id='word_1_569' title='bbox 2067 710 2182 757; x_wconf 84' lang='lat' dir='ltr'>Lib.7.</span> 
     </span>
     <span class='ocr_line' id='line_1_82' title="bbox 1165 745 2183 805; baseline 0.006 -28"><span class='ocrx_word' id='word_1_570' title='bbox 1165 745 1452 787; x_wconf 83' lang='lat' dir='ltr'>Apocrysiarium:</span> <span class='ocrx_word' id='word_1_571' title='bbox 1482 748 1607 777; x_wconf 81' lang='lat' dir='ltr'>Domino</span> <span class='ocrx_word' id='word_1_572' title='bbox 1625 749 1760 778; x_wconf 82' lang='lat' dir='ltr'>Romano</span> <span class='ocrx_word' id='word_1_573' title='bbox 1782 751 1873 778; x_wconf 83' lang='lat' dir='ltr'>etiam</span> <span class='ocrx_word' id='word_1_574' title='bbox 1884 749 2042 782; x_wconf 84' lang='lat' dir='ltr'>dicendum</span> <span class='ocrx_word' id='word_1_575' title='bbox 2068 761 2127 805; x_wconf 65' lang='grc' dir='ltr'>ΕΡ,</span> <span class='ocrx_word' id='word_1_576' title='bbox 2157 771 2183 796; x_wconf 63' lang='grc' dir='ltr'>Ι,</span> 
     </span>
    </p>
   </div>
   <div class='ocr_carea' id='block_1_9' title="bbox 1159 794 2051 1140">
    <p class='ocr_par' dir='ltr' id='par_1_9' title="bbox 1159 794 2051 1140">
     <span class='ocr_line' id='line_1_83' title="bbox 1163 794 2048 840; baseline 0.006 -14"><span class='ocrx_word' id='word_1_577' title='bbox 1163 794 1203 833; x_wconf 64' lang='lat' dir='ltr'>aa</span> <span class='ocrx_word' id='word_1_578' title='bbox 1216 819 1226 834; x_wconf 97' lang='lat'>‚</span> <span class='ocrx_word' id='word_1_579' title='bbox 1239 801 1310 835; x_wconf 84' lang='lat' dir='ltr'>quia</span> <span class='ocrx_word' id='word_1_580' title='bbox 1322 797 1456 828; x_wconf 84' lang='lat' dir='ltr'>Catellus</span> <span class='ocrx_word' id='word_1_581' title='bbox 1472 796 1633 828; x_wconf 82' lang='lat' dir='ltr'>Palatinus</span> <span class='ocrx_word' id='word_1_582' title='bbox 1640 794 1841 838; x_wconf 83' lang='lat' dir='ltr'>substantiam</span> <span class='ocrx_word' id='word_1_583' title='bbox 1852 799 1916 837; x_wconf 84' lang='lat' dir='ltr'>ejus</span> <span class='ocrx_word' id='word_1_584' title='bbox 1930 821 1939 835; x_wconf 88' lang='lat'>‚</span> <span class='ocrx_word' id='word_1_585' title='bbox 1952 810 2048 840; x_wconf 85' lang='lat' dir='ltr'>quan-</span> 
     </span>
     <span class='ocr_line' id='line_1_84' title="bbox 1165 846 2046 888; baseline 0.006 -12"><span class='ocrx_word' id='word_1_586' title='bbox 1165 853 1228 876; x_wconf 87' lang='lat' dir='ltr'>tum</span> <span class='ocrx_word' id='word_1_587' title='bbox 1240 846 1447 888; x_wconf 80' lang='lat' dir='ltr'>Viriganti&#39;nus</span> <span class='ocrx_word' id='word_1_588' title='bbox 1461 846 1555 883; x_wconf 85' lang='lat' dir='ltr'>dicit,</span> <span class='ocrx_word' id='word_1_589' title='bbox 1581 848 1658 879; x_wconf 79' lang='lat' dir='ltr'>male</span> <span class='ocrx_word' id='word_1_590' title='bbox 1680 852 1879 879; x_wconf 83' lang='lat' dir='ltr'>exterminet.</span> <span class='ocrx_word' id='word_1_591' title='bbox 1909 852 1965 880; x_wconf 85' lang='lat' dir='ltr'>Cui</span> <span class='ocrx_word' id='word_1_592' title='bbox 1989 854 2046 881; x_wconf 79' lang='lat' dir='ltr'>vix</span> 
     </span>
     <span class='ocr_line' id='line_1_85' title="bbox 1160 895 2046 940; baseline 0.006 -14"><span class='ocrx_word' id='word_1_593' title='bbox 1160 901 1242 935; x_wconf 77' lang='lat' dir='ltr'>potui</span> <span class='ocrx_word' id='word_1_594' title='bbox 1263 901 1410 936; x_wconf 82' lang='lat' dir='ltr'>imponere</span> <span class='ocrx_word' id='word_1_595' title='bbox 1423 918 1433 933; x_wconf 90' lang='lat'>‚</span> <span class='ocrx_word' id='word_1_596' title='bbox 1458 904 1491 927; x_wconf 90' lang='lat' dir='ltr'>ut</span> <span class='ocrx_word' id='word_1_597' title='bbox 1514 895 1664 938; x_wconf 78' lang='lat' dir='ltr'>expensas</span> <span class='ocrx_word' id='word_1_598' title='bbox 1688 898 1783 929; x_wconf 82' lang='lat' dir='ltr'>eidem</span> <span class='ocrx_word' id='word_1_599' title='bbox 1804 901 1992 940; x_wconf 84' lang='lat' dir='ltr'>Virigantino</span> <span class='ocrx_word' id='word_1_600' title='bbox 2014 905 2046 930; x_wconf 82' lang='lat' dir='ltr'>in</span> 
     </span>
     <span class='ocr_line' id='line_1_86' title="bbox 1164 943 2040 987; baseline 0.002 -9"><span class='ocrx_word' id='word_1_601' title='bbox 1164 943 1339 982; x_wconf 82' lang='lat' dir='ltr'>Monastcrio</span> <span class='ocrx_word' id='word_1_602' title='bbox 1352 971 1362 985; x_wconf 94' lang='lat'><em>,</em></span> <span class='ocrx_word' id='word_1_603' title='bbox 1389 951 1422 977; x_wconf 84' lang='lat' dir='ltr'>in</span> <span class='ocrx_word' id='word_1_604' title='bbox 1433 957 1490 987; x_wconf 85' lang='lat' dir='ltr'>quo</span> <span class='ocrx_word' id='word_1_605' title='bbox 1499 946 1614 978; x_wconf 76' lang='lat' dir='ltr'>let‘lioni</span> <span class='ocrx_word' id='word_1_606' title='bbox 1635 957 1726 979; x_wconf 80' lang='lat' dir='ltr'>vacat</span> <span class='ocrx_word' id='word_1_607' title='bbox 1742 971 1751 986; x_wconf 94' lang='lat'><em>,</em></span> <span class='ocrx_word' id='word_1_608' title='bbox 1779 949 1813 981; x_wconf 59' lang='grc' dir='ltr'>Θ·</span> <span class='ocrx_word' id='word_1_609' title='bbox 1834 949 1969 981; x_wconf 83' lang='lat' dir='ltr'>laborare</span> <span class='ocrx_word' id='word_1_610' title='bbox 1983 960 2040 980; x_wconf 83' lang='lat' dir='ltr'>non</span> 
     </span>
     <span class='ocr_line' id='line_1_87' title="bbox 1159 995 2048 1040; baseline 0.004 -13"><span class='ocrx_word' id='word_1_611' title='bbox 1159 995 1250 1036; x_wconf 73' lang='lat' dir='ltr'>potest</span> <span class='ocrx_word' id='word_1_612' title='bbox 1263 1018 1273 1032; x_wconf 85' lang='lat'>‚</span> <span class='ocrx_word' id='word_1_613' title='bbox 1295 1004 1406 1037; x_wconf 88' lang='lat' dir='ltr'>parum</span> <span class='ocrx_word' id='word_1_614' title='bbox 1417 996 1535 1037; x_wconf 85' lang='lat' dir='ltr'>aliquid</span> <span class='ocrx_word' id='word_1_615' title='bbox 1544 998 1579 1029; x_wconf 85' lang='lat' dir='ltr'>de</span> <span class='ocrx_word' id='word_1_616' title='bbox 1587 995 1756 1038; x_wconf 76' lang='lat' dir='ltr'>substantia</span> <span class='ocrx_word' id='word_1_617' title='bbox 1771 1001 1881 1030; x_wconf 80' lang='lat' dir='ltr'>Matris</span> <span class='ocrx_word' id='word_1_618' title='bbox 1889 996 1953 1040; x_wconf 80' lang='lat' dir='ltr'>suae</span> <span class='ocrx_word' id='word_1_619' title='bbox 1974 1001 2048 1031; x_wconf 80' lang='lat' dir='ltr'>dare</span> 
     </span>
     <span class='ocr_line' id='line_1_88' title="bbox 1164 1045 2051 1090; baseline 0.006 -13"><span class='ocrx_word' id='word_1_620' title='bbox 1164 1045 1301 1088; x_wconf 80' lang='lat' dir='ltr'>debuisset</span> <span class='ocrx_word' id='word_1_621' title='bbox 1328 1070 1335 1077; x_wconf 91' lang='lat'>.</span> <span class='ocrx_word' id='word_1_622' title='bbox 1366 1046 1598 1090; x_wconf 81' lang='lat' dir='ltr'>Virigantinus</span> <span class='ocrx_word' id='word_1_623' title='bbox 1621 1047 1750 1080; x_wconf 86' lang='lat' dir='ltr'>videtur</span> <span class='ocrx_word' id='word_1_624' title='bbox 1773 1058 1865 1081; x_wconf 89' lang='lat' dir='ltr'>more</span> <span class='ocrx_word' id='word_1_625' title='bbox 1889 1050 2051 1082; x_wconf 88' lang='lat' dir='ltr'>consueto</span> 
     </span>
     <span class='ocr_line' id='line_1_89' title="bbox 1164 1095 2050 1140; baseline 0.003 -12"><span class='ocrx_word' id='word_1_626' title='bbox 1164 1096 1426 1140; x_wconf 79' lang='lat' dir='ltr'>fuiffeingressus</span> <span class='ocrx_word' id='word_1_627' title='bbox 1438 1095 1696 1130; x_wconf 87' lang='lat' dir='ltr'>Monasterium:</span> <span class='ocrx_word' id='word_1_628' title='bbox 1731 1098 1885 1132; x_wconf 88' lang='lat' dir='ltr'>videlicet</span> <span class='ocrx_word' id='word_1_629' title='bbox 1896 1100 1935 1132; x_wconf 90' lang='lat' dir='ltr'>ad</span> <span class='ocrx_word' id='word_1_630' title='bbox 1961 1095 2050 1133; x_wconf 80' lang='lat' dir='ltr'>labo-</span> 
     </span>
    </p>
   </div>
   <div class='ocr_carea' id='block_1_10' title="bbox 1144 1143 2050 1189">
    <p class='ocr_par' dir='ltr' id='par_1_10' title="bbox 1144 1143 2050 1189">
     <span class='ocr_line' id='line_1_90' title="bbox 1144 1143 2050 1189; baseline 0.003 -11"><span class='ocrx_word' id='word_1_631' title='bbox 1144 1143 1146 1145; x_wconf 68' lang='grc'><strong>’</strong></span> <span class='ocrx_word' id='word_1_632' title='bbox 1165 1146 1303 1179; x_wconf 82' lang='lat' dir='ltr'>randum</span> <span class='ocrx_word' id='word_1_633' title='bbox 1316 1170 1326 1185; x_wconf 91' lang='lat'>,</span> <span class='ocrx_word' id='word_1_634' title='bbox 1340 1157 1438 1189; x_wconf 84' lang='lat' dir='ltr'>atque</span> <span class='ocrx_word' id='word_1_635' title='bbox 1454 1147 1496 1180; x_wconf 84' lang='lat' dir='ltr'>ita</span> <span class='ocrx_word' id='word_1_636' title='bbox 1511 1146 1627 1180; x_wconf 60' lang='lat' dir='ltr'>vidium</span> <span class='ocrx_word' id='word_1_637' title='bbox 1642 1149 1735 1181; x_wconf 90' lang='lat' dir='ltr'>suum</span> <span class='ocrx_word' id='word_1_638' title='bbox 1750 1149 1942 1182; x_wconf 90' lang='lat' dir='ltr'>lucrandum</span> <span class='ocrx_word' id='word_1_639' title='bbox 1958 1174 1964 1181; x_wconf 93' lang='lat'>.</span> <span class='ocrx_word' id='word_1_640' title='bbox 1985 1149 2050 1183; x_wconf 85' lang='lat' dir='ltr'>Ve-</span> 
     </span>
    </p>
   </div>
   <div class='ocr_carea' id='block_1_11' title="bbox 1166 1194 2060 1793">
    <p class='ocr_par' dir='ltr' id='par_1_11' title="bbox 1166 1194 2060 1793">
     <span class='ocr_line' id='line_1_91' title="bbox 1167 1194 2049 1243; baseline 0.006 -15"><span class='ocrx_word' id='word_1_641' title='bbox 1167 1195 1237 1229; x_wconf 74' lang='lat' dir='ltr'>rum</span> <span class='ocrx_word' id='word_1_642' title='bbox 1252 1194 1404 1238; x_wconf 71' lang='lat' dir='ltr'>professus</span> <span class='ocrx_word' id='word_1_643' title='bbox 1416 1197 1532 1230; x_wconf 86' lang='lat' dir='ltr'>maluit</span> <span class='ocrx_word' id='word_1_644' title='bbox 1547 1197 1663 1230; x_wconf 85' lang='lat' dir='ltr'>litteris</span> <span class='ocrx_word' id='word_1_645' title='bbox 1676 1210 1803 1238; x_wconf 89' lang='lat' dir='ltr'>vacare,</span> <span class='ocrx_word' id='word_1_646' title='bbox 1832 1199 1973 1243; x_wconf 88' lang='lat' dir='ltr'>ideoque</span> <span class='ocrx_word' id='word_1_647' title='bbox 1986 1211 2049 1232; x_wconf 86' lang='lat' dir='ltr'>ma-</span> 
     </span>
     <span class='ocr_line' id='line_1_92' title="bbox 1168 1244 2048 1291; baseline 0.005 -13"><span class='ocrx_word' id='word_1_648' title='bbox 1168 1244 1260 1278; x_wconf 85' lang='lat' dir='ltr'>nibus</span> <span class='ocrx_word' id='word_1_649' title='bbox 1271 1247 1397 1288; x_wconf 88' lang='lat' dir='ltr'>operari</span> <span class='ocrx_word' id='word_1_650' title='bbox 1411 1258 1477 1279; x_wconf 91' lang='lat' dir='ltr'>non</span> <span class='ocrx_word' id='word_1_651' title='bbox 1492 1248 1600 1288; x_wconf 88' lang='lat' dir='ltr'>potuit</span> <span class='ocrx_word' id='word_1_652' title='bbox 1613 1273 1620 1280; x_wconf 93' lang='lat'>.</span> <span class='ocrx_word' id='word_1_653' title='bbox 1652 1248 1745 1281; x_wconf 89' lang='lat' dir='ltr'>Hinc</span> <span class='ocrx_word' id='word_1_654' title='bbox 1762 1249 1817 1291; x_wconf 83' lang='lat' dir='ltr'>ipfi</span> <span class='ocrx_word' id='word_1_655' title='bbox 1846 1261 1887 1283; x_wconf 85' lang='lat' dir='ltr'>ex</span> <span class='ocrx_word' id='word_1_656' title='bbox 1903 1260 2048 1282; x_wconf 81' lang='lat' dir='ltr'>materna</span> 
     </span>
     <span class='ocr_line' id='line_1_93' title="bbox 1167 1294 2056 1340; baseline 0.006 -14"><span class='ocrx_word' id='word_1_657' title='bbox 1167 1294 1349 1328; x_wconf 72' lang='lat' dir='ltr'>haereditate</span> <span class='ocrx_word' id='word_1_658' title='bbox 1359 1294 1506 1338; x_wconf 76' lang='lat' dir='ltr'>Magnus</span> <span class='ocrx_word' id='word_1_659' title='bbox 1517 1297 1698 1340; x_wconf 83' lang='lat' dir='ltr'>Gregorius</span> <span class='ocrx_word' id='word_1_660' title='bbox 1708 1298 1794 1339; x_wconf 72' lang='lat' dir='ltr'>juffi:</span> <span class='ocrx_word' id='word_1_661' title='bbox 1805 1297 1872 1330; x_wconf 83' lang='lat' dir='ltr'>dari</span> <span class='ocrx_word' id='word_1_662' title='bbox 1887 1299 2056 1332; x_wconf 89' lang='lat' dir='ltr'>alimenta.</span> 
     </span>
     <span class='ocr_line' id='line_1_94' title="bbox 1167 1344 2056 1389; baseline 0.006 -13"><span class='ocrx_word' id='word_1_663' title='bbox 1167 1344 1209 1376; x_wconf 85' lang='lat' dir='ltr'>Et</span> <span class='ocrx_word' id='word_1_664' title='bbox 1222 1344 1355 1387; x_wconf 89' lang='lat' dir='ltr'>quidem</span> <span class='ocrx_word' id='word_1_665' title='bbox 1369 1346 1514 1378; x_wconf 86' lang='lat' dir='ltr'>violenta</span> <span class='ocrx_word' id='word_1_666' title='bbox 1528 1345 1606 1387; x_wconf 84' lang='lat' dir='ltr'>juris</span> <span class='ocrx_word' id='word_1_667' title='bbox 1619 1346 1668 1378; x_wconf 86' lang='lat' dir='ltr'>via</span> <span class='ocrx_word' id='word_1_668' title='bbox 1684 1347 1909 1389; x_wconf 75' lang='lat' dir='ltr'>perillustriss.</span> <span class='ocrx_word' id='word_1_669' title='bbox 1934 1349 2056 1382; x_wconf 86' lang='lat' dir='ltr'>Rorna-</span> 
     </span>
     <span class='ocr_line' id='line_1_95' title="bbox 1167 1394 2055 1442; baseline 0.006 -16"><span class='ocrx_word' id='word_1_670' title='bbox 1167 1404 1245 1427; x_wconf 83' lang='lat' dir='ltr'>num</span> <span class='ocrx_word' id='word_1_671' title='bbox 1259 1418 1269 1433; x_wconf 90' lang='lat'>‚</span> <span class='ocrx_word' id='word_1_672' title='bbox 1296 1394 1353 1428; x_wconf 92' lang='lat' dir='ltr'>sub</span> <span class='ocrx_word' id='word_1_673' title='bbox 1366 1395 1563 1437; x_wconf 86' lang='lat' dir='ltr'>Imperatore</span> <span class='ocrx_word' id='word_1_674' title='bbox 1577 1396 1740 1429; x_wconf 88' lang='lat' dir='ltr'>Mauritio</span> <span class='ocrx_word' id='word_1_675' title='bbox 1753 1421 1762 1435; x_wconf 91' lang='lat'>,</span> <span class='ocrx_word' id='word_1_676' title='bbox 1795 1397 1991 1442; x_wconf 78' lang='lat' dir='ltr'>Magistrum</span> <span class='ocrx_word' id='word_1_677' title='bbox 2006 1400 2055 1432; x_wconf 86' lang='lat' dir='ltr'>of-</span> 
     </span>
     <span class='ocr_line' id='line_1_96' title="bbox 1166 1444 2056 1489; baseline 0.006 -13"><span class='ocrx_word' id='word_1_678' title='bbox 1166 1445 1338 1477; x_wconf 86' lang='lat' dir='ltr'>ficiorum.</span> <span class='ocrx_word' id='word_1_679' title='bbox 1369 1444 1502 1478; x_wconf 82' lang='lat' dir='ltr'>Praefata</span> <span class='ocrx_word' id='word_1_680' title='bbox 1516 1445 1711 1479; x_wconf 81' lang='lat' dir='ltr'>Rhemeniis</span> <span class='ocrx_word' id='word_1_681' title='bbox 1732 1447 1889 1489; x_wconf 88' lang='lat' dir='ltr'>Synodus</span> <span class='ocrx_word' id='word_1_682' title='bbox 1912 1449 2056 1482; x_wconf 80' lang='lat' dir='ltr'>secundo</span> 
     </span>
     <span class='ocr_line' id='line_1_97' title="bbox 1167 1494 2058 1532; baseline 0.007 -5"><span class='ocrx_word' id='word_1_683' title='bbox 1167 1495 1303 1528; x_wconf 86' lang='lat' dir='ltr'>affirmat</span> <span class='ocrx_word' id='word_1_684' title='bbox 1315 1494 1496 1528; x_wconf 85' lang='lat' dir='ltr'>istiusmodi</span> <span class='ocrx_word' id='word_1_685' title='bbox 1509 1497 1710 1530; x_wconf 69' lang='lat' dir='ltr'>exafflonem</span> <span class='ocrx_word' id='word_1_686' title='bbox 1726 1497 1794 1530; x_wconf 77' lang='lat' dir='ltr'>fieri</span> <span class='ocrx_word' id='word_1_687' title='bbox 1808 1507 1875 1531; x_wconf 84' lang='lat' dir='ltr'>tuta</span> <span class='ocrx_word' id='word_1_688' title='bbox 1888 1501 2058 1532; x_wconf 86' lang='lat' dir='ltr'>conscien-</span> 
     </span>
     <span class='ocr_line' id='line_1_98' title="bbox 1169 1545 2057 1590; baseline 0.007 -13"><span class='ocrx_word' id='word_1_689' title='bbox 1169 1546 1232 1578; x_wconf 80' lang='lat' dir='ltr'>tia.</span> <span class='ocrx_word' id='word_1_690' title='bbox 1263 1545 1396 1578; x_wconf 85' lang='lat' dir='ltr'>Etenim</span> <span class='ocrx_word' id='word_1_691' title='bbox 1418 1547 1465 1578; x_wconf 91' lang='lat' dir='ltr'>uti</span> <span class='ocrx_word' id='word_1_692' title='bbox 1485 1546 1681 1588; x_wconf 77' lang='lat' dir='ltr'>Episcopus,</span> <span class='ocrx_word' id='word_1_693' title='bbox 1714 1558 1892 1590; x_wconf 83' lang='lat' dir='ltr'>antequam</span> <span class='ocrx_word' id='word_1_694' title='bbox 1916 1549 1958 1583; x_wconf 86' lang='lat' dir='ltr'>ad</span> <span class='ocrx_word' id='word_1_695' title='bbox 1984 1549 2057 1583; x_wconf 84' lang='lat' dir='ltr'>Cie-</span> 
     </span>
     <span class='ocr_line' id='line_1_99' title="bbox 1167 1593 2058 1638; baseline 0.006 -10"><span class='ocrx_word' id='word_1_696' title='bbox 1167 1606 1238 1628; x_wconf 89' lang='lat' dir='ltr'>rum</span> <span class='ocrx_word' id='word_1_697' title='bbox 1250 1593 1443 1629; x_wconf 84' lang='lat' dir='ltr'>admittat&amp;</span> <span class='ocrx_word' id='word_1_698' title='bbox 1459 1597 1627 1629; x_wconf 82' lang='lat' dir='ltr'>consecret</span> <span class='ocrx_word' id='word_1_699' title='bbox 1640 1623 1649 1638; x_wconf 91' lang='lat'><strong>‚</strong></span> <span class='ocrx_word' id='word_1_700' title='bbox 1679 1597 1721 1630; x_wconf 82' lang='lat' dir='ltr'>ita</span> <span class='ocrx_word' id='word_1_701' title='bbox 1750 1598 1783 1630; x_wconf 67' lang='grc' dir='ltr'>ὅ(</span> <span class='ocrx_word' id='word_1_702' title='bbox 1805 1598 1917 1632; x_wconf 81' lang='lat' dir='ltr'>Abbas</span> <span class='ocrx_word' id='word_1_703' title='bbox 1930 1624 1938 1638; x_wconf 89' lang='lat'>‚</span> <span class='ocrx_word' id='word_1_704' title='bbox 1965 1610 2058 1633; x_wconf 84' lang='lat' dir='ltr'>ante-</span> 
     </span>
     <span class='ocr_line' id='line_1_100' title="bbox 1167 1646 2058 1692; baseline 0.006 -14"><span class='ocrx_word' id='word_1_705' title='bbox 1167 1656 1266 1686; x_wconf 86' lang='lat' dir='ltr'>quam</span> <span class='ocrx_word' id='word_1_706' title='bbox 1280 1647 1338 1679; x_wconf 76' lang='lat' dir='ltr'>suo</span> <span class='ocrx_word' id='word_1_707' title='bbox 1353 1647 1481 1688; x_wconf 85' lang='lat' dir='ltr'>pauperi</span> <span class='ocrx_word' id='word_1_708' title='bbox 1499 1646 1708 1688; x_wconf 84' lang='lat' dir='ltr'>profitentem</span> <span class='ocrx_word' id='word_1_709' title='bbox 1722 1648 1892 1682; x_wconf 81' lang='lat' dir='ltr'>Coenobio</span> <span class='ocrx_word' id='word_1_710' title='bbox 1906 1651 2058 1692; x_wconf 82' lang='lat' dir='ltr'>incorpo-</span> 
     </span>
     <span class='ocr_line' id='line_1_101' title="bbox 1168 1696 2057 1741; baseline 0.008 -14"><span class='ocrx_word' id='word_1_711' title='bbox 1168 1704 1233 1733; x_wconf 84' lang='lat' dir='ltr'>ret,</span> <span class='ocrx_word' id='word_1_712' title='bbox 1264 1696 1366 1738; x_wconf 82' lang='lat' dir='ltr'>potest</span> <span class='ocrx_word' id='word_1_713' title='bbox 1377 1697 1509 1741; x_wconf 78' lang='lat' dir='ltr'>exigere</span> <span class='ocrx_word' id='word_1_714' title='bbox 1527 1698 1795 1739; x_wconf 84' lang='lat' dir='ltr'>patrimonialem</span> <span class='ocrx_word' id='word_1_715' title='bbox 1821 1699 1978 1738; x_wconf 84' lang='lat' dir='ltr'>titulum,</span> <span class='ocrx_word' id='word_1_716' title='bbox 2003 1702 2057 1734; x_wconf 71' lang='lat' dir='ltr'>stu</span> 
     </span>
     <span class='ocr_line' id='line_1_102' title="bbox 1167 1745 2060 1793; baseline 0.009 -16"><span class='ocrx_word' id='word_1_717' title='bbox 1167 1745 1321 1780; x_wconf 83' lang='lat' dir='ltr'>alimenta</span> <span class='ocrx_word' id='word_1_718' title='bbox 1332 1770 1339 1777; x_wconf 90' lang='lat'>.</span> <span class='ocrx_word' id='word_1_719' title='bbox 1370 1747 1472 1793; x_wconf 74' lang='lat' dir='ltr'>Quod</span> <span class='ocrx_word' id='word_1_720' title='bbox 1483 1745 1583 1780; x_wconf 87' lang='lat' dir='ltr'>etiam</span> <span class='ocrx_word' id='word_1_721' title='bbox 1597 1758 1707 1781; x_wconf 84' lang='lat' dir='ltr'>verum</span> <span class='ocrx_word' id='word_1_722' title='bbox 1721 1748 1766 1781; x_wconf 85' lang='lat' dir='ltr'>est</span> <span class='ocrx_word' id='word_1_723' title='bbox 1782 1773 1791 1788; x_wconf 87' lang='lat'>‚</span> <span class='ocrx_word' id='word_1_724' title='bbox 1818 1750 1897 1783; x_wconf 90' lang='lat' dir='ltr'>dum</span> <span class='ocrx_word' id='word_1_725' title='bbox 1910 1762 1968 1793; x_wconf 89' lang='lat' dir='ltr'>pro</span> <span class='ocrx_word' id='word_1_726' title='bbox 1992 1763 2060 1785; x_wconf 87' lang='lat' dir='ltr'>cer-</span> 
     </span>
    </p>
   </div>
   <div class='ocr_carea' id='block_1_12' title="bbox 1168 1798 2160 1845">
    <p class='ocr_par' dir='ltr' id='par_1_12' title="bbox 1168 1798 2160 1845">
     <span class='ocr_line' id='line_1_103' title="bbox 1168 1798 2160 1845; baseline 0.008 -17"><span class='ocrx_word' id='word_1_727' title='bbox 1168 1807 1203 1829; x_wconf 87' lang='lat' dir='ltr'>to</span> <span class='ocrx_word' id='word_1_728' title='bbox 1220 1807 1357 1829; x_wconf 88' lang='lat' dir='ltr'>numero</span> <span class='ocrx_word' id='word_1_729' title='bbox 1371 1798 1522 1830; x_wconf 85' lang='lat' dir='ltr'>dotatum</span> <span class='ocrx_word' id='word_1_730' title='bbox 1536 1798 1699 1832; x_wconf 74' lang='lat' dir='ltr'>Monastei</span> <span class='ocrx_word' id='word_1_731' title='bbox 1710 1798 1775 1831; x_wconf 90' lang='lat' dir='ltr'>ium</span> <span class='ocrx_word' id='word_1_732' title='bbox 1789 1799 1935 1833; x_wconf 79' lang='lat' dir='ltr'>admittit</span> <span class='ocrx_word' id='word_1_733' title='bbox 1948 1802 2053 1845; x_wconf 88' lang='lat' dir='ltr'>super·</span> <span class='ocrx_word' id='word_1_734' title='bbox 2105 1838 2109 1842; x_wconf 71' lang='grc'>,</span> <span class='ocrx_word' id='word_1_735' title='bbox 2150 1838 2160 1843; x_wconf 68' lang='lat'>.,</span> 
     </span>
    </p>
   </div>
   <div class='ocr_carea' id='block_1_13' title="bbox 1149 1846 2058 3586">
    <p class='ocr_par' dir='ltr' id='par_1_13' title="bbox 1149 1846 2058 3586">
     <span class='ocr_line' id='line_1_104' title="bbox 1171 1846 2056 1885; baseline 0.006 -5"><span class='ocrx_word' id='word_1_736' title='bbox 1171 1847 1391 1880; x_wconf 85' lang='lat' dir='ltr'>numerarios.</span> <span class='ocrx_word' id='word_1_737' title='bbox 1422 1847 1579 1881; x_wconf 79' lang='lat' dir='ltr'>Attamen</span> <span class='ocrx_word' id='word_1_738' title='bbox 1606 1846 1723 1881; x_wconf 89' lang='lat' dir='ltr'>horum</span> <span class='ocrx_word' id='word_1_739' title='bbox 1762 1849 1970 1884; x_wconf 84' lang='lat' dir='ltr'>alimentatio</span> <span class='ocrx_word' id='word_1_740' title='bbox 2009 1852 2056 1885; x_wconf 81' lang='lat' dir='ltr'>est</span> 
     </span>
     <span class='ocr_line' id='line_1_105' title="bbox 1169 1896 2057 1943; baseline 0.007 -14"><span class='ocrx_word' id='word_1_741' title='bbox 1169 1897 1380 1939; x_wconf 83' lang='lat' dir='ltr'>temporalis:</span> <span class='ocrx_word' id='word_1_742' title='bbox 1408 1896 1577 1943; x_wconf 74' lang='lat' dir='ltr'>quousque</span> <span class='ocrx_word' id='word_1_743' title='bbox 1595 1909 1634 1931; x_wconf 89' lang='lat' dir='ltr'>ex</span> <span class='ocrx_word' id='word_1_744' title='bbox 1660 1900 1949 1942; x_wconf 84' lang='lat' dir='ltr'>supernumerariis</span> <span class='ocrx_word' id='word_1_745' title='bbox 1973 1902 2057 1935; x_wconf 84' lang='lat' dir='ltr'>fiant</span> 
     </span>
     <span class='ocr_line' id='line_1_106' title="bbox 1170 1947 2055 1985; baseline 0.006 -5"><span class='ocrx_word' id='word_1_746' title='bbox 1170 1947 1362 1981; x_wconf 85' lang='lat' dir='ltr'>numerarii.</span> <span class='ocrx_word' id='word_1_747' title='bbox 1393 1947 1441 1982; x_wconf 86' lang='lat' dir='ltr'>lta</span> <span class='ocrx_word' id='word_1_748' title='bbox 1455 1949 1485 1981; x_wconf 88' lang='lat' dir='ltr'>se</span> <span class='ocrx_word' id='word_1_749' title='bbox 1500 1947 1595 1982; x_wconf 81' lang='lat' dir='ltr'>habet</span> <span class='ocrx_word' id='word_1_750' title='bbox 1611 1949 1654 1982; x_wconf 85' lang='lat' dir='ltr'>rei</span> <span class='ocrx_word' id='word_1_751' title='bbox 1669 1960 1801 1983; x_wconf 85' lang='lat' dir='ltr'>natura.</span> <span class='ocrx_word' id='word_1_752' title='bbox 1831 1949 1958 1984; x_wconf 77' lang='lat' dir='ltr'>Verum</span> <span class='ocrx_word' id='word_1_753' title='bbox 1971 1951 2055 1985; x_wconf 90' lang='lat' dir='ltr'>Tri—</span> 
     </span>
     <span class='ocr_line' id='line_1_107' title="bbox 1168 1998 2055 2044; baseline 0.005 -13"><span class='ocrx_word' id='word_1_754' title='bbox 1168 1998 1304 2031; x_wconf 83' lang='lat' dir='ltr'>demina</span> <span class='ocrx_word' id='word_1_755' title='bbox 1328 1998 1482 2039; x_wconf 82' lang='lat' dir='ltr'>synodus</span> <span class='ocrx_word' id='word_1_756' title='bbox 1508 1999 1613 2031; x_wconf 83' lang='lat' dir='ltr'>sanxit</span> <span class='ocrx_word' id='word_1_757' title='bbox 1636 2000 1723 2032; x_wconf 73' lang='lat' dir='ltr'>:iliud</span> <span class='ocrx_word' id='word_1_758' title='bbox 1750 2024 1759 2038; x_wconf 92' lang='lat'>‚</span> <span class='ocrx_word' id='word_1_759' title='bbox 1788 2011 1866 2034; x_wconf 84' lang='lat' dir='ltr'>mox</span> <span class='ocrx_word' id='word_1_760' title='bbox 1888 2012 2055 2044; x_wconf 83' lang='lat' dir='ltr'>exponen-</span> 
     </span>
     <span class='ocr_line' id='line_1_108' title="bbox 1169 2046 2053 2090; baseline 0.006 -11"><span class='ocrx_word' id='word_1_761' title='bbox 1169 2047 1248 2080; x_wconf 91' lang='lat' dir='ltr'>dum</span> <span class='ocrx_word' id='word_1_762' title='bbox 1262 2071 1269 2078; x_wconf 92' lang='lat'>.</span> <span class='ocrx_word' id='word_1_763' title='bbox 1299 2046 1489 2080; x_wconf 82' lang='lat' dir='ltr'>Rhemensis</span> <span class='ocrx_word' id='word_1_764' title='bbox 1504 2049 1657 2090; x_wconf 87' lang='lat' dir='ltr'>Synodus</span> <span class='ocrx_word' id='word_1_765' title='bbox 1670 2050 1806 2083; x_wconf 84' lang='lat' dir='ltr'>affirmat</span> <span class='ocrx_word' id='word_1_766' title='bbox 1820 2051 1932 2084; x_wconf 75' lang='lat' dir='ltr'>tertio:</span> <span class='ocrx_word' id='word_1_767' title='bbox 1965 2055 2053 2084; x_wconf 72' lang='lat' dir='ltr'>Modo</span> 
     </span>
     <span class='ocr_line' id='line_1_109' title="bbox 1169 2096 2053 2145; baseline 0.008 -17"><span class='ocrx_word' id='word_1_768' title='bbox 1169 2098 1203 2128; x_wconf 86' lang='lat' dir='ltr'>id</span> <span class='ocrx_word' id='word_1_769' title='bbox 1219 2097 1279 2138; x_wconf 87' lang='lat' dir='ltr'>fiat</span> <span class='ocrx_word' id='word_1_770' title='bbox 1302 2106 1373 2129; x_wconf 85' lang='lat' dir='ltr'>ante</span> <span class='ocrx_word' id='word_1_771' title='bbox 1399 2107 1534 2129; x_wconf 84' lang='lat' dir='ltr'>votorum</span> <span class='ocrx_word' id='word_1_772' title='bbox 1555 2099 1741 2137; x_wconf 74' lang='lat' dir='ltr'>emffionem.</span> <span class='ocrx_word' id='word_1_773' title='bbox 1771 2096 1818 2134; x_wconf 65' lang='lat' dir='ltr'>iia</span> <span class='ocrx_word' id='word_1_774' title='bbox 1846 2101 1959 2145; x_wconf 80' lang='lat' dir='ltr'>legunt</span> <span class='ocrx_word' id='word_1_775' title='bbox 1984 2112 2053 2137; x_wconf 73' lang='lat' dir='ltr'>n&#39;on</span> 
     </span>
     <span class='ocr_line' id='line_1_110' title="bbox 1168 2146 2055 2194; baseline 0.007 -16"><span class='ocrx_word' id='word_1_776' title='bbox 1168 2146 1341 2179; x_wconf 84' lang='lat' dir='ltr'>dumtaxat</span> <span class='ocrx_word' id='word_1_777' title='bbox 1354 2146 1545 2180; x_wconf 84' lang='lat' dir='ltr'>Ludovicus</span> <span class='ocrx_word' id='word_1_778' title='bbox 1557 2148 1713 2190; x_wconf 82' lang='lat' dir='ltr'>Odespun</span> <span class='ocrx_word' id='word_1_779' title='bbox 1729 2173 1739 2187; x_wconf 90' lang='lat'><em>‚</em></span> <span class='ocrx_word' id='word_1_780' title='bbox 1753 2150 1804 2182; x_wconf 87' lang='lat' dir='ltr'>sed</span> <span class='ocrx_word' id='word_1_781' title='bbox 1815 2152 1916 2183; x_wconf 86' lang='lat' dir='ltr'>eriam</span> <span class='ocrx_word' id='word_1_782' title='bbox 1929 2151 2055 2194; x_wconf 82' lang='lat' dir='ltr'>Philip-</span> 
     </span>
     <span class='ocr_line' id='line_1_111' title="bbox 1170 2196 2054 2238; baseline 0.009 -11"><span class='ocrx_word' id='word_1_783' title='bbox 1170 2207 1226 2238; x_wconf 85' lang='lat' dir='ltr'>pus</span> <span class='ocrx_word' id='word_1_784' title='bbox 1242 2196 1432 2230; x_wconf 86' lang='lat' dir='ltr'>Labbeus&amp;</span> <span class='ocrx_word' id='word_1_785' title='bbox 1446 2196 1579 2231; x_wconf 83' lang='lat' dir='ltr'>Gabriel</span> <span class='ocrx_word' id='word_1_786' title='bbox 1594 2198 1790 2231; x_wconf 66' lang='lat' dir='ltr'>Coffartius.</span> <span class='ocrx_word' id='word_1_787' title='bbox 1824 2199 1876 2232; x_wconf 82' lang='lat' dir='ltr'>Est</span> <span class='ocrx_word' id='word_1_788' title='bbox 1893 2201 1988 2234; x_wconf 68' lang='lat' dir='ltr'>lestio</span> <span class='ocrx_word' id='word_1_789' title='bbox 2009 2203 2054 2235; x_wconf 89' lang='lat' dir='ltr'>su·</span> 
     </span>
     <span class='ocr_line' id='line_1_112' title="bbox 1168 2245 2054 2293; baseline 0.008 -15"><span class='ocrx_word' id='word_1_790' title='bbox 1168 2247 1286 2287; x_wconf 66' lang='lat' dir='ltr'>spesta.</span> <span class='ocrx_word' id='word_1_791' title='bbox 1317 2246 1458 2280; x_wconf 85' lang='lat' dir='ltr'>Videtur</span> <span class='ocrx_word' id='word_1_792' title='bbox 1469 2245 1645 2291; x_wconf 85' lang='lat' dir='ltr'>legendum</span> <span class='ocrx_word' id='word_1_793' title='bbox 1662 2261 1669 2280; x_wconf 89' lang='lat'>:</span> <span class='ocrx_word' id='word_1_794' title='bbox 1701 2251 1789 2280; x_wconf 76' lang='lat' dir='ltr'>Modo</span> <span class='ocrx_word' id='word_1_795' title='bbox 1800 2252 1835 2282; x_wconf 83' lang='lat' dir='ltr'>id</span> <span class='ocrx_word' id='word_1_796' title='bbox 1846 2250 1967 2293; x_wconf 79' lang='lat' dir='ltr'>nonfi‘at</span> <span class='ocrx_word' id='word_1_797' title='bbox 1980 2262 2054 2286; x_wconf 79' lang='lat' dir='ltr'>ante</span> 
     </span>
     <span class='ocr_line' id='line_1_113' title="bbox 1169 2297 2054 2342; baseline 0.009 -14"><span class='ocrx_word' id='word_1_798' title='bbox 1169 2306 1303 2328; x_wconf 83' lang='lat' dir='ltr'>votorum</span> <span class='ocrx_word' id='word_1_799' title='bbox 1328 2297 1514 2336; x_wconf 70' lang='lat' dir='ltr'>emifflonem.</span> <span class='ocrx_word' id='word_1_800' title='bbox 1543 2298 1685 2331; x_wconf 84' lang='lat' dir='ltr'>Videtur</span> <span class='ocrx_word' id='word_1_801' title='bbox 1720 2298 1787 2332; x_wconf 68' lang='lat' dir='ltr'>bae:</span> <span class='ocrx_word' id='word_1_802' title='bbox 1816 2302 1971 2342; x_wconf 85' lang='lat' dir='ltr'>Synodus</span> <span class='ocrx_word' id='word_1_803' title='bbox 1993 2302 2054 2336; x_wconf 85' lang='lat' dir='ltr'>ista.</span> 
     </span>
     <span class='ocr_line' id='line_1_114' title="bbox 1169 2346 2053 2390; baseline 0.008 -12"><span class='ocrx_word' id='word_1_804' title='bbox 1169 2346 1326 2388; x_wconf 69' lang='lat' dir='ltr'>sumpsisse</span> <span class='ocrx_word' id='word_1_805' title='bbox 1337 2359 1375 2380; x_wconf 87' lang='lat' dir='ltr'>ex</span> <span class='ocrx_word' id='word_1_806' title='bbox 1389 2348 1527 2390; x_wconf 82' lang='lat' dir='ltr'>Synodo</span> <span class='ocrx_word' id='word_1_807' title='bbox 1552 2347 1724 2382; x_wconf 87' lang='lat' dir='ltr'>Tristandi</span> <span class='ocrx_word' id='word_1_808' title='bbox 1746 2350 1787 2383; x_wconf 90' lang='lat' dir='ltr'>de</span> <span class='ocrx_word' id='word_1_809' title='bbox 1809 2351 1959 2390; x_wconf 76' lang='lat' dir='ltr'>salazar,</span> <span class='ocrx_word' id='word_1_810' title='bbox 1985 2353 2053 2386; x_wconf 84' lang='lat' dir='ltr'>Ar·-</span> 
     </span>
     <span class='ocr_line' id='line_1_115' title="bbox 1166 2395 2053 2443; baseline 0.008 -15"><span class='ocrx_word' id='word_1_811' title='bbox 1166 2395 1394 2439; x_wconf 74' lang='lat' dir='ltr'>chi-Episcopi</span> <span class='ocrx_word' id='word_1_812' title='bbox 1408 2398 1625 2431; x_wconf 85' lang='lat' dir='ltr'>Senonenfis:</span> <span class='ocrx_word' id='word_1_813' title='bbox 1653 2401 1683 2431; x_wconf 85' lang='lat' dir='ltr'>si</span> <span class='ocrx_word' id='word_1_814' title='bbox 1695 2400 1862 2440; x_wconf 76' lang='lat' dir='ltr'>autempost</span> <span class='ocrx_word' id='word_1_815' title='bbox 1875 2400 1972 2443; x_wconf 78' lang='lat' dir='ltr'>ipsum</span> <span class='ocrx_word' id='word_1_816' title='bbox 1986 2406 2053 2435; x_wconf 86' lang='lat' dir='ltr'>Re·-</span> 
     </span>
     <span class='ocr_line' id='line_1_116' title="bbox 1165 2447 2058 2494; baseline 0.006 -16"><span class='ocrx_word' id='word_1_817' title='bbox 1165 2448 1282 2489; x_wconf 82' lang='lat' dir='ltr'>ligionls</span> <span class='ocrx_word' id='word_1_818' title='bbox 1299 2447 1450 2490; x_wconf 78' lang='lat' dir='ltr'>ingressum</span> <span class='ocrx_word' id='word_1_819' title='bbox 1457 2447 1558 2488; x_wconf 82' lang='lat' dir='ltr'>fuerit</span> <span class='ocrx_word' id='word_1_820' title='bbox 1569 2450 1690 2490; x_wconf 79' lang='lat' dir='ltr'>aliquid</span> <span class='ocrx_word' id='word_1_821' title='bbox 1704 2449 1743 2481; x_wconf 80' lang='lat' dir='ltr'>ab</span> <span class='ocrx_word' id='word_1_822' title='bbox 1766 2449 1834 2490; x_wconf 76' lang='lat' dir='ltr'>ipfis</span> <span class='ocrx_word' id='word_1_823' title='bbox 1860 2451 2058 2494; x_wconf 74' lang='lat' dir='ltr'>ingredienti-</span> 
     </span>
     <span class='ocr_line' id='line_1_117' title="bbox 1166 2497 2053 2538; baseline 0.007 -10"><span class='ocrx_word' id='word_1_824' title='bbox 1166 2497 1221 2529; x_wconf 87' lang='lat' dir='ltr'>bus</span> <span class='ocrx_word' id='word_1_825' title='bbox 1234 2522 1243 2536; x_wconf 88' lang='lat'><strong><em>,</em></strong></span> <span class='ocrx_word' id='word_1_826' title='bbox 1272 2499 1322 2529; x_wconf 86' lang='lat' dir='ltr'>vel</span> <span class='ocrx_word' id='word_1_827' title='bbox 1335 2509 1433 2529; x_wconf 83' lang='lat' dir='ltr'>eorum</span> <span class='ocrx_word' id='word_1_828' title='bbox 1440 2497 1618 2538; x_wconf 83' lang='lat' dir='ltr'>parentibus</span> <span class='ocrx_word' id='word_1_829' title='bbox 1632 2523 1642 2538; x_wconf 90' lang='lat'><em>‚</em></span> <span class='ocrx_word' id='word_1_830' title='bbox 1671 2499 1844 2538; x_wconf 79' lang='lat' dir='ltr'>Monasterio</span> <span class='ocrx_word' id='word_1_831' title='bbox 1856 2512 1894 2533; x_wconf 81' lang='lat' dir='ltr'>ex</span> <span class='ocrx_word' id='word_1_832' title='bbox 1919 2503 2053 2536; x_wconf 83' lang='lat' dir='ltr'>devotio-</span> 
     </span>
     <span class='ocr_line' id='line_1_118' title="bbox 1165 2547 2051 2591; baseline 0.008 -12"><span class='ocrx_word' id='word_1_833' title='bbox 1165 2558 1200 2579; x_wconf 90' lang='lat' dir='ltr'>ne</span> <span class='ocrx_word' id='word_1_834' title='bbox 1211 2547 1365 2585; x_wconf 82' lang='lat' dir='ltr'>oblatum,</span> <span class='ocrx_word' id='word_1_835' title='bbox 1394 2547 1473 2579; x_wconf 81' lang='lat' dir='ltr'>illud</span> <span class='ocrx_word' id='word_1_836' title='bbox 1490 2553 1580 2588; x_wconf 82' lang='lat' dir='ltr'>recipi</span> <span class='ocrx_word' id='word_1_837' title='bbox 1607 2551 1733 2582; x_wconf 63' lang='lat' dir='ltr'>mlnime*</span> <span class='ocrx_word' id='word_1_838' title='bbox 1762 2549 1952 2591; x_wconf 84' lang='lat' dir='ltr'>probibemus</span> <span class='ocrx_word' id='word_1_839' title='bbox 1969 2577 1976 2583; x_wconf 88' lang='lat'>.</span> <span class='ocrx_word' id='word_1_840' title='bbox 2009 2553 2051 2586; x_wconf 83' lang='lat' dir='ltr'>Et</span> 
     </span>
     <span class='ocr_line' id='line_1_119' title="bbox 1165 2596 2049 2645; baseline 0.007 -15"><span class='ocrx_word' id='word_1_841' title='bbox 1165 2598 1297 2641; x_wconf 89' lang='lat' dir='ltr'>quidem</span> <span class='ocrx_word' id='word_1_842' title='bbox 1311 2596 1400 2639; x_wconf 91' lang='lat' dir='ltr'>quod</span> <span class='ocrx_word' id='word_1_843' title='bbox 1415 2597 1484 2639; x_wconf 88' lang='lat' dir='ltr'>post</span> <span class='ocrx_word' id='word_1_844' title='bbox 1498 2597 1729 2640; x_wconf 86' lang='lat' dir='ltr'>profeffionem</span> <span class='ocrx_word' id='word_1_845' title='bbox 1751 2599 1878 2643; x_wconf 87' lang='lat' dir='ltr'>aliquid</span> <span class='ocrx_word' id='word_1_846' title='bbox 1899 2601 1940 2635; x_wconf 90' lang='lat' dir='ltr'>ab</span> <span class='ocrx_word' id='word_1_847' title='bbox 1962 2614 2049 2645; x_wconf 89' lang='lat' dir='ltr'>opu-</span> 
     </span>
     <span class='ocr_line' id='line_1_120' title="bbox 1164 2647 2047 2697; baseline 0.008 -18"><span class='ocrx_word' id='word_1_848' title='bbox 1164 2647 1253 2680; x_wconf 87' lang='lat' dir='ltr'>lento</span> <span class='ocrx_word' id='word_1_849' title='bbox 1267 2648 1365 2689; x_wconf 78' lang='lat' dir='ltr'>recipi</span> <span class='ocrx_word' id='word_1_850' title='bbox 1381 2671 1390 2685; x_wconf 88' lang='lat'>‚</span> <span class='ocrx_word' id='word_1_851' title='bbox 1416 2648 1449 2680; x_wconf 72' lang='grc' dir='ltr'>ὅ(</span> <span class='ocrx_word' id='word_1_852' title='bbox 1462 2647 1479 2680; x_wconf 74' lang='lat' dir='ltr'>a</span> <span class='ocrx_word' id='word_1_853' title='bbox 1495 2658 1628 2690; x_wconf 85' lang='lat' dir='ltr'>paupere</span> <span class='ocrx_word' id='word_1_854' title='bbox 1641 2647 1807 2683; x_wconf 86' lang='lat' dir='ltr'>Coenobio</span> <span class='ocrx_word' id='word_1_855' title='bbox 1831 2651 1923 2694; x_wconf 84' lang='lat' dir='ltr'>poffit</span> <span class='ocrx_word' id='word_1_856' title='bbox 1933 2654 2021 2697; x_wconf 83' lang='lat' dir='ltr'>exigi</span> <span class='ocrx_word' id='word_1_857' title='bbox 2036 2678 2047 2694; x_wconf 84' lang='lat'><em>,</em></span> 
     </span>
     <span class='ocr_line' id='line_1_121' title="bbox 1162 2696 2046 2746; baseline 0.009 -17"><span class='ocrx_word' id='word_1_858' title='bbox 1162 2696 1257 2731; x_wconf 84' lang='lat' dir='ltr'>docet</span> <span class='ocrx_word' id='word_1_859' title='bbox 1271 2696 1445 2730; x_wconf 66' lang='lat' dir='ltr'>adductum</span> <span class='ocrx_word' id='word_1_860' title='bbox 1464 2699 1649 2740; x_wconf 84' lang='lat' dir='ltr'>exemplum</span> <span class='ocrx_word' id='word_1_861' title='bbox 1663 2711 1703 2732; x_wconf 86' lang='lat' dir='ltr'>ex</span> <span class='ocrx_word' id='word_1_862' title='bbox 1718 2701 1849 2744; x_wconf 86' lang='lat' dir='ltr'>Magno</span> <span class='ocrx_word' id='word_1_863' title='bbox 1863 2703 2046 2746; x_wconf 84' lang='lat' dir='ltr'>Gregorio.</span> 
     </span>
     <span class='ocr_line' id='line_1_122' title="bbox 1164 2746 2048 2794; baseline 0.009 -16"><span class='ocrx_word' id='word_1_864' title='bbox 1164 2746 1322 2779; x_wconf 81' lang='lat' dir='ltr'>Etfareor</span> <span class='ocrx_word' id='word_1_865' title='bbox 1345 2747 1437 2779; x_wconf 82' lang='lat' dir='ltr'>istam</span> <span class='ocrx_word' id='word_1_866' title='bbox 1461 2747 1665 2781; x_wconf 83' lang='lat' dir='ltr'>oblationem</span> <span class='ocrx_word' id='word_1_867' title='bbox 1696 2761 1733 2782; x_wconf 86' lang='lat' dir='ltr'>ac</span> <span class='ocrx_word' id='word_1_868' title='bbox 1754 2749 1972 2794; x_wconf 86' lang='lat' dir='ltr'>receptionem</span> <span class='ocrx_word' id='word_1_869' title='bbox 1985 2754 2048 2786; x_wconf 75' lang='lat' dir='ltr'>esse</span> 
     </span>
     <span class='ocr_line' id='line_1_123' title="bbox 1162 2796 2046 2842; baseline 0.008 -12"><span class='ocrx_word' id='word_1_870' title='bbox 1162 2797 1266 2841; x_wconf 84' lang='lat' dir='ltr'>magis</span> <span class='ocrx_word' id='word_1_871' title='bbox 1281 2796 1416 2830; x_wconf 85' lang='lat' dir='ltr'>liberam</span> <span class='ocrx_word' id='word_1_872' title='bbox 1430 2821 1440 2837; x_wconf 87' lang='lat'>,</span> <span class='ocrx_word' id='word_1_873' title='bbox 1452 2797 1625 2841; x_wconf 89' lang='lat' dir='ltr'>minusque</span> <span class='ocrx_word' id='word_1_874' title='bbox 1640 2800 1812 2842; x_wconf 68' lang='lat' dir='ltr'>suspestam</span> <span class='ocrx_word' id='word_1_875' title='bbox 1828 2825 1835 2832; x_wconf 93' lang='lat'>.</span> <span class='ocrx_word' id='word_1_876' title='bbox 1868 2801 1921 2836; x_wconf 86' lang='lat' dir='ltr'>Ut</span> <span class='ocrx_word' id='word_1_877' title='bbox 1934 2813 2046 2837; x_wconf 88' lang='lat' dir='ltr'>tamen</span> 
     </span>
     <span class='ocr_line' id='line_1_124' title="bbox 1163 2846 2046 2890; baseline 0.008 -10"><span class='ocrx_word' id='word_1_878' title='bbox 1163 2847 1196 2880; x_wconf 88' lang='lat'>&amp;</span> <span class='ocrx_word' id='word_1_879' title='bbox 1223 2847 1317 2880; x_wconf 66' lang='lat' dir='ltr'>antea</span> <span class='ocrx_word' id='word_1_880' title='bbox 1336 2846 1416 2887; x_wconf 83' lang='lat' dir='ltr'>fiat,</span> <span class='ocrx_word' id='word_1_881' title='bbox 1442 2847 1560 2881; x_wconf 73' lang='lat' dir='ltr'>diserte</span> <span class='ocrx_word' id='word_1_882' title='bbox 1583 2849 1741 2890; x_wconf 83' lang='lat' dir='ltr'>permittit</span> <span class='ocrx_word' id='word_1_883' title='bbox 1766 2874 1777 2889; x_wconf 92' lang='lat'>,</span> <span class='ocrx_word' id='word_1_884' title='bbox 1803 2849 1873 2883; x_wconf 77' lang='lat' dir='ltr'>imo</span> <span class='ocrx_word' id='word_1_885' title='bbox 1911 2854 2046 2887; x_wconf 84' lang='lat' dir='ltr'>mandat</span> 
     </span>
     <span class='ocr_line' id='line_1_125' title="bbox 1162 2896 2044 2940; baseline 0.008 -11"><span class='ocrx_word' id='word_1_886' title='bbox 1162 2896 1290 2940; x_wconf 81' lang='lat' dir='ltr'>Regula</span> <span class='ocrx_word' id='word_1_887' title='bbox 1305 2898 1403 2930; x_wconf 71' lang='lat' dir='ltr'>sansti</span> <span class='ocrx_word' id='word_1_888' title='bbox 1420 2897 1585 2932; x_wconf 72' lang='lat' dir='ltr'>Beneditsti</span> <span class='ocrx_word' id='word_1_889' title='bbox 1602 2922 1609 2930; x_wconf 94' lang='lat'>.</span> <span class='ocrx_word' id='word_1_890' title='bbox 1639 2899 1761 2932; x_wconf 89' lang='lat' dir='ltr'>Eadem</span> <span class='ocrx_word' id='word_1_891' title='bbox 1784 2900 1828 2933; x_wconf 81' lang='lat' dir='ltr'>est</span> <span class='ocrx_word' id='word_1_892' title='bbox 1843 2901 1926 2934; x_wconf 86' lang='lat' dir='ltr'>tario</span> <span class='ocrx_word' id='word_1_893' title='bbox 1954 2903 2044 2937; x_wconf 80' lang='lat' dir='ltr'>istius</span> 
     </span>
     <span class='ocr_line' id='line_1_126' title="bbox 1159 2948 2045 2994; baseline 0.009 -15"><span class='ocrx_word' id='word_1_894' title='bbox 1159 2948 1357 2980; x_wconf 68' lang='lat' dir='ltr'>exastionis.</span> <span class='ocrx_word' id='word_1_895' title='bbox 1390 2948 1530 2990; x_wconf 88' lang='lat' dir='ltr'>Expedit</span> <span class='ocrx_word' id='word_1_896' title='bbox 1555 2949 1653 2990; x_wconf 82' lang='lat' dir='ltr'>ipsam</span> <span class='ocrx_word' id='word_1_897' title='bbox 1679 2949 1747 2982; x_wconf 83' lang='lat' dir='ltr'>fieri</span> <span class='ocrx_word' id='word_1_898' title='bbox 1770 2960 1846 2984; x_wconf 87' lang='lat' dir='ltr'>ante</span> <span class='ocrx_word' id='word_1_899' title='bbox 1873 2953 2045 2994; x_wconf 68' lang='lat' dir='ltr'>professio-</span> 
     </span>
     <span class='ocr_line' id='line_1_127' title="bbox 1159 2997 2042 3041; baseline 0.01 -12"><span class='ocrx_word' id='word_1_900' title='bbox 1159 3007 1251 3031; x_wconf 90' lang='lat' dir='ltr'>nem.</span> <span class='ocrx_word' id='word_1_901' title='bbox 1284 2997 1415 3031; x_wconf 85' lang='lat' dir='ltr'>Nam&amp;</span> <span class='ocrx_word' id='word_1_902' title='bbox 1443 2998 1593 3041; x_wconf 88' lang='lat' dir='ltr'>Episcopi</span> <span class='ocrx_word' id='word_1_903' title='bbox 1621 3000 1884 3041; x_wconf 85' lang='lat' dir='ltr'>patrimonialem</span> <span class='ocrx_word' id='word_1_904' title='bbox 1907 3003 2042 3038; x_wconf 87' lang='lat' dir='ltr'>titulum</span> 
     </span>
     <span class='ocr_line' id='line_1_128' title="bbox 1159 3048 2044 3091; baseline 0.007 -10"><span class='ocrx_word' id='word_1_905' title='bbox 1159 3048 1460 3081; x_wconf 65' lang='lat' dir='ltr'>nonacensecratis</span> <span class='ocrx_word' id='word_1_906' title='bbox 1480 3048 1619 3091; x_wconf 88' lang='lat' dir='ltr'>exigunt</span> <span class='ocrx_word' id='word_1_907' title='bbox 1635 3049 1798 3090; x_wconf 89' lang='lat' dir='ltr'>Clericis,</span> <span class='ocrx_word' id='word_1_908' title='bbox 1825 3051 1876 3085; x_wconf 84' lang='lat' dir='ltr'>sed</span> <span class='ocrx_word' id='word_1_909' title='bbox 1899 3053 1915 3086; x_wconf 71' lang='lat' dir='ltr'>a</span> <span class='ocrx_word' id='word_1_910' title='bbox 1930 3055 2044 3087; x_wconf 89' lang='lat' dir='ltr'>conse-</span> 
     </span>
     <span class='ocr_line' id='line_1_129' title="bbox 1159 3097 2039 3142; baseline 0.007 -11"><span class='ocrx_word' id='word_1_911' title='bbox 1159 3098 1305 3131; x_wconf 84' lang='lat' dir='ltr'>crandis.</span> <span class='ocrx_word' id='word_1_912' title='bbox 1331 3097 1462 3142; x_wconf 81' lang='lat' dir='ltr'>Qarto</span> <span class='ocrx_word' id='word_1_913' title='bbox 1487 3098 1626 3131; x_wconf 86' lang='lat' dir='ltr'>affirmat</span> <span class='ocrx_word' id='word_1_914' title='bbox 1647 3099 1829 3134; x_wconf 88' lang='lat' dir='ltr'>istiusmodi</span> <span class='ocrx_word' id='word_1_915' title='bbox 1852 3102 2039 3137; x_wconf 71' lang='lat' dir='ltr'>exa-stiones</span> 
     </span>
     <span class='ocr_line' id='line_1_130' title="bbox 1158 3147 2041 3193; baseline 0.006 -12"><span class='ocrx_word' id='word_1_916' title='bbox 1158 3148 1308 3182; x_wconf 89' lang='lat' dir='ltr'>interdici</span> <span class='ocrx_word' id='word_1_917' title='bbox 1345 3148 1363 3180; x_wconf 69' lang='grc' dir='ltr'>ὲ</span> <span class='ocrx_word' id='word_1_918' title='bbox 1381 3147 1582 3181; x_wconf 88' lang='lat' dir='ltr'>Tridentina</span> <span class='ocrx_word' id='word_1_919' title='bbox 1606 3149 1765 3191; x_wconf 89' lang='lat' dir='ltr'>Synodo,</span> <span class='ocrx_word' id='word_1_920' title='bbox 1794 3151 1932 3193; x_wconf 84' lang='lat' dir='ltr'>ideoque</span> <span class='ocrx_word' id='word_1_921' title='bbox 1950 3154 2041 3186; x_wconf 86' lang='lat' dir='ltr'>dein·</span> 
     </span>
     <span class='ocr_line' id='line_1_131' title="bbox 1156 3198 2040 3240; baseline 0.009 -12"><span class='ocrx_word' id='word_1_922' title='bbox 1156 3209 1229 3240; x_wconf 88' lang='lat' dir='ltr'>ceps</span> <span class='ocrx_word' id='word_1_923' title='bbox 1254 3209 1320 3232; x_wconf 88' lang='lat' dir='ltr'>non</span> <span class='ocrx_word' id='word_1_924' title='bbox 1336 3198 1448 3230; x_wconf 86' lang='lat' dir='ltr'>licere.</span> <span class='ocrx_word' id='word_1_925' title='bbox 1478 3198 1628 3231; x_wconf 85' lang='lat' dir='ltr'>Affirmat</span> <span class='ocrx_word' id='word_1_926' title='bbox 1651 3200 1746 3234; x_wconf 87' lang='lat' dir='ltr'>licere</span> <span class='ocrx_word' id='word_1_927' title='bbox 1770 3212 1811 3234; x_wconf 89' lang='lat' dir='ltr'>ex</span> <span class='ocrx_word' id='word_1_928' title='bbox 1839 3204 1978 3236; x_wconf 80' lang='lat' dir='ltr'>naturali</span> <span class='ocrx_word' id='word_1_929' title='bbox 2002 3214 2040 3236; x_wconf 90' lang='lat' dir='ltr'>ac</span> 
     </span>
     <span class='ocr_line' id='line_1_132' title="bbox 1156 3247 2038 3294; baseline 0.006 -14"><span class='ocrx_word' id='word_1_930' title='bbox 1156 3249 1286 3281; x_wconf 88' lang='lat' dir='ltr'>Divino</span> <span class='ocrx_word' id='word_1_931' title='bbox 1303 3248 1386 3290; x_wconf 84' lang='lat' dir='ltr'>jure,</span> <span class='ocrx_word' id='word_1_932' title='bbox 1414 3247 1524 3280; x_wconf 78' lang='lat' dir='ltr'>verum</span> <span class='ocrx_word' id='word_1_933' title='bbox 1537 3248 1599 3281; x_wconf 86' lang='lat' dir='ltr'>isto</span> <span class='ocrx_word' id='word_1_934' title='bbox 1614 3249 1839 3285; x_wconf 80' lang='lat' dir='ltr'>Eccleliastico</span> <span class='ocrx_word' id='word_1_935' title='bbox 1863 3251 2038 3294; x_wconf 84' lang='lat' dir='ltr'>prohiberi.</span> 
     </span>
     <span class='ocr_line' id='line_1_133' title="bbox 1156 3297 2037 3343; baseline 0.006 -13"><span class='ocrx_word' id='word_1_936' title='bbox 1156 3297 1200 3332; x_wconf 86' lang='lat' dir='ltr'>Et</span> <span class='ocrx_word' id='word_1_937' title='bbox 1223 3298 1374 3341; x_wconf 85' lang='lat' dir='ltr'>adjungit</span> <span class='ocrx_word' id='word_1_938' title='bbox 1398 3298 1633 3340; x_wconf 86' lang='lat' dir='ltr'>prohibitionis</span> <span class='ocrx_word' id='word_1_939' title='bbox 1655 3302 1784 3335; x_wconf 88' lang='lat' dir='ltr'>causam</span> <span class='ocrx_word' id='word_1_940' title='bbox 1799 3315 1810 3333; x_wconf 89' lang='lat'><em>:</em></span> <span class='ocrx_word' id='word_1_941' title='bbox 1838 3305 1878 3333; x_wconf 89' lang='lat' dir='ltr'>Ut</span> <span class='ocrx_word' id='word_1_942' title='bbox 1900 3303 2037 3343; x_wconf 79' lang='lat' dir='ltr'>deinceps</span> 
     </span>
     <span class='ocr_line' id='line_1_134' title="bbox 1158 3350 2038 3395; baseline 0.006 -15"><span class='ocrx_word' id='word_1_943' title='bbox 1158 3351 1257 3380; x_wconf 88' lang='lat' dir='ltr'>omnis</span> <span class='ocrx_word' id='word_1_944' title='bbox 1270 3352 1411 3390; x_wconf 80' lang='lat' dir='ltr'>nequitlae</span> <span class='ocrx_word' id='word_1_945' title='bbox 1425 3356 1597 3389; x_wconf 81' lang='lat' dir='ltr'>amputetur</span> <span class='ocrx_word' id='word_1_946' title='bbox 1609 3350 1729 3392; x_wconf 75' lang='lat' dir='ltr'>occasio.</span> <span class='ocrx_word' id='word_1_947' title='bbox 1760 3350 1890 3393; x_wconf 85' lang='lat' dir='ltr'>Nempe</span> <span class='ocrx_word' id='word_1_948' title='bbox 1913 3363 1954 3384; x_wconf 88' lang='lat' dir='ltr'>ne</span> <span class='ocrx_word' id='word_1_949' title='bbox 1966 3354 2038 3395; x_wconf 88' lang='lat' dir='ltr'>quis</span> 
     </span>
     <span class='ocr_line' id='line_1_135' title="bbox 1153 3396 2035 3444; baseline 0.005 -13"><span class='ocrx_word' id='word_1_950' title='bbox 1153 3397 1349 3432; x_wconf 83' lang='lat' dir='ltr'>Monasterii</span> <span class='ocrx_word' id='word_1_951' title='bbox 1364 3396 1533 3432; x_wconf 67' lang='lat' dir='ltr'>Praefefius</span> <span class='ocrx_word' id='word_1_952' title='bbox 1545 3397 1660 3433; x_wconf 86' lang='lat' dir='ltr'>habeat</span> <span class='ocrx_word' id='word_1_953' title='bbox 1672 3402 1783 3433; x_wconf 86' lang='lat' dir='ltr'>ansam</span> <span class='ocrx_word' id='word_1_954' title='bbox 1798 3424 1807 3440; x_wconf 87' lang='lat'><em>,</em></span> <span class='ocrx_word' id='word_1_955' title='bbox 1835 3410 1875 3432; x_wconf 90' lang='lat' dir='ltr'>ex</span> <span class='ocrx_word' id='word_1_956' title='bbox 1888 3411 1949 3443; x_wconf 89' lang='lat' dir='ltr'>qua</span> <span class='ocrx_word' id='word_1_957' title='bbox 1959 3413 2035 3444; x_wconf 88' lang='lat' dir='ltr'>pau-</span> 
     </span>
     <span class='ocr_line' id='line_1_136' title="bbox 1158 3449 2038 3494; baseline 0.002 -13"><span class='ocrx_word' id='word_1_958' title='bbox 1158 3458 1314 3490; x_wconf 79' lang='lat' dir='ltr'>pertatem</span> <span class='ocrx_word' id='word_1_959' title='bbox 1338 3459 1487 3490; x_wconf 80' lang='lat' dir='ltr'>praetexat</span> <span class='ocrx_word' id='word_1_960' title='bbox 1510 3449 1542 3481; x_wconf 87' lang='lat' dir='ltr'>in</span> <span class='ocrx_word' id='word_1_961' title='bbox 1562 3449 1720 3489; x_wconf 86' lang='lat' dir='ltr'>titulum,</span> <span class='ocrx_word' id='word_1_962' title='bbox 1749 3460 1845 3489; x_wconf 87' lang='lat' dir='ltr'>atque</span> <span class='ocrx_word' id='word_1_963' title='bbox 1865 3450 1909 3485; x_wconf 85' lang='lat' dir='ltr'>ira</span> <span class='ocrx_word' id='word_1_964' title='bbox 1933 3462 2038 3494; x_wconf 86' lang='lat' dir='ltr'>parret</span> 
     </span>
     <span class='ocr_line' id='line_1_137' title="bbox 1149 3498 2039 3536; baseline 0.001 -3"><span class='ocrx_word' id='word_1_965' title='bbox 1149 3498 1334 3533; x_wconf 79' lang='lat' dir='ltr'>simoniam</span> <span class='ocrx_word' id='word_1_966' title='bbox 1364 3522 1370 3531; x_wconf 92' lang='lat'>.</span> <span class='ocrx_word' id='word_1_967' title='bbox 1407 3498 1459 3532; x_wconf 81' lang='lat' dir='ltr'>Ex</span> <span class='ocrx_word' id='word_1_968' title='bbox 1483 3498 1579 3532; x_wconf 81' lang='lat' dir='ltr'>simili</span> <span class='ocrx_word' id='word_1_969' title='bbox 1606 3501 1699 3533; x_wconf 78' lang='lat' dir='ltr'>causa</span> <span class='ocrx_word' id='word_1_970' title='bbox 1722 3498 1930 3536; x_wconf 79' lang='lat' dir='ltr'>Eliberinum</span> <span class='ocrx_word' id='word_1_971' title='bbox 1950 3502 2039 3536; x_wconf 89' lang='lat' dir='ltr'>Con-</span> 
     </span>
     <span class='ocr_line' id='line_1_138' title="bbox 1586 3547 1998 3586; baseline 0.017 -7"><span class='ocrx_word' id='word_1_972' title='bbox 1586 3547 1612 3579; x_wconf 86' lang='lat' dir='ltr'>E</span> <span class='ocrx_word' id='word_1_973' title='bbox 1882 3551 1998 3586; x_wconf 80' lang='lat' dir='ltr'>cilium</span> 
     </span>
    </p>
   </div>
  </div>
 </body>
</html>
