<?xml version="1.0" encoding="UTF-8"?>
<!DOCTYPE html PUBLIC "-//W3C//DTD XHTML 1.0 Transitional//EN"
    "http://www.w3.org/TR/xhtml1/DTD/xhtml1-transitional.dtd">
<html xmlns="http://www.w3.org/1999/xhtml" xml:lang="en" lang="en">
 <head>
  <title>
</title>
<meta http-equiv="Content-Type" content="text/html;charset=utf-8" />
  <meta name='ocr-system' content='tesseract 3.04.00' />
  <meta name='ocr-capabilities' content='ocr_page ocr_carea ocr_par ocr_line ocrx_word'/>
</head>
<body>
  <div class='ocr_page' id='page_1' title='image "./operaomniastudio11lupuuoft/operaomniastudio11lupuuoft_0060.png"; bbox 0 0 2366 3736; ppageno 0'>
   <div class='ocr_carea' id='block_1_1' title="bbox 132 3019 289 3063">
    <p class='ocr_par' dir='ltr' id='par_1_1' title="bbox 132 3019 289 3063">
     <span class='ocr_line' id='line_1_1' title="bbox 132 3019 289 3063; baseline 0.006 -9"><span class='ocrx_word' id='word_1_1' title='bbox 132 3019 218 3062; x_wconf 78' lang='lat' dir='ltr'><em>cap·</em></span> <span class='ocrx_word' id='word_1_2' title='bbox 234 3028 289 3063; x_wconf 82' lang='lat'><em>29-</em></span> 
     </span>
    </p>
   </div>
   <div class='ocr_carea' id='block_1_2' title="bbox 373 142 446 197">
    <p class='ocr_par' dir='ltr' id='par_1_2' title="bbox 373 142 446 197">
     <span class='ocr_line' id='line_1_2' title="bbox 373 142 446 197; baseline 0 -18"><span class='ocrx_word' id='word_1_3' title='bbox 373 142 446 197; x_wconf 80' lang='lat'><em>46</em></span> 
     </span>
    </p>
   </div>
   <div class='ocr_carea' id='block_1_3' title="bbox 307 217 1205 1262">
    <p class='ocr_par' dir='ltr' id='par_1_3' title="bbox 307 217 1205 1262">
     <span class='ocr_line' id='line_1_3' title="bbox 326 217 1205 265; baseline -0.001 -12"><span class='ocrx_word' id='word_1_4' title='bbox 326 220 441 265; x_wconf 74' lang='lat' dir='ltr'><em>pefflmo</em></span> <span class='ocrx_word' id='word_1_5' title='bbox 451 230 509 253; x_wconf 80' lang='lat' dir='ltr'><em>non</em></span> <span class='ocrx_word' id='word_1_6' title='bbox 519 226 683 258; x_wconf 77' lang='lat' dir='ltr'><em>curantes,</em></span> <span class='ocrx_word' id='word_1_7' title='bbox 708 219 826 251; x_wconf 81' lang='lat' dir='ltr'><em>domum</em></span> <span class='ocrx_word' id='word_1_8' title='bbox 835 220 975 250; x_wconf 83' lang='lat' dir='ltr'><em>orationis</em></span> <span class='ocrx_word' id='word_1_9' title='bbox 984 222 1018 251; x_wconf 85' lang='lat' dir='ltr'><em>in</em></span> <span class='ocrx_word' id='word_1_10' title='bbox 1033 217 1138 259; x_wconf 86' lang='lat' dir='ltr'><em>forum</em></span> <span class='ocrx_word' id='word_1_11' title='bbox 1158 229 1205 252; x_wconf 88' lang='lat' dir='ltr'><em>ne-</em></span> 
     </span>
     <span class='ocr_line' id='line_1_4' title="bbox 325 268 1205 314; baseline 0 -13"><span class='ocrx_word' id='word_1_12' title='bbox 325 276 500 314; x_wconf 77' lang='lat' dir='ltr'><em>gotiationis</em></span> <span class='ocrx_word' id='word_1_13' title='bbox 520 269 744 304; x_wconf 85' lang='lat' dir='ltr'><em>convertebant.</em></span> <span class='ocrx_word' id='word_1_14' title='bbox 771 268 831 301; x_wconf 79' lang='lat' dir='ltr'><em>Sed</em></span> <span class='ocrx_word' id='word_1_15' title='bbox 852 269 886 301; x_wconf 65' lang='grc'><em>(9</em></span> <span class='ocrx_word' id='word_1_16' title='bbox 905 275 1060 310; x_wconf 86' lang='lat' dir='ltr'><em>proprium</em></span> <span class='ocrx_word' id='word_1_17' title='bbox 1081 273 1205 305; x_wconf 85' lang='lat' dir='ltr'><em>retinere</em></span> 
     </span>
     <span class='ocr_line' id='line_1_5' title="bbox 319 315 1204 363; baseline -0.002 -11"><span class='ocrx_word' id='word_1_18' title='bbox 319 315 396 363; x_wconf 62' lang='lat' dir='ltr'><em>sere*</em></span> <span class='ocrx_word' id='word_1_19' title='bbox 405 331 502 353; x_wconf 89' lang='lat' dir='ltr'><em>omnes</em></span> <span class='ocrx_word' id='word_1_20' title='bbox 514 330 571 352; x_wconf 86' lang='lat' dir='ltr'><em>non</em></span> <span class='ocrx_word' id='word_1_21' title='bbox 581 319 749 358; x_wconf 77' lang='lat' dir='ltr'><em>timebant,</em></span> <span class='ocrx_word' id='word_1_22' title='bbox 773 328 839 350; x_wconf 84' lang='lat' dir='ltr'><em>cum</em></span> <span class='ocrx_word' id='word_1_23' title='bbox 850 323 968 352; x_wconf 70' lang='lat' dir='ltr'><em>anania</em></span> <span class='ocrx_word' id='word_1_24' title='bbox 989 319 1023 351; x_wconf 63' lang='lat' dir='ltr'><em>(zi</em></span> <span class='ocrx_word' id='word_1_25' title='bbox 1045 316 1204 358; x_wconf 55' lang='lat' dir='ltr'><em>saphirae</em></span> 
     </span>
     <span class='ocr_line' id='line_1_6' title="bbox 328 366 1204 410; baseline 0 -8"><span class='ocrx_word' id='word_1_26' title='bbox 328 372 455 407; x_wconf 77' lang='lat' dir='ltr'><em>,Domino</em></span> <span class='ocrx_word' id='word_1_27' title='bbox 464 369 648 410; x_wconf 69' lang='lat' dir='ltr'><em>reprobata.</em></span> <span class='ocrx_word' id='word_1_28' title='bbox 676 367 782 402; x_wconf 80' lang='lat' dir='ltr'><em>Addit</em></span> <span class='ocrx_word' id='word_1_29' title='bbox 791 366 916 403; x_wconf 80' lang='lat' dir='ltr'><em>easdem</em></span> <span class='ocrx_word' id='word_1_30' title='bbox 928 369 1026 403; x_wconf 84' lang='lat' dir='ltr'><em>etiam</em></span> <span class='ocrx_word' id='word_1_31' title='bbox 1048 369 1133 403; x_wconf 82' lang='lat' dir='ltr'><em>circa</em></span> <span class='ocrx_word' id='word_1_32' title='bbox 1155 380 1204 402; x_wconf 80' lang='lat' dir='ltr'><em>ca·</em></span> 
     </span>
     <span class='ocr_line' id='line_1_7' title="bbox 328 416 1202 456; baseline -0.002 -3"><span class='ocrx_word' id='word_1_33' title='bbox 328 418 469 456; x_wconf 78' lang='lat' dir='ltr'><em>ssitatem</em></span> <span class='ocrx_word' id='word_1_34' title='bbox 481 429 549 451; x_wconf 86' lang='lat' dir='ltr'><em>non</em></span> <span class='ocrx_word' id='word_1_35' title='bbox 574 417 655 451; x_wconf 89' lang='lat' dir='ltr'><em>bene</em></span> <span class='ocrx_word' id='word_1_36' title='bbox 675 418 851 452; x_wconf 79' lang='lat' dir='ltr'><em>audiviffe.</em></span> <span class='ocrx_word' id='word_1_37' title='bbox 879 419 1030 454; x_wconf 81' lang='lat' dir='ltr'><em>Affirmat</em></span> <span class='ocrx_word' id='word_1_38' title='bbox 1055 416 1202 452; x_wconf 82' lang='lat' dir='ltr'><em>divinam</em></span> 
     </span>
     <span class='ocr_line' id='line_1_8' title="bbox 324 466 1202 512; baseline -0.001 -10"><span class='ocrx_word' id='word_1_39' title='bbox 324 466 420 502; x_wconf 63' lang='lat' dir='ltr'><em>istius</em></span> <span class='ocrx_word' id='word_1_40' title='bbox 429 467 584 502; x_wconf 78' lang='lat' dir='ltr'><em>Simoniae</em></span> <span class='ocrx_word' id='word_1_41' title='bbox 596 478 724 510; x_wconf 82' lang='lat' dir='ltr'><em>poenam</em></span> <span class='ocrx_word' id='word_1_42' title='bbox 735 468 829 502; x_wconf 80' lang='lat' dir='ltr'><em>fuiffe</em></span> <span class='ocrx_word' id='word_1_43' title='bbox 841 468 961 512; x_wconf 86' lang='lat' dir='ltr'><em>lapsum</em></span> <span class='ocrx_word' id='word_1_44' title='bbox 974 468 1083 502; x_wconf 87' lang='lat' dir='ltr'><em>omnis</em></span> <span class='ocrx_word' id='word_1_45' title='bbox 1097 467 1202 501; x_wconf 85' lang='lat' dir='ltr'><em>Disci-</em></span> 
     </span>
     <span class='ocr_line' id='line_1_9' title="bbox 323 512 1200 561; baseline 0 -11"><span class='ocrx_word' id='word_1_46' title='bbox 323 512 440 561; x_wconf 68' lang='lat' dir='ltr'><em>plinae&#39;,</em></span> <span class='ocrx_word' id='word_1_47' title='bbox 467 516 577 551; x_wconf 83' lang='lat' dir='ltr'><em>Etiam</em></span> <span class='ocrx_word' id='word_1_48' title='bbox 603 517 860 551; x_wconf 85' lang='lat' dir='ltr'><em>substantialium</em></span> <span class='ocrx_word' id='word_1_49' title='bbox 883 529 1034 553; x_wconf 89' lang='lat' dir='ltr'><em>votorum</em></span> <span class='ocrx_word' id='word_1_50' title='bbox 1050 543 1058 555; x_wconf 90' lang='lat'><em>,</em></span> <span class='ocrx_word' id='word_1_51' title='bbox 1093 517 1200 551; x_wconf 67' lang='lat' dir='ltr'><em>Sansti</em></span> 
     </span>
     <span class='ocr_line' id='line_1_10' title="bbox 322 566 1200 609; baseline 0 -9"><span class='ocrx_word' id='word_1_52' title='bbox 322 566 478 609; x_wconf 76' lang='lat' dir='ltr'><em>Apostoli</em></span> <span class='ocrx_word' id='word_1_53' title='bbox 493 566 580 601; x_wconf 88' lang='lat' dir='ltr'><em>Petri</em></span> <span class='ocrx_word' id='word_1_54' title='bbox 593 566 627 600; x_wconf 80' lang='lat' dir='ltr'><em>in</em></span> <span class='ocrx_word' id='word_1_55' title='bbox 649 569 819 602; x_wconf 87' lang='lat' dir='ltr'>Simonem</span> <span class='ocrx_word' id='word_1_56' title='bbox 845 569 1052 607; x_wconf 72' lang='lat' dir='ltr'><em>maledictio,</em></span> <span class='ocrx_word' id='word_1_57' title='bbox 1073 573 1200 609; x_wconf 83' lang='lat' dir='ltr'><em>pecunia</em></span> 
     </span>
     <span class='ocr_line' id='line_1_11' title="bbox 321 615 1198 660; baseline 0.001 -9"><span class='ocrx_word' id='word_1_58' title='bbox 321 625 375 651; x_wconf 78' lang='lat' dir='ltr'><em>tua</em></span> <span class='ocrx_word' id='word_1_59' title='bbox 378 615 416 658; x_wconf 82' lang='lat' dir='ltr'><em>fit</em></span> <span class='ocrx_word' id='word_1_60' title='bbox 426 625 521 650; x_wconf 84' lang='lat' dir='ltr'><em>tecum</em></span> <span class='ocrx_word' id='word_1_61' title='bbox 530 619 563 650; x_wconf 72' lang='lat' dir='ltr'><em>tn</em></span> <span class='ocrx_word' id='word_1_62' title='bbox 576 618 769 660; x_wconf 79' lang='lat' dir='ltr'><em>perditionem</em></span> <span class='ocrx_word' id='word_1_63' title='bbox 778 643 789 658; x_wconf 92' lang='lat'><strong>,</strong></span> <span class='ocrx_word' id='word_1_64' title='bbox 816 621 926 653; x_wconf 83' lang='lat' dir='ltr'><em>tranfit</em></span> <span class='ocrx_word' id='word_1_65' title='bbox 935 630 971 652; x_wconf 82' lang='lat' dir='ltr'><em>ac</em></span> <span class='ocrx_word' id='word_1_66' title='bbox 984 621 1104 660; x_wconf 86' lang='lat' dir='ltr'><em>semper</em></span> <span class='ocrx_word' id='word_1_67' title='bbox 1115 629 1198 652; x_wconf 85' lang='lat' dir='ltr'><em>tran-</em></span> 
     </span>
     <span class='ocr_line' id='line_1_12' title="bbox 319 664 1196 711; baseline 0.003 -12"><span class='ocrx_word' id='word_1_68' title='bbox 319 664 395 702; x_wconf 82' lang='lat' dir='ltr'><em>fibit</em></span> <span class='ocrx_word' id='word_1_69' title='bbox 407 667 442 700; x_wconf 87' lang='lat' dir='ltr'><em>in</em></span> <span class='ocrx_word' id='word_1_70' title='bbox 454 678 570 701; x_wconf 86' lang='lat' dir='ltr'><em>omnes</em></span> <span class='ocrx_word' id='word_1_71' title='bbox 584 668 679 711; x_wconf 87' lang='lat' dir='ltr'><em>hujus</em></span> <span class='ocrx_word' id='word_1_72' title='bbox 693 670 875 703; x_wconf 72' lang='lat' dir='ltr'><em>sestatores.</em></span> <span class='ocrx_word' id='word_1_73' title='bbox 902 669 1022 711; x_wconf 76' lang='lat' dir='ltr'><em>injusta</em></span> <span class='ocrx_word' id='word_1_74' title='bbox 1036 692 1048 708; x_wconf 89' lang='lat'>,</span> <span class='ocrx_word' id='word_1_75' title='bbox 1076 669 1196 710; x_wconf 73' lang='lat' dir='ltr'><em>praeser-</em></span> 
     </span>
     <span class='ocr_line' id='line_1_13' title="bbox 317 716 1197 761; baseline 0.002 -12"><span class='ocrx_word' id='word_1_76' title='bbox 317 716 380 749; x_wconf 81' lang='lat' dir='ltr'><em>tim</em></span> <span class='ocrx_word' id='word_1_77' title='bbox 394 716 602 756; x_wconf 82' lang='lat' dir='ltr'><em>simoniaca,</em></span> <span class='ocrx_word' id='word_1_78' title='bbox 628 718 886 752; x_wconf 85' lang='lat' dir='ltr'><em>bonainvadunt</em></span> <span class='ocrx_word' id='word_1_79' title='bbox 909 719 1011 761; x_wconf 87' lang='lat' dir='ltr'><em>justa,</em></span> <span class='ocrx_word' id='word_1_80' title='bbox 1037 718 1158 751; x_wconf 88' lang='lat' dir='ltr'><em>rodunt</em></span> <span class='ocrx_word' id='word_1_81' title='bbox 1187 742 1197 758; x_wconf 88' lang='lat'><strong>,</strong></span> 
     </span>
     <span class='ocr_line' id='line_1_14' title="bbox 317 764 1196 808; baseline 0.005 -10"><span class='ocrx_word' id='word_1_82' title='bbox 317 764 463 801; x_wconf 82' lang='lat' dir='ltr'><em>lacerant</em></span> <span class='ocrx_word' id='word_1_83' title='bbox 487 791 499 808; x_wconf 81' lang='lat'>,</span> <span class='ocrx_word' id='word_1_84' title='bbox 525 767 702 803; x_wconf 86' lang='lat' dir='ltr'><em>absumunt</em></span> <span class='ocrx_word' id='word_1_85' title='bbox 725 792 731 799; x_wconf 95' lang='lat'>.</span> <span class='ocrx_word' id='word_1_86' title='bbox 759 769 853 802; x_wconf 89' lang='lat' dir='ltr'><em>Hinc</em></span> <span class='ocrx_word' id='word_1_87' title='bbox 874 768 1053 802; x_wconf 84' lang='lat' dir='ltr'><em>istiusmodi</em></span> <span class='ocrx_word' id='word_1_88' title='bbox 1076 769 1196 802; x_wconf 85' lang='lat' dir='ltr'><em>Mona-</em></span> 
     </span>
     <span class='ocr_line' id='line_1_15' title="bbox 317 815 1194 863; baseline 0.005 -15"><span class='ocrx_word' id='word_1_89' title='bbox 317 815 412 849; x_wconf 80' lang='lat' dir='ltr'><em>steria</em></span> <span class='ocrx_word' id='word_1_90' title='bbox 423 816 617 862; x_wconf 85' lang='lat' dir='ltr'><em>rediguntur</em></span> <span class='ocrx_word' id='word_1_91' title='bbox 639 819 673 851; x_wconf 85' lang='lat' dir='ltr'><em>in</em></span> <span class='ocrx_word' id='word_1_92' title='bbox 696 819 902 862; x_wconf 83' lang='lat' dir='ltr'>pauperiem,</span> <span class='ocrx_word' id='word_1_93' title='bbox 929 830 1024 863; x_wconf 83' lang='lat' dir='ltr'><em>atque</em></span> <span class='ocrx_word' id='word_1_94' title='bbox 1043 820 1088 852; x_wconf 80' lang='lat' dir='ltr'><em>ita</em></span> <span class='ocrx_word' id='word_1_95' title='bbox 1113 819 1194 862; x_wconf 83' lang='lat' dir='ltr'><em>quis-</em></span> 
     </span>
     <span class='ocr_line' id='line_1_16' title="bbox 316 867 1195 913; baseline 0.005 -15"><span class='ocrx_word' id='word_1_96' title='bbox 316 877 380 908; x_wconf 87' lang='lat' dir='ltr'><em>que</em></span> <span class='ocrx_word' id='word_1_97' title='bbox 394 867 457 901; x_wconf 87' lang='lat' dir='ltr'><em>suis</em></span> <span class='ocrx_word' id='word_1_98' title='bbox 469 868 708 902; x_wconf 80' lang='lat' dir='ltr'><em>neceffitatibus</em></span> <span class='ocrx_word' id='word_1_99' title='bbox 721 869 852 913; x_wconf 87' lang='lat' dir='ltr'><em>cogitur</em></span> <span class='ocrx_word' id='word_1_100' title='bbox 864 871 973 903; x_wconf 86' lang='lat' dir='ltr'><em>venari</em></span> <span class='ocrx_word' id='word_1_101' title='bbox 995 869 1158 912; x_wconf 87' lang='lat' dir='ltr'><em>proprium</em></span> <span class='ocrx_word' id='word_1_102' title='bbox 1185 891 1195 907; x_wconf 88' lang='lat'>‚</span> 
     </span>
     <span class='ocr_line' id='line_1_17' title="bbox 314 916 1193 962; baseline 0.005 -14"><span class='ocrx_word' id='word_1_103' title='bbox 314 916 437 959; x_wconf 85' lang='lat' dir='ltr'><em>pestem</em></span> <span class='ocrx_word' id='word_1_104' title='bbox 460 929 496 951; x_wconf 88' lang='lat' dir='ltr'><em>ac</em></span> <span class='ocrx_word' id='word_1_105' title='bbox 518 919 657 952; x_wconf 86' lang='lat' dir='ltr'><em>exitium</em></span> <span class='ocrx_word' id='word_1_106' title='bbox 679 918 850 962; x_wconf 84' lang='lat' dir='ltr'><em>Regularis</em></span> <span class='ocrx_word' id='word_1_107' title='bbox 872 919 957 953; x_wconf 82' lang='lat' dir='ltr'><em>vitae.</em></span> <span class='ocrx_word' id='word_1_108' title='bbox 985 919 1037 952; x_wconf 87' lang='lat' dir='ltr'><em>Ex</em></span> <span class='ocrx_word' id='word_1_109' title='bbox 1063 918 1193 962; x_wconf 86' lang='lat' dir='ltr'><em>proprio</em></span> 
     </span>
     <span class='ocr_line' id='line_1_18' title="bbox 312 966 1192 1013; baseline 0.003 -14"><span class='ocrx_word' id='word_1_110' title='bbox 312 966 455 1009; x_wconf 82' lang='lat' dir='ltr'><em>sequitur</em></span> <span class='ocrx_word' id='word_1_111' title='bbox 478 967 724 1011; x_wconf 82' lang='lat' dir='ltr'><em>Praepofitorum</em></span> <span class='ocrx_word' id='word_1_112' title='bbox 746 979 973 1013; x_wconf 70' lang='lat' dir='ltr'><em>contemptim,</em></span> <span class='ocrx_word' id='word_1_113' title='bbox 1000 970 1125 1013; x_wconf 81' lang='lat' dir='ltr'><em>privata</em></span> <span class='ocrx_word' id='word_1_114' title='bbox 1146 970 1192 1003; x_wconf 91' lang='lat' dir='ltr'><em>in-</em></span> 
     </span>
     <span class='ocr_line' id='line_1_19' title="bbox 311 1019 1191 1061; baseline 0.005 -12"><span class='ocrx_word' id='word_1_115' title='bbox 311 1019 548 1059; x_wconf 82' lang='lat' dir='ltr'>temperantia,</span> <span class='ocrx_word' id='word_1_116' title='bbox 576 1019 715 1061; x_wconf 88' lang='lat' dir='ltr'><em>pericula</em></span> <span class='ocrx_word' id='word_1_117' title='bbox 738 1031 775 1053; x_wconf 86' lang='lat' dir='ltr'><em>ac</em></span> <span class='ocrx_word' id='word_1_118' title='bbox 799 1020 933 1053; x_wconf 84' lang='lat' dir='ltr'><em>vulnera</em></span> <span class='ocrx_word' id='word_1_119' title='bbox 946 1020 1119 1053; x_wconf 82' lang='lat' dir='ltr'><em>castitatis.</em></span> <span class='ocrx_word' id='word_1_120' title='bbox 1150 1020 1191 1053; x_wconf 85' lang='lat' dir='ltr'><em>Et</em></span> 
     </span>
     <span class='ocr_line' id='line_1_20' title="bbox 308 1066 1190 1113; baseline 0.005 -14"><span class='ocrx_word' id='word_1_121' title='bbox 308 1066 460 1100; x_wconf 76' lang='lat' dir='ltr'><em>fimilium</em></span> <span class='ocrx_word' id='word_1_122' title='bbox 475 1068 750 1103; x_wconf 85' lang='lat' dir='ltr'><em>Monasteriorum</em></span> <span class='ocrx_word' id='word_1_123' title='bbox 763 1069 934 1113; x_wconf 68' lang='lat' dir='ltr'><em>ingressum</em></span> <span class='ocrx_word' id='word_1_124' title='bbox 949 1070 1088 1113; x_wconf 81' lang='lat' dir='ltr'><em>Jacobus</em></span> <span class='ocrx_word' id='word_1_125' title='bbox 1108 1068 1190 1103; x_wconf 67' lang='lat' dir='ltr'><em>Carr</em></span> 
     </span>
     <span class='ocr_line' id='line_1_21' title="bbox 308 1114 1108 1163; baseline 0.003 -12"><span class='ocrx_word' id='word_1_126' title='bbox 308 1114 430 1152; x_wconf 85' lang='lat' dir='ltr'><em>dinalis</em></span> <span class='ocrx_word' id='word_1_127' title='bbox 441 1117 520 1150; x_wconf 62' lang='lat' dir='ltr'><em>reae</em></span> <span class='ocrx_word' id='word_1_128' title='bbox 532 1129 569 1151; x_wconf 86' lang='lat' dir='ltr'><em>ac</em></span> <span class='ocrx_word' id='word_1_129' title='bbox 581 1119 698 1153; x_wconf 67' lang='lat' dir='ltr'><em>merite&gt;</em></span> <span class='ocrx_word' id='word_1_130' title='bbox 709 1119 882 1162; x_wconf 86' lang='lat' dir='ltr'><em>appellavit</em></span> <span class='ocrx_word' id='word_1_131' title='bbox 894 1119 1089 1163; x_wconf 74' lang='lat' dir='ltr'><em>miserabilem</em></span> <span class='ocrx_word' id='word_1_132' title='bbox 1101 1143 1108 1153; x_wconf 80' lang='lat'><em>.</em></span> 
     </span>
     <span class='ocr_line' id='line_1_22' title="bbox 359 1165 1190 1204; baseline 0.004 -5"><span class='ocrx_word' id='word_1_133' title='bbox 359 1165 464 1199; x_wconf 83' lang='lat' dir='ltr'>Addit</span> <span class='ocrx_word' id='word_1_134' title='bbox 479 1167 537 1200; x_wconf 83' lang='lat' dir='ltr'><em>issa</em></span> <span class='ocrx_word' id='word_1_135' title='bbox 550 1168 751 1202; x_wconf 80' lang='lat' dir='ltr'><em>Monasseria</em></span> <span class='ocrx_word' id='word_1_136' title='bbox 763 1179 843 1203; x_wconf 89' lang='lat' dir='ltr'><em>tunc</em></span> <span class='ocrx_word' id='word_1_137' title='bbox 856 1169 1063 1204; x_wconf 67' lang='lat' dir='ltr'><em>devenissem</em></span> <span class='ocrx_word' id='word_1_138' title='bbox 1075 1165 1190 1202; x_wconf 87' lang='lat' dir='ltr'><em>solem-</em></span> 
     </span>
     <span class='ocr_line' id='line_1_23' title="bbox 307 1215 1186 1262; baseline 0.005 -14"><span class='ocrx_word' id='word_1_139' title='bbox 307 1225 385 1249; x_wconf 79' lang='lat' dir='ltr'><em>nem</em></span> <span class='ocrx_word' id='word_1_140' title='bbox 400 1215 580 1250; x_wconf 83' lang='lat' dir='ltr'><em>Christiani</em></span> <span class='ocrx_word' id='word_1_141' title='bbox 594 1219 706 1260; x_wconf 85' lang='lat' dir='ltr'><em>populi</em></span> <span class='ocrx_word' id='word_1_142' title='bbox 728 1229 957 1262; x_wconf 81' lang='lat' dir='ltr'><em>contemptum</em></span> <span class='ocrx_word' id='word_1_143' title='bbox 970 1243 981 1259; x_wconf 92' lang='lat'><strong>,</strong></span> <span class='ocrx_word' id='word_1_144' title='bbox 1007 1230 1044 1252; x_wconf 86' lang='lat' dir='ltr'><em>ac</em></span> <span class='ocrx_word' id='word_1_145' title='bbox 1066 1219 1186 1252; x_wconf 68' lang='lat' dir='ltr'><em>sanetis·</em></span> 
     </span>
    </p>
   </div>
   <div class='ocr_carea' id='block_1_4' title="bbox 307 1266 1204 1310">
    <p class='ocr_par' dir='ltr' id='par_1_4' title="bbox 307 1266 1204 1310">
     <span class='ocr_line' id='line_1_24' title="bbox 307 1266 1204 1310; baseline 0.002 -11"><span class='ocrx_word' id='word_1_146' title='bbox 307 1266 386 1299; x_wconf 84' lang='lat' dir='ltr'><em>fima</em></span> <span class='ocrx_word' id='word_1_147' title='bbox 399 1266 657 1302; x_wconf 78' lang='lat' dir='ltr'><em>Cistercienfium</em></span> <span class='ocrx_word' id='word_1_148' title='bbox 670 1267 873 1302; x_wconf 85' lang='lat' dir='ltr'><em>Monialium</em></span> <span class='ocrx_word' id='word_1_149' title='bbox 898 1268 1060 1303; x_wconf 83' lang='lat' dir='ltr'><em>Coenobia</em></span> <span class='ocrx_word' id='word_1_150' title='bbox 1073 1269 1204 1310; x_wconf 66' lang='lat' dir='ltr'><em>divini-⁴</em></span> 
     </span>
    </p>
   </div>
   <div class='ocr_carea' id='block_1_5' title="bbox 301 1316 1188 3516">
    <p class='ocr_par' dir='ltr' id='par_1_5' title="bbox 301 1316 1187 2907">
     <span class='ocr_line' id='line_1_25' title="bbox 307 1316 1187 1358; baseline 0.005 -10"><span class='ocrx_word' id='word_1_151' title='bbox 307 1316 360 1355; x_wconf 73' lang='lat' dir='ltr'><em>tus</em></span> <span class='ocrx_word' id='word_1_152' title='bbox 372 1317 556 1358; x_wconf 67' lang='lat' dir='ltr'><em>profecisse:</em></span> <span class='ocrx_word' id='word_1_153' title='bbox 586 1319 788 1358; x_wconf 82' lang='lat' dir='ltr'><em>Multiplicata</em></span> <span class='ocrx_word' id='word_1_154' title='bbox 798 1317 915 1358; x_wconf 83' lang='lat' dir='ltr'><em>estficut</em></span> <span class='ocrx_word' id='word_1_155' title='bbox 932 1318 1024 1358; x_wconf 82' lang='lat' dir='ltr'><em>stellae</em></span> <span class='ocrx_word' id='word_1_156' title='bbox 1044 1320 1125 1358; x_wconf 64' lang='lat' dir='ltr'><em>coeli,</em></span> <span class='ocrx_word' id='word_1_157' title='bbox 1154 1321 1187 1352; x_wconf 64' lang='grc' dir='ltr'><em>(ν</em></span> 
     </span>
     <span class='ocr_line' id='line_1_26' title="bbox 306 1365 1187 1411; baseline 0.006 -13"><span class='ocrx_word' id='word_1_158' title='bbox 306 1371 441 1399; x_wconf 81' lang='lat' dir='ltr'><em>excrevit</em></span> <span class='ocrx_word' id='word_1_159' title='bbox 464 1371 495 1397; x_wconf 85' lang='lat' dir='ltr'><em>in</em></span> <span class='ocrx_word' id='word_1_160' title='bbox 516 1365 686 1409; x_wconf 87' lang='lat' dir='ltr'><em>immensum</em></span> <span class='ocrx_word' id='word_1_161' title='bbox 707 1366 898 1408; x_wconf 75' lang='lat' dir='ltr'><em>cistercienfis</em></span> <span class='ocrx_word' id='word_1_162' title='bbox 921 1370 1048 1401; x_wconf 79' lang='lat' dir='ltr'><em>Ordinis</em></span> <span class='ocrx_word' id='word_1_163' title='bbox 1074 1369 1187 1411; x_wconf 77' lang='lat' dir='ltr'><em>Religio</em></span> 
     </span>
     <span class='ocr_line' id='line_1_27' title="bbox 307 1415 1185 1458; baseline 0.007 -11"><span class='ocrx_word' id='word_1_164' title='bbox 307 1415 603 1457; x_wconf 64' lang='lat' dir='ltr'><em>5andlimonialium‚</em></span> <span class='ocrx_word' id='word_1_165' title='bbox 631 1417 814 1450; x_wconf 79' lang='lat' dir='ltr'><em>benedicente</em></span> <span class='ocrx_word' id='word_1_166' title='bbox 837 1422 981 1458; x_wconf 88' lang='lat' dir='ltr'><em>Domino,</em></span> <span class='ocrx_word' id='word_1_167' title='bbox 1009 1421 1043 1452; x_wconf 64' lang='grc' dir='ltr'><em>ὁ·</em></span> <span class='ocrx_word' id='word_1_168' title='bbox 1070 1421 1185 1453; x_wconf 81' lang='lat' dir='ltr'><em>dicente</em></span> 
     </span>
     <span class='ocr_line' id='line_1_28' title="bbox 307 1464 1183 1510; baseline 0.002 -12"><span class='ocrx_word' id='word_1_169' title='bbox 307 1472 352 1498; x_wconf 87' lang='lat' dir='ltr'><em>eis</em></span> <span class='ocrx_word' id='word_1_170' title='bbox 369 1489 379 1505; x_wconf 87' lang='lat'>‚</span> <span class='ocrx_word' id='word_1_171' title='bbox 404 1464 521 1508; x_wconf 81' lang='lat' dir='ltr'><em>crescite</em></span> <span class='ocrx_word' id='word_1_172' title='bbox 533 1468 566 1500; x_wconf 63' lang='grc' dir='ltr'><em>Θ·</em></span> <span class='ocrx_word' id='word_1_173' title='bbox 578 1468 840 1509; x_wconf 86' lang='lat' dir='ltr'><em>multiplicamini,</em></span> <span class='ocrx_word' id='word_1_174' title='bbox 869 1471 902 1503; x_wconf 68' lang='lat' dir='ltr'><em>(rr</em></span> <span class='ocrx_word' id='word_1_175' title='bbox 922 1470 1029 1510; x_wconf 83' lang='lat' dir='ltr'><em>replete</em></span> <span class='ocrx_word' id='word_1_176' title='bbox 1045 1469 1161 1502; x_wconf 86' lang='lat' dir='ltr'><em>domum</em></span> <span class='ocrx_word' id='word_1_177' title='bbox 1177 1494 1183 1500; x_wconf 91' lang='lat'><em>.</em></span> 
     </span>
     <span class='ocr_line' id='line_1_29' title="bbox 306 1516 1185 1562; baseline 0.003 -13"><span class='ocrx_word' id='word_1_178' title='bbox 306 1516 531 1549; x_wconf 83' lang='lat' dir='ltr'><em>Fundabantur</em></span> <span class='ocrx_word' id='word_1_179' title='bbox 544 1520 568 1546; x_wconf 83' lang='lat' dir='ltr'><em>C</em></span> <span class='ocrx_word' id='word_1_180' title='bbox 572 1517 684 1550; x_wconf 75' lang='lat' dir='ltr'><em>cenobia</em></span> <span class='ocrx_word' id='word_1_181' title='bbox 696 1541 706 1557; x_wconf 87' lang='lat'><strong>,</strong></span> <span class='ocrx_word' id='word_1_182' title='bbox 733 1518 956 1562; x_wconf 61' lang='lat' dir='ltr'><em>,edificabantur</em></span> <span class='ocrx_word' id='word_1_183' title='bbox 971 1519 1147 1559; x_wconf 83' lang='lat' dir='ltr'><em>Monasteria</em></span> <span class='ocrx_word' id='word_1_184' title='bbox 1174 1543 1185 1559; x_wconf 89' lang='lat'>‚</span> 
     </span>
     <span class='ocr_line' id='line_1_30' title="bbox 305 1565 1183 1621; baseline 0.001 -22"><span class='ocrx_word' id='word_1_185' title='bbox 305 1565 499 1621; x_wconf 70' lang='lat' dir='ltr'><em>replebantur</em></span> <span class='ocrx_word' id='word_1_186' title='bbox 511 1567 654 1608; x_wconf 78' lang='lat' dir='ltr'><em>claustra,</em></span> <span class='ocrx_word' id='word_1_187' title='bbox 681 1567 860 1607; x_wconf 83' lang='lat' dir='ltr'><em>confluebant</em></span> <span class='ocrx_word' id='word_1_188' title='bbox 880 1573 1015 1612; x_wconf 85' lang='lat' dir='ltr'><em>Virgines</em></span> <span class='ocrx_word' id='word_1_189' title='bbox 1032 1594 1042 1609; x_wconf 90' lang='lat'><strong>,</strong></span> <span class='ocrx_word' id='word_1_190' title='bbox 1069 1581 1183 1602; x_wconf 82' lang='lat' dir='ltr'><em>concur-</em></span> 
     </span>
     <span class='ocr_line' id='line_1_31' title="bbox 305 1617 1184 1663; baseline 0.003 -14"><span class='ocrx_word' id='word_1_191' title='bbox 305 1617 415 1649; x_wconf 79' lang='lat' dir='ltr'><em>rebant</em></span> <span class='ocrx_word' id='word_1_192' title='bbox 428 1619 539 1650; x_wconf 73' lang='lat' dir='ltr'><em>Vidua</em></span> <span class='ocrx_word' id='word_1_193' title='bbox 552 1641 562 1656; x_wconf 96' lang='lat'>,</span> <span class='ocrx_word' id='word_1_194' title='bbox 589 1619 623 1651; x_wconf 69' lang='lat' dir='ltr'><em>(tt</em></span> <span class='ocrx_word' id='word_1_195' title='bbox 642 1618 779 1651; x_wconf 85' lang='lat' dir='ltr'><em>mulieres</em></span> <span class='ocrx_word' id='word_1_196' title='bbox 802 1622 965 1662; x_wconf 78' lang='lat' dir='ltr'><em>conjugatae</em></span> <span class='ocrx_word' id='word_1_197' title='bbox 989 1621 1025 1652; x_wconf 85' lang='lat' dir='ltr'><em>de</em></span> <span class='ocrx_word' id='word_1_198' title='bbox 1049 1619 1184 1663; x_wconf 86' lang='lat' dir='ltr'><em>consensu</em></span> 
     </span>
     <span class='ocr_line' id='line_1_32' title="bbox 305 1666 1184 1711; baseline 0.005 -12"><span class='ocrx_word' id='word_1_199' title='bbox 305 1666 480 1699; x_wconf 70' lang='lat' dir='ltr'><em>maritorum</em></span> <span class='ocrx_word' id='word_1_200' title='bbox 499 1666 618 1709; x_wconf 87' lang='lat' dir='ltr'><em>suorum</em></span> <span class='ocrx_word' id='word_1_201' title='bbox 642 1669 760 1700; x_wconf 79' lang='lat' dir='ltr'><em>carnale</em></span> <span class='ocrx_word' id='word_1_202' title='bbox 777 1671 943 1711; x_wconf 76' lang='lat' dir='ltr'><em>conjugium</em></span> <span class='ocrx_word' id='word_1_203' title='bbox 966 1675 998 1701; x_wconf 93' lang='lat' dir='ltr'><em>in</em></span> <span class='ocrx_word' id='word_1_204' title='bbox 1023 1668 1184 1711; x_wconf 83' lang='lat' dir='ltr'><em>spirituale</em></span> 
     </span>
     <span class='ocr_line' id='line_1_33' title="bbox 305 1716 1184 1758; baseline 0.005 -9"><span class='ocrx_word' id='word_1_205' title='bbox 305 1716 525 1749; x_wconf 83' lang='lat' dir='ltr'><em>commutabant</em></span> <span class='ocrx_word' id='word_1_206' title='bbox 537 1741 544 1748; x_wconf 92' lang='lat'><em>.</em></span> <span class='ocrx_word' id='word_1_207' title='bbox 573 1721 627 1750; x_wconf 83' lang='lat' dir='ltr'><em>Ex</em></span> <span class='ocrx_word' id='word_1_208' title='bbox 639 1719 708 1750; x_wconf 86' lang='lat' dir='ltr'><em>aliis</em></span> <span class='ocrx_word' id='word_1_209' title='bbox 722 1719 908 1758; x_wconf 84' lang='lat' dir='ltr'><em>Monasteriis</em></span> <span class='ocrx_word' id='word_1_210' title='bbox 920 1721 1065 1752; x_wconf 81' lang='lat' dir='ltr'><em>Moniales</em></span> <span class='ocrx_word' id='word_1_211' title='bbox 1089 1730 1184 1753; x_wconf 82' lang='lat' dir='ltr'><em>muta-</em></span> 
     </span>
     <span class='ocr_line' id='line_1_34' title="bbox 305 1766 1184 1809; baseline 0.003 -9"><span class='ocrx_word' id='word_1_212' title='bbox 305 1777 335 1800; x_wconf 88' lang='lat' dir='ltr'><em>to</em></span> <span class='ocrx_word' id='word_1_213' title='bbox 346 1767 452 1799; x_wconf 80' lang='lat' dir='ltr'><em>babitu</em></span> <span class='ocrx_word' id='word_1_214' title='bbox 464 1768 507 1798; x_wconf 89' lang='lat' dir='ltr'><em>ad</em></span> <span class='ocrx_word' id='word_1_215' title='bbox 509 1766 646 1808; x_wconf 67' lang='lat' dir='ltr'><em>sruHum</em></span> <span class='ocrx_word' id='word_1_216' title='bbox 660 1769 783 1800; x_wconf 85' lang='lat' dir='ltr'><em>melioris</em></span> <span class='ocrx_word' id='word_1_217' title='bbox 797 1773 872 1806; x_wconf 53' lang='grc' dir='ltr'><em>’ωτι</em></span> <span class='ocrx_word' id='word_1_218' title='bbox 885 1793 896 1809; x_wconf 88' lang='grc'><strong><em>,</em></strong></span> <span class='ocrx_word' id='word_1_219' title='bbox 922 1770 1104 1803; x_wconf 65' lang='lat' dir='ltr'><em>&amp;armaris</em></span> <span class='ocrx_word' id='word_1_220' title='bbox 1124 1775 1184 1803; x_wconf 81' lang='lat' dir='ltr'><em>viae</em></span> 
     </span>
     <span class='ocr_line' id='line_1_35' title="bbox 305 1815 1183 1861; baseline 0.003 -12"><span class='ocrx_word' id='word_1_221' title='bbox 305 1815 509 1849; x_wconf 77' lang='lat' dir='ltr'><em>advolabant.</em></span> <span class='ocrx_word' id='word_1_222' title='bbox 539 1820 686 1850; x_wconf 70' lang='lat' dir='ltr'><em>Matrona</em></span> <span class='ocrx_word' id='word_1_223' title='bbox 698 1817 805 1850; x_wconf 87' lang='lat' dir='ltr'><em>nobiles</em></span> <span class='ocrx_word' id='word_1_224' title='bbox 819 1821 852 1852; x_wconf 61' lang='grc' dir='ltr'><em>ἐν</em></span> <span class='ocrx_word' id='word_1_225' title='bbox 864 1828 999 1859; x_wconf 85' lang='lat' dir='ltr'><em>potentes</em></span> <span class='ocrx_word' id='word_1_226' title='bbox 1012 1825 1043 1851; x_wconf 87' lang='lat' dir='ltr'><em>t&#39;n</em></span> <span class='ocrx_word' id='word_1_227' title='bbox 1051 1818 1157 1861; x_wconf 84' lang='lat' dir='ltr'><em>saeculo</em></span> <span class='ocrx_word' id='word_1_228' title='bbox 1173 1844 1183 1860; x_wconf 89' lang='lat'>,</span> 
     </span>
     <span class='ocr_line' id='line_1_36' title="bbox 303 1866 1185 1912; baseline 0.001 -11"><span class='ocrx_word' id='word_1_229' title='bbox 303 1867 414 1901; x_wconf 64' lang='lat' dir='ltr'><em>reliHis</em></span> <span class='ocrx_word' id='word_1_230' title='bbox 431 1866 661 1900; x_wconf 47' lang='lat' dir='ltr'><em>haereditatibus</em></span> <span class='ocrx_word' id='word_1_231' title='bbox 676 1875 800 1901; x_wconf 87' lang='lat' dir='ltr'><em>terrenis</em></span> <span class='ocrx_word' id='word_1_232' title='bbox 815 1893 824 1908; x_wconf 96' lang='lat'>,</span> <span class='ocrx_word' id='word_1_233' title='bbox 851 1870 884 1901; x_wconf 56' lang='grc' dir='ltr'><em>(θ’</em></span> <span class='ocrx_word' id='word_1_234' title='bbox 906 1867 1048 1911; x_wconf 79' lang='lat' dir='ltr'><em>immensis</em></span> <span class='ocrx_word' id='word_1_235' title='bbox 1056 1870 1185 1912; x_wconf 83' lang='lat' dir='ltr'><em>poffeffio·</em></span> 
     </span>
     <span class='ocr_line' id='line_1_37' title="bbox 305 1917 1181 1962; baseline 0.001 -13"><span class='ocrx_word' id='word_1_236' title='bbox 305 1917 395 1950; x_wconf 75' lang='lat' dir='ltr'><em>nibus</em></span> <span class='ocrx_word' id='word_1_237' title='bbox 408 1940 418 1955; x_wconf 91' lang='lat'>,</span> <span class='ocrx_word' id='word_1_238' title='bbox 440 1918 658 1961; x_wconf 77' lang='lat' dir='ltr'><em>praeeligebant</em></span> <span class='ocrx_word' id='word_1_239' title='bbox 670 1917 793 1958; x_wconf 69' lang='lat' dir='ltr'><em>abjeiiae</em></span> <span class='ocrx_word' id='word_1_240' title='bbox 804 1919 854 1962; x_wconf 82' lang='lat' dir='ltr'><em>effe</em></span> <span class='ocrx_word' id='word_1_241' title='bbox 871 1925 904 1951; x_wconf 88' lang='lat' dir='ltr'><em>in</em></span> <span class='ocrx_word' id='word_1_242' title='bbox 925 1920 1008 1952; x_wconf 83' lang='lat' dir='ltr'><em>domo</em></span> <span class='ocrx_word' id='word_1_243' title='bbox 1027 1922 1147 1952; x_wconf 84' lang='lat' dir='ltr'><em>Domini</em></span> <span class='ocrx_word' id='word_1_244' title='bbox 1172 1946 1181 1960; x_wconf 93' lang='lat'>,</span> 
     </span>
     <span class='ocr_line' id='line_1_38' title="bbox 306 1967 1185 2010; baseline 0.003 -11"><span class='ocrx_word' id='word_1_245' title='bbox 306 1974 401 2009; x_wconf 84' lang='lat' dir='ltr'><em>magis</em></span> <span class='ocrx_word' id='word_1_246' title='bbox 423 1969 512 2008; x_wconf 72' lang='lat' dir='ltr'><em>quam</em></span> <span class='ocrx_word' id='word_1_247' title='bbox 535 1967 672 2000; x_wconf 84' lang='lat' dir='ltr'><em>babitare</em></span> <span class='ocrx_word' id='word_1_248' title='bbox 695 1974 727 2000; x_wconf 93' lang='lat' dir='ltr'><em>in</em></span> <span class='ocrx_word' id='word_1_249' title='bbox 748 1969 947 2002; x_wconf 79' lang='lat' dir='ltr'><em>tabernaculis</em></span> <span class='ocrx_word' id='word_1_250' title='bbox 965 1978 1151 2010; x_wconf 84' lang='lat' dir='ltr'><em>peccatorum</em></span> <span class='ocrx_word' id='word_1_251' title='bbox 1178 1994 1185 2001; x_wconf 90' lang='lat'><strong>.</strong></span> 
     </span>
     <span class='ocr_line' id='line_1_39' title="bbox 306 2015 1179 2060; baseline 0.002 -11"><span class='ocrx_word' id='word_1_252' title='bbox 306 2016 430 2056; x_wconf 76' lang='lat' dir='ltr'><em>,Illustris</em></span> <span class='ocrx_word' id='word_1_253' title='bbox 448 2015 597 2060; x_wconf 73' lang='lat' dir='ltr'><em>Profiipiae</em></span> <span class='ocrx_word' id='word_1_254' title='bbox 609 2022 748 2060; x_wconf 83' lang='lat' dir='ltr'><em>Virgines</em></span> <span class='ocrx_word' id='word_1_255' title='bbox 758 2043 768 2058; x_wconf 90' lang='lat'><em>‚</em></span> <span class='ocrx_word' id='word_1_256' title='bbox 797 2019 896 2051; x_wconf 86' lang='lat' dir='ltr'><em>oblata</em></span> <span class='ocrx_word' id='word_1_257' title='bbox 908 2026 1100 2051; x_wconf 81' lang='lat' dir='ltr'><em>matrimonia</em></span> <span class='ocrx_word' id='word_1_258' title='bbox 1111 2030 1179 2051; x_wconf 89' lang='lat' dir='ltr'><em>con-</em></span> 
     </span>
     <span class='ocr_line' id='line_1_40' title="bbox 306 2067 1183 2110; baseline -0.001 -10"><span class='ocrx_word' id='word_1_259' title='bbox 306 2076 495 2106; x_wconf 81' lang='lat' dir='ltr'><em>temnentes.‚</em></span> <span class='ocrx_word' id='word_1_260' title='bbox 521 2067 632 2100; x_wconf 66' lang='lat' dir='ltr'><em>reli-His</em></span> <span class='ocrx_word' id='word_1_261' title='bbox 653 2072 789 2110; x_wconf 78' lang='lat' dir='ltr'><em>ingenuit</em></span> <span class='ocrx_word' id='word_1_262' title='bbox 808 2068 1010 2108; x_wconf 85' lang='lat' dir='ltr'><em>parentibus,</em></span> <span class='ocrx_word' id='word_1_263' title='bbox 1046 2070 1079 2101; x_wconf 71' lang='lat'><em>(9⁸</em></span> <span class='ocrx_word' id='word_1_264' title='bbox 1104 2068 1183 2101; x_wconf 84' lang='lat' dir='ltr'><em>blan-</em></span> 
     </span>
     <span class='ocr_line' id='line_1_41' title="bbox 307 2115 1187 2158; baseline 0.001 -10"><span class='ocrx_word' id='word_1_265' title='bbox 307 2118 416 2151; x_wconf 82' lang='lat' dir='ltr'><em>dientis</em></span> <span class='ocrx_word' id='word_1_266' title='bbox 424 2115 526 2158; x_wconf 83' lang='lat' dir='ltr'><em>saeculi</em></span> <span class='ocrx_word' id='word_1_267' title='bbox 536 2118 667 2156; x_wconf 82' lang='lat' dir='ltr'><em>deliciis,</em></span> <span class='ocrx_word' id='word_1_268' title='bbox 693 2117 835 2158; x_wconf 73' lang='lat' dir='ltr'><em>projeHis</em></span> <span class='ocrx_word' id='word_1_269' title='bbox 854 2122 1035 2150; x_wconf 84' lang='lat' dir='ltr'><em>ornamentis</em></span> <span class='ocrx_word' id='word_1_270' title='bbox 1047 2120 1081 2150; x_wconf 62' lang='grc'><em>(9</em></span> <span class='ocrx_word' id='word_1_271' title='bbox 1103 2118 1187 2157; x_wconf 79' lang='lat' dir='ltr'><em>vesti—</em></span> 
     </span>
     <span class='ocr_line' id='line_1_42' title="bbox 308 2165 1185 2210; baseline -0.001 -10"><span class='ocrx_word' id='word_1_272' title='bbox 308 2168 364 2200; x_wconf 85' lang='lat' dir='ltr'><em>bus</em></span> <span class='ocrx_word' id='word_1_273' title='bbox 375 2165 504 2207; x_wconf 72' lang='lat' dir='ltr'><em>prett&#39;ost‘s</em></span> <span class='ocrx_word' id='word_1_274' title='bbox 517 2190 526 2204; x_wconf 91' lang='lat'>‚</span> <span class='ocrx_word' id='word_1_275' title='bbox 557 2166 670 2203; x_wconf 69' lang='lat' dir='ltr'><em>christo</em></span> <span class='ocrx_word' id='word_1_276' title='bbox 688 2165 789 2208; x_wconf 78' lang='lat' dir='ltr'><em>sponso</em></span> <span class='ocrx_word' id='word_1_277' title='bbox 810 2171 965 2209; x_wconf 83' lang='lat' dir='ltr'><em>Virginum</em></span> <span class='ocrx_word' id='word_1_278' title='bbox 979 2167 1185 2210; x_wconf 81' lang='lat' dir='ltr'><em>jungebantur</em></span> 
     </span>
     <span class='ocr_line' id='line_1_43' title="bbox 309 2215 1184 2259; baseline 0.001 -11"><span class='ocrx_word' id='word_1_279' title='bbox 309 2221 343 2250; x_wconf 79' lang='lat' dir='ltr'><em>in</em></span> <span class='ocrx_word' id='word_1_280' title='bbox 350 2224 528 2257; x_wconf 84' lang='lat' dir='ltr'><em>paupertate</em></span> <span class='ocrx_word' id='word_1_281' title='bbox 540 2218 572 2248; x_wconf 65' lang='lat'><em>(5</em></span> <span class='ocrx_word' id='word_1_282' title='bbox 585 2215 747 2248; x_wconf 83' lang='lat' dir='ltr'><em>bumilitate</em></span> <span class='ocrx_word' id='word_1_283' title='bbox 759 2228 765 2247; x_wconf 87' lang='lat'>:</span> <span class='ocrx_word' id='word_1_284' title='bbox 796 2219 829 2249; x_wconf 67' lang='lat'><em>(9⁵</em></span> <span class='ocrx_word' id='word_1_285' title='bbox 842 2226 916 2249; x_wconf 77' lang='lat' dir='ltr'><em>vttae</em></span> <span class='ocrx_word' id='word_1_286' title='bbox 929 2219 1053 2249; x_wconf 81' lang='lat' dir='ltr'><em>durioris</em></span> <span class='ocrx_word' id='word_1_287' title='bbox 1075 2216 1184 2259; x_wconf 88' lang='lat' dir='ltr'><em>asperi-</em></span> 
     </span>
     <span class='ocr_line' id='line_1_44' title="bbox 311 2265 1175 2308; baseline 0.001 -10"><span class='ocrx_word' id='word_1_288' title='bbox 311 2275 375 2301; x_wconf 76' lang='lat' dir='ltr'><em>tate</em></span> <span class='ocrx_word' id='word_1_289' title='bbox 402 2268 525 2297; x_wconf 85' lang='lat' dir='ltr'><em>Domino</em></span> <span class='ocrx_word' id='word_1_290' title='bbox 543 2267 715 2306; x_wconf 69' lang='lat' dir='ltr'><em>devotiffime³</em></span> <span class='ocrx_word' id='word_1_291' title='bbox 734 2265 920 2308; x_wconf 79' lang='lat' dir='ltr'><em>servientes,</em></span> <span class='ocrx_word' id='word_1_292' title='bbox 947 2269 1120 2308; x_wconf 81' lang='lat' dir='ltr'><em>temporales</em></span> <span class='ocrx_word' id='word_1_293' title='bbox 1143 2269 1175 2300; x_wconf 89' lang='lat' dir='ltr'><em>di</em></span> 
     </span>
     <span class='ocr_line' id='line_1_45' title="bbox 312 2314 1185 2359; baseline 0.002 -12"><span class='ocrx_word' id='word_1_294' title='bbox 312 2322 405 2350; x_wconf 72' lang='lat' dir='ltr'><em>vitias</em></span> <span class='ocrx_word' id='word_1_295' title='bbox 427 2325 483 2357; x_wconf 87' lang='lat' dir='ltr'><em>pro</em></span> <span class='ocrx_word' id='word_1_296' title='bbox 499 2314 707 2358; x_wconf 75' lang='lat' dir='ltr'><em>spiritualibus</em></span> <span class='ocrx_word' id='word_1_297' title='bbox 721 2316 875 2359; x_wconf 82' lang='lat' dir='ltr'><em>sapienter</em></span> <span class='ocrx_word' id='word_1_298' title='bbox 894 2326 1120 2358; x_wconf 81' lang='lat' dir='ltr'><em>permutantes.</em></span> <span class='ocrx_word' id='word_1_299' title='bbox 1148 2321 1185 2350; x_wconf 86' lang='lat' dir='ltr'><em>Ut</em></span> 
     </span>
     <span class='ocr_line' id='line_1_46' title="bbox 313 2365 1183 2410; baseline 0 -10"><span class='ocrx_word' id='word_1_300' title='bbox 313 2373 391 2400; x_wconf 85' lang='lat' dir='ltr'><em>enim</em></span> <span class='ocrx_word' id='word_1_301' title='bbox 403 2368 439 2398; x_wconf 86' lang='lat' dir='ltr'><em>de</em></span> <span class='ocrx_word' id='word_1_302' title='bbox 450 2367 518 2398; x_wconf 87' lang='lat' dir='ltr'><em>aliis</em></span> <span class='ocrx_word' id='word_1_303' title='bbox 531 2365 621 2406; x_wconf 84' lang='lat' dir='ltr'><em>hujus</em></span> <span class='ocrx_word' id='word_1_304' title='bbox 636 2367 759 2400; x_wconf 82' lang='lat' dir='ltr'><em>Ordinis</em></span> <span class='ocrx_word' id='word_1_305' title='bbox 774 2366 957 2406; x_wconf 83' lang='lat' dir='ltr'><em>Monasteriis</em></span> <span class='ocrx_word' id='word_1_306' title='bbox 969 2369 1002 2401; x_wconf 67' lang='grc' dir='ltr'><em>(ν</em></span> <span class='ocrx_word' id='word_1_307' title='bbox 1023 2372 1183 2410; x_wconf 82' lang='lat' dir='ltr'><em>Congrega·</em></span> 
     </span>
     <span class='ocr_line' id='line_1_47' title="bbox 307 2416 1182 2458; baseline 0 -10"><span class='ocrx_word' id='word_1_308' title='bbox 307 2416 435 2451; x_wconf 82' lang='lat' dir='ltr'><em>tionibus</em></span> <span class='ocrx_word' id='word_1_309' title='bbox 450 2416 743 2456; x_wconf 74' lang='lat' dir='ltr'><em>sanc‘limonialium,</em></span> <span class='ocrx_word' id='word_1_310' title='bbox 769 2429 835 2458; x_wconf 77' lang='lat' dir='ltr'><em>quae</em></span> <span class='ocrx_word' id='word_1_311' title='bbox 861 2425 892 2449; x_wconf 83' lang='lat' dir='ltr'><em>in</em></span> <span class='ocrx_word' id='word_1_312' title='bbox 913 2418 981 2449; x_wconf 85' lang='lat' dir='ltr'><em>aliis</em></span> <span class='ocrx_word' id='word_1_313' title='bbox 1002 2419 1071 2450; x_wconf 80' lang='lat' dir='ltr'><em>locis</em></span> <span class='ocrx_word' id='word_1_314' title='bbox 1081 2419 1182 2458; x_wconf 82' lang='lat' dir='ltr'><em>paffim</em></span> 
     </span>
     <span class='ocr_line' id='line_1_48' title="bbox 308 2465 1183 2508; baseline -0.001 -8"><span class='ocrx_word' id='word_1_315' title='bbox 308 2465 534 2508; x_wconf 85' lang='lat' dir='ltr'><em>aedificabantur</em></span> <span class='ocrx_word' id='word_1_316' title='bbox 545 2489 556 2505; x_wconf 89' lang='lat'>,</span> <span class='ocrx_word' id='word_1_317' title='bbox 582 2477 732 2499; x_wconf 84' lang='lat' dir='ltr'><em>taceamus</em></span> <span class='ocrx_word' id='word_1_318' title='bbox 747 2491 757 2507; x_wconf 90' lang='lat'>‚</span> <span class='ocrx_word' id='word_1_319' title='bbox 783 2473 814 2499; x_wconf 89' lang='lat' dir='ltr'><em>in</em></span> <span class='ocrx_word' id='word_1_320' title='bbox 825 2478 886 2499; x_wconf 88' lang='lat' dir='ltr'><em>una</em></span> <span class='ocrx_word' id='word_1_321' title='bbox 900 2467 1030 2507; x_wconf 84' lang='lat' dir='ltr'><em>Diocoesis</em></span> <span class='ocrx_word' id='word_1_322' title='bbox 1044 2468 1183 2500; x_wconf 83' lang='lat' dir='ltr'><em>Leodien-</em></span> 
     </span>
     <span class='ocr_line' id='line_1_49' title="bbox 301 2515 1184 2558; baseline 0.001 -10"><span class='ocrx_word' id='word_1_323' title='bbox 301 2515 343 2558; x_wconf 77' lang='lat' dir='ltr'><em>fis</em></span> <span class='ocrx_word' id='word_1_324' title='bbox 358 2522 471 2558; x_wconf 82' lang='lat' dir='ltr'><em>regione</em></span> <span class='ocrx_word' id='word_1_325' title='bbox 481 2515 592 2558; x_wconf 81' lang='lat' dir='ltr'><em>septem</em></span> <span class='ocrx_word' id='word_1_326' title='bbox 607 2517 695 2558; x_wconf 86' lang='lat' dir='ltr'><em>hujus</em></span> <span class='ocrx_word' id='word_1_327' title='bbox 707 2518 831 2549; x_wconf 84' lang='lat' dir='ltr'><em>Ordinis</em></span> <span class='ocrx_word' id='word_1_328' title='bbox 844 2518 876 2549; x_wconf 69' lang='lat'><em>(⁸5</em></span> <span class='ocrx_word' id='word_1_329' title='bbox 893 2518 1071 2558; x_wconf 83' lang='lat' dir='ltr'><em>Profeffionis</em></span> <span class='ocrx_word' id='word_1_330' title='bbox 1088 2517 1184 2550; x_wconf 73' lang='lat' dir='ltr'><em>abba-</em></span> 
     </span>
     <span class='ocr_line' id='line_1_50' title="bbox 307 2566 1174 2607; baseline 0.003 -9"><span class='ocrx_word' id='word_1_331' title='bbox 307 2573 368 2601; x_wconf 76' lang='lat' dir='ltr'><em>tias</em></span> <span class='ocrx_word' id='word_1_332' title='bbox 381 2568 555 2598; x_wconf 86' lang='lat' dir='ltr'><em>Monialium</em></span> <span class='ocrx_word' id='word_1_333' title='bbox 567 2575 694 2607; x_wconf 82' lang='lat' dir='ltr'><em>tempore</em></span> <span class='ocrx_word' id='word_1_334' title='bbox 707 2569 817 2599; x_wconf 87' lang='lat' dir='ltr'><em>modico</em></span> <span class='ocrx_word' id='word_1_335' title='bbox 820 2566 954 2607; x_wconf 84' lang='lat' dir='ltr'><em>fundari</em></span> <span class='ocrx_word' id='word_1_336' title='bbox 967 2570 1001 2601; x_wconf 59' lang='grc' dir='ltr'>Θ</span> <span class='ocrx_word' id='word_1_337' title='bbox 1010 2568 1129 2607; x_wconf 83' lang='lat' dir='ltr'><em>construi</em></span> <span class='ocrx_word' id='word_1_338' title='bbox 1141 2574 1174 2601; x_wconf 81' lang='lat' dir='ltr'><em>vi</em></span> 
     </span>
     <span class='ocr_line' id='line_1_51' title="bbox 308 2614 1181 2659; baseline 0.005 -13"><span class='ocrx_word' id='word_1_339' title='bbox 308 2618 410 2651; x_wconf 81' lang='lat' dir='ltr'><em>dimus</em></span> <span class='ocrx_word' id='word_1_340' title='bbox 427 2640 435 2655; x_wconf 85' lang='lat'>‚</span> <span class='ocrx_word' id='word_1_341' title='bbox 463 2617 495 2648; x_wconf 62' lang='lat'><em>&lt;5</em></span> <span class='ocrx_word' id='word_1_342' title='bbox 514 2614 627 2657; x_wconf 76' lang='lat' dir='ltr'><em>sanc‘lis</em></span> <span class='ocrx_word' id='word_1_343' title='bbox 651 2617 826 2649; x_wconf 64' lang='lat' dir='ltr'><em>Martialibus</em></span> <span class='ocrx_word' id='word_1_344' title='bbox 840 2641 849 2656; x_wconf 87' lang='lat'>,</span> <span class='ocrx_word' id='word_1_345' title='bbox 886 2627 1032 2659; x_wconf 83' lang='lat' dir='ltr'><em>tanquam</em></span> <span class='ocrx_word' id='word_1_346' title='bbox 1052 2620 1126 2650; x_wconf 77' lang='lat' dir='ltr'><em>liliis</em></span> <span class='ocrx_word' id='word_1_347' title='bbox 1148 2620 1181 2651; x_wconf 68' lang='lat'><em>(5</em></span> 
     </span>
     <span class='ocr_line' id='line_1_52' title="bbox 308 2667 1183 2710; baseline 0.005 -12"><span class='ocrx_word' id='word_1_348' title='bbox 308 2667 419 2705; x_wconf 78' lang='lat' dir='ltr'><em>violis,</em></span> <span class='ocrx_word' id='word_1_349' title='bbox 445 2672 584 2698; x_wconf 82' lang='lat' dir='ltr'><em>exornari</em></span> <span class='ocrx_word' id='word_1_350' title='bbox 607 2691 613 2698; x_wconf 91' lang='lat'>.</span> <span class='ocrx_word' id='word_1_351' title='bbox 645 2667 790 2699; x_wconf 77' lang='lat' dir='ltr'><em>Tenacia</em></span> <span class='ocrx_word' id='word_1_352' title='bbox 814 2678 894 2700; x_wconf 82' lang='lat' dir='ltr'><em>verae</em></span> <span class='ocrx_word' id='word_1_353' title='bbox 912 2667 1089 2710; x_wconf 70' lang='lat' dir='ltr'><em>disciplinae</em></span> <span class='ocrx_word' id='word_1_354' title='bbox 1113 2669 1183 2702; x_wconf 87' lang='lat' dir='ltr'><em>Coe-</em></span> 
     </span>
     <span class='ocr_line' id='line_1_53' title="bbox 308 2716 1185 2751; baseline 0 -1"><span class='ocrx_word' id='word_1_355' title='bbox 308 2716 407 2750; x_wconf 68' lang='lat' dir='ltr'><em>nobie</em></span> <span class='ocrx_word' id='word_1_356' title='bbox 428 2716 445 2749; x_wconf 73' lang='grc' dir='ltr'>ὲ</span> <span class='ocrx_word' id='word_1_357' title='bbox 472 2716 622 2749; x_wconf 86' lang='lat' dir='ltr'><em>Domino</em></span> <span class='ocrx_word' id='word_1_358' title='bbox 648 2716 719 2748; x_wconf 75' lang='lat' dir='ltr'><em>Deo</em></span> <span class='ocrx_word' id='word_1_359' title='bbox 745 2718 786 2748; x_wconf 83' lang='lat' dir='ltr'><em>ita</em></span> <span class='ocrx_word' id='word_1_360' title='bbox 814 2716 1067 2750; x_wconf 84' lang='lat' dir='ltr'><em>benedicuntur.</em></span> <span class='ocrx_word' id='word_1_361' title='bbox 1103 2718 1185 2751; x_wconf 88' lang='lat' dir='ltr'><em>Falli</em></span> 
     </span>
     <span class='ocr_line' id='line_1_54' title="bbox 308 2766 1186 2810; baseline 0 -10"><span class='ocrx_word' id='word_1_362' title='bbox 308 2778 376 2800; x_wconf 88' lang='lat' dir='ltr'><em>non</em></span> <span class='ocrx_word' id='word_1_363' title='bbox 393 2766 492 2808; x_wconf 72' lang='lat' dir='ltr'><em>petest</em></span> <span class='ocrx_word' id='word_1_364' title='bbox 509 2766 572 2798; x_wconf 78' lang='lat' dir='ltr'><em>haec</em></span> <span class='ocrx_word' id='word_1_365' title='bbox 587 2766 762 2798; x_wconf 29' lang='lat' dir='ltr'><em>Dra-mimica</em></span> <span class='ocrx_word' id='word_1_366' title='bbox 782 2766 928 2809; x_wconf 84' lang='lat' dir='ltr'><em>Regula:</em></span> <span class='ocrx_word' id='word_1_367' title='bbox 958 2770 1095 2810; x_wconf 78' lang='lat' dir='ltr'><em>,Quaerite</em></span> <span class='ocrx_word' id='word_1_368' title='bbox 1118 2767 1186 2809; x_wconf 73' lang='lat' dir='ltr'><em>pri-</em></span> 
     </span>
     <span class='ocr_line' id='line_1_55' title="bbox 308 2816 1186 2859; baseline 0.003 -11"><span class='ocrx_word' id='word_1_369' title='bbox 308 2818 388 2850; x_wconf 76' lang='lat' dir='ltr'><em>mum</em></span> <span class='ocrx_word' id='word_1_370' title='bbox 399 2827 520 2859; x_wconf 83' lang='lat' dir='ltr'><em>regnum</em></span> <span class='ocrx_word' id='word_1_371' title='bbox 537 2820 610 2856; x_wconf 88' lang='lat' dir='ltr'><em>Dei,</em></span> <span class='ocrx_word' id='word_1_372' title='bbox 638 2816 824 2856; x_wconf 73' lang='lat' dir='ltr'><em>&amp;justitiam</em></span> <span class='ocrx_word' id='word_1_373' title='bbox 841 2818 906 2857; x_wconf 80' lang='lat' dir='ltr'><em>ejus</em></span> <span class='ocrx_word' id='word_1_374' title='bbox 918 2840 928 2856; x_wconf 87' lang='lat'><strong>,</strong></span> <span class='ocrx_word' id='word_1_375' title='bbox 956 2818 990 2850; x_wconf 64' lang='lat'><em>(5</em></span> <span class='ocrx_word' id='word_1_376' title='bbox 1014 2817 1075 2850; x_wconf 82' lang='lat' dir='ltr'><em>baec</em></span> <span class='ocrx_word' id='word_1_377' title='bbox 1088 2824 1186 2851; x_wconf 80' lang='lat' dir='ltr'><em>omni&#39;a</em></span> 
     </span>
     <span class='ocr_line' id='line_1_56' title="bbox 309 2865 605 2907; baseline 0.003 -10"><span class='ocrx_word' id='word_1_378' title='bbox 309 2868 489 2907; x_wconf 67' lang='lat' dir='ltr'><em>adjicientur</em></span> <span class='ocrx_word' id='word_1_379' title='bbox 500 2865 584 2898; x_wconf 79' lang='lat' dir='ltr'><em>vobis</em></span> <span class='ocrx_word' id='word_1_380' title='bbox 598 2891 605 2898; x_wconf 93' lang='lat'>.</span> 
     </span>
    </p>

    <p class='ocr_par' dir='ltr' id='par_1_6' title="bbox 305 2915 1188 3516">
     <span class='ocr_line' id='line_1_57' title="bbox 361 2915 1187 2959; baseline 0.004 -11"><span class='ocrx_word' id='word_1_381' title='bbox 361 2915 471 2952; x_wconf 84' lang='lat' dir='ltr'><em>Etiam</em></span> <span class='ocrx_word' id='word_1_382' title='bbox 483 2917 780 2959; x_wconf 83' lang='lat' dir='ltr'><em>Hospitalariorum</em></span> <span class='ocrx_word' id='word_1_383' title='bbox 799 2918 884 2950; x_wconf 87' lang='lat' dir='ltr'><em>varia</em></span> <span class='ocrx_word' id='word_1_384' title='bbox 899 2916 976 2951; x_wconf 86' lang='lat' dir='ltr'><em>vitia</em></span> <span class='ocrx_word' id='word_1_385' title='bbox 998 2928 1166 2951; x_wconf 83' lang='lat' dir='ltr'><em>enumerat</em></span> <span class='ocrx_word' id='word_1_386' title='bbox 1178 2943 1187 2959; x_wconf 89' lang='lat'><em>,</em></span> 
     </span>
     <span class='ocr_line' id='line_1_58' title="bbox 310 2965 1185 3010; baseline 0.001 -13"><span class='ocrx_word' id='word_1_387' title='bbox 310 2976 408 3008; x_wconf 83' lang='lat' dir='ltr'><em>atque</em></span> <span class='ocrx_word' id='word_1_388' title='bbox 418 2965 563 3008; x_wconf 78' lang='lat' dir='ltr'><em>deplorat</em></span> <span class='ocrx_word' id='word_1_389' title='bbox 577 2966 661 3000; x_wconf 86' lang='lat' dir='ltr'><em>idem</em></span> <span class='ocrx_word' id='word_1_390' title='bbox 677 2966 881 3008; x_wconf 86' lang='lat' dir='ltr'><em>Cardinalis,</em></span> <span class='ocrx_word' id='word_1_391' title='bbox 909 2969 942 3002; x_wconf 76' lang='grc' dir='ltr'><em>δε</em></span> <span class='ocrx_word' id='word_1_392' title='bbox 970 2967 1185 3010; x_wconf 82' lang='lat' dir='ltr'><em>prosequitur:</em></span> 
     </span>
     <span class='ocr_line' id='line_1_59' title="bbox 313 3016 1188 3059; baseline 0.006 -14"><span class='ocrx_word' id='word_1_393' title='bbox 313 3017 356 3048; x_wconf 90' lang='lat' dir='ltr'><em>De</em></span> <span class='ocrx_word' id='word_1_394' title='bbox 366 3016 548 3058; x_wconf 78' lang='lat' dir='ltr'><em>regularibus</em></span> <span class='ocrx_word' id='word_1_395' title='bbox 562 3017 730 3057; x_wconf 70' lang='lat' dir='ltr'><em>Insistam,</em></span> <span class='ocrx_word' id='word_1_396' title='bbox 757 3019 790 3051; x_wconf 63' lang='grc' dir='ltr'>Θ</span> <span class='ocrx_word' id='word_1_397' title='bbox 811 3019 935 3051; x_wconf 84' lang='lat' dir='ltr'><em>Ordinis</em></span> <span class='ocrx_word' id='word_1_398' title='bbox 954 3023 1087 3059; x_wconf 78' lang='lat' dir='ltr'><em>puritate</em></span> <span class='ocrx_word' id='word_1_399' title='bbox 1109 3017 1188 3050; x_wconf 84' lang='lat' dir='ltr'><em>nibil</em></span> 
     </span>
     <span class='ocr_line' id='line_1_60' title="bbox 309 3066 1183 3108; baseline 0.005 -12"><span class='ocrx_word' id='word_1_400' title='bbox 309 3075 421 3108; x_wconf 61' lang='lat' dir='ltr'><em>praeter</em></span> <span class='ocrx_word' id='word_1_401' title='bbox 434 3075 589 3098; x_wconf 84' lang='lat' dir='ltr'><em>externum</em></span> <span class='ocrx_word' id='word_1_402' title='bbox 611 3066 744 3099; x_wconf 85' lang='lat' dir='ltr'><em>habitum</em></span> <span class='ocrx_word' id='word_1_403' title='bbox 780 3073 940 3100; x_wconf 84' lang='lat' dir='ltr'><em>retinentes</em></span> <span class='ocrx_word' id='word_1_404' title='bbox 964 3092 973 3107; x_wconf 91' lang='lat'>‚</span> <span class='ocrx_word' id='word_1_405' title='bbox 1000 3069 1097 3100; x_wconf 80' lang='lat' dir='ltr'><em>omnes</em></span> <span class='ocrx_word' id='word_1_406' title='bbox 1113 3066 1183 3108; x_wconf 66' lang='lat' dir='ltr'><em>fere*</em></span> 
     </span>
     <span class='ocr_line' id='line_1_61' title="bbox 308 3116 1184 3161; baseline 0 -13"><span class='ocrx_word' id='word_1_407' title='bbox 308 3124 362 3158; x_wconf 77' lang='lat' dir='ltr'><em>per</em></span> <span class='ocrx_word' id='word_1_408' title='bbox 384 3116 541 3147; x_wconf 72' lang='lat' dir='ltr'><em>simoniam</em></span> <span class='ocrx_word' id='word_1_409' title='bbox 552 3122 713 3157; x_wconf 88' lang='lat' dir='ltr'><em>recipiunt.</em></span> <span class='ocrx_word' id='word_1_410' title='bbox 742 3119 943 3160; x_wconf 74' lang='lat' dir='ltr'><em>,Quiturpiter</em></span> <span class='ocrx_word' id='word_1_411' title='bbox 965 3119 1076 3161; x_wconf 82' lang='lat' dir='ltr'><em>ingreffi</em></span> <span class='ocrx_word' id='word_1_412' title='bbox 1090 3143 1099 3157; x_wconf 92' lang='lat'>,</span> <span class='ocrx_word' id='word_1_413' title='bbox 1124 3126 1184 3149; x_wconf 80' lang='lat' dir='ltr'><em>tur-</em></span> 
     </span>
     <span class='ocr_line' id='line_1_62' title="bbox 308 3166 1187 3208; baseline 0.001 -11"><span class='ocrx_word' id='word_1_414' title='bbox 308 3166 420 3208; x_wconf 57' lang='lat' dir='ltr'><em>ptffime*</em></span> <span class='ocrx_word' id='word_1_415' title='bbox 433 3166 476 3197; x_wconf 82' lang='lat' dir='ltr'><em>ad</em></span> <span class='ocrx_word' id='word_1_416' title='bbox 495 3166 619 3198; x_wconf 85' lang='lat' dir='ltr'><em>aliorum</em></span> <span class='ocrx_word' id='word_1_417' title='bbox 637 3173 833 3199; x_wconf 85' lang='lat' dir='ltr'><em>imitationem</em></span> <span class='ocrx_word' id='word_1_418' title='bbox 846 3190 857 3206; x_wconf 87' lang='lat'>‚</span> <span class='ocrx_word' id='word_1_419' title='bbox 880 3168 991 3201; x_wconf 79' lang='lat' dir='ltr'><em>ibidem</em></span> <span class='ocrx_word' id='word_1_420' title='bbox 1011 3179 1187 3203; x_wconf 86' lang='lat' dir='ltr'><em>commoran-</em></span> 
     </span>
     <span class='ocr_line' id='line_1_63' title="bbox 312 3215 1188 3261; baseline 0 -13"><span class='ocrx_word' id='word_1_421' title='bbox 312 3224 383 3254; x_wconf 78' lang='lat' dir='ltr'><em>tur,</em></span> <span class='ocrx_word' id='word_1_422' title='bbox 408 3221 441 3248; x_wconf 84' lang='lat' dir='ltr'><em>in</em></span> <span class='ocrx_word' id='word_1_423' title='bbox 463 3216 846 3258; x_wconf 69' lang='lat' dir='ltr'><em>murmure&amp;dtssenfione‚</em></span> <span class='ocrx_word' id='word_1_424' title='bbox 873 3224 905 3250; x_wconf 83' lang='lat' dir='ltr'><em>in</em></span> <span class='ocrx_word' id='word_1_425' title='bbox 918 3220 1031 3261; x_wconf 80' lang='lat' dir='ltr'><em>jurgiis</em></span> <span class='ocrx_word' id='word_1_426' title='bbox 1058 3219 1091 3251; x_wconf 67' lang='grc'><em>(9</em></span> <span class='ocrx_word' id='word_1_427' title='bbox 1110 3215 1188 3258; x_wconf 87' lang='lat' dir='ltr'><em>sedi-</em></span> 
     </span>
     <span class='ocr_line' id='line_1_64' title="bbox 314 3265 1187 3307; baseline -0.002 -7"><span class='ocrx_word' id='word_1_428' title='bbox 314 3265 442 3300; x_wconf 85' lang='lat' dir='ltr'><em>tionibus</em></span> <span class='ocrx_word' id='word_1_429' title='bbox 454 3290 464 3305; x_wconf 89' lang='lat'>,</span> <span class='ocrx_word' id='word_1_430' title='bbox 492 3272 524 3298; x_wconf 84' lang='lat' dir='ltr'><em>in</em></span> <span class='ocrx_word' id='word_1_431' title='bbox 535 3271 590 3298; x_wconf 84' lang='lat' dir='ltr'><em>otio</em></span> <span class='ocrx_word' id='word_1_432' title='bbox 601 3267 634 3299; x_wconf 61' lang='lat'><em>(5</em></span> <span class='ocrx_word' id='word_1_433' title='bbox 646 3267 826 3306; x_wconf 76' lang='lat' dir='ltr'><em>dissolutione</em></span> <span class='ocrx_word' id='word_1_434' title='bbox 837 3291 846 3305; x_wconf 94' lang='lat'>,</span> <span class='ocrx_word' id='word_1_435' title='bbox 873 3274 905 3300; x_wconf 81' lang='lat' dir='ltr'><em>in</em></span> <span class='ocrx_word' id='word_1_436' title='bbox 917 3268 1015 3301; x_wconf 85' lang='lat' dir='ltr'><em>loculis</em></span> <span class='ocrx_word' id='word_1_437' title='bbox 1028 3269 1062 3301; x_wconf 58' lang='grc' dir='ltr'><em>Θ</em></span> <span class='ocrx_word' id='word_1_438' title='bbox 1072 3272 1187 3307; x_wconf 85' lang='lat' dir='ltr'><em>proprii</em></span> 
     </span>
     <span class='ocr_line' id='line_1_65' title="bbox 313 3317 1186 3357; baseline 0.002 -10"><span class='ocrx_word' id='word_1_439' title='bbox 313 3322 470 3349; x_wconf 84' lang='lat' dir='ltr'><em>retentione</em></span> <span class='ocrx_word' id='word_1_440' title='bbox 482 3341 492 3357; x_wconf 95' lang='lat'>,</span> <span class='ocrx_word' id='word_1_441' title='bbox 518 3322 550 3349; x_wconf 84' lang='lat' dir='ltr'><em>in</em></span> <span class='ocrx_word' id='word_1_442' title='bbox 562 3317 702 3348; x_wconf 84' lang='lat' dir='ltr'><em>cubilibus</em></span> <span class='ocrx_word' id='word_1_443' title='bbox 716 3318 960 3350; x_wconf 76' lang='lat' dir='ltr'><em>&amp;immunditiis</em></span> <span class='ocrx_word' id='word_1_444' title='bbox 972 3341 982 3356; x_wconf 90' lang='lat'><strong>,</strong></span> <span class='ocrx_word' id='word_1_445' title='bbox 1008 3320 1041 3351; x_wconf 60' lang='grc' dir='ltr'><em>(ν</em></span> <span class='ocrx_word' id='word_1_446' title='bbox 1053 3323 1186 3349; x_wconf 83' lang='lat' dir='ltr'><em>omnimo·</em></span> 
     </span>
     <span class='ocr_line' id='line_1_66' title="bbox 313 3364 1187 3410; baseline 0.001 -14"><span class='ocrx_word' id='word_1_447' title='bbox 313 3366 353 3396; x_wconf 79' lang='lat' dir='ltr'><em>da</em></span> <span class='ocrx_word' id='word_1_448' title='bbox 363 3364 528 3407; x_wconf 67' lang='lat' dir='ltr'><em>feditate,</em></span> <span class='ocrx_word' id='word_1_449' title='bbox 549 3364 790 3406; x_wconf 54' lang='lat' dir='ltr'><em>fineaffec‘lionffi</em></span> <span class='ocrx_word' id='word_1_450' title='bbox 815 3365 923 3409; x_wconf 82' lang='lat' dir='ltr'><em>absque</em></span> <span class='ocrx_word' id='word_1_451' title='bbox 952 3366 1150 3410; x_wconf 83' lang='lat' dir='ltr'><em>misericordia</em></span> <span class='ocrx_word' id='word_1_452' title='bbox 1178 3391 1187 3405; x_wconf 94' lang='lat'><strong>‚</strong></span> 
     </span>
     <span class='ocr_line' id='line_1_67' title="bbox 305 3413 1187 3461; baseline 0.001 -14"><span class='ocrx_word' id='word_1_453' title='bbox 305 3413 365 3459; x_wconf 76' lang='lat' dir='ltr'><em>fine</em></span> <span class='ocrx_word' id='word_1_454' title='bbox 378 3415 513 3455; x_wconf 84' lang='lat' dir='ltr'><em>faedere.</em></span> <span class='ocrx_word' id='word_1_455' title='bbox 539 3417 803 3450; x_wconf 79' lang='lat' dir='ltr'><em>simoniacorum</em></span> <span class='ocrx_word' id='word_1_456' title='bbox 828 3418 892 3450; x_wconf 86' lang='lat' dir='ltr'><em>vita</em></span> <span class='ocrx_word' id='word_1_457' title='bbox 916 3429 983 3450; x_wconf 91' lang='lat' dir='ltr'><em>non</em></span> <span class='ocrx_word' id='word_1_458' title='bbox 1010 3417 1103 3461; x_wconf 83' lang='lat' dir='ltr'><em>poffit</em></span> <span class='ocrx_word' id='word_1_459' title='bbox 1126 3415 1187 3449; x_wconf 79' lang='lat' dir='ltr'><em>effe</em></span> 
     </span>
     <span class='ocr_line' id='line_1_68' title="bbox 307 3465 1187 3516; baseline 0.002 -14"><span class='ocrx_word' id='word_1_460' title='bbox 307 3465 392 3502; x_wconf 70' lang='lat' dir='ltr'><em>ah&#39;a·</em></span> <span class='ocrx_word' id='word_1_461' title='bbox 421 3465 454 3502; x_wconf 77' lang='lat' dir='ltr'>A</span> <span class='ocrx_word' id='word_1_462' title='bbox 490 3467 610 3516; x_wconf 75' lang='lat' dir='ltr'><em>Spiritu</em></span> <span class='ocrx_word' id='word_1_463' title='bbox 625 3467 755 3507; x_wconf 67' lang='lat' dir='ltr'><em>fausto,</em></span> <span class='ocrx_word' id='word_1_464' title='bbox 789 3478 889 3515; x_wconf 78' lang='lat' dir='ltr'><em>quem</em></span> <span class='ocrx_word' id='word_1_465' title='bbox 924 3467 1012 3511; x_wconf 87' lang='lat' dir='ltr'><em>pejus</em></span> <span class='ocrx_word' id='word_1_466' title='bbox 1049 3468 1187 3507; x_wconf 61' lang='lat' dir='ltr'><em>traeiaut</em></span> 
     </span>
    </p>
   </div>
   <div class='ocr_carea' id='block_1_6' title="bbox 927 133 1559 180">
    <p class='ocr_par' dir='ltr' id='par_1_7' title="bbox 927 133 1559 180">
     <span class='ocr_line' id='line_1_69' title="bbox 927 133 1559 180; baseline -0.005 0"><span class='ocrx_word' id='word_1_467' title='bbox 927 133 1559 180; x_wconf 57' lang='lat' dir='ltr'><em>Drsszssrirro</em></span> 
     </span>
    </p>
   </div>
   <div class='ocr_carea' id='block_1_7' title="bbox 1246 215 2154 863">
    <p class='ocr_par' dir='ltr' id='par_1_8' title="bbox 1246 215 2154 863">
     <span class='ocr_line' id='line_1_70' title="bbox 1248 215 2154 285; baseline 0.004 -34"><span class='ocrx_word' id='word_1_468' title='bbox 1248 216 1366 285; x_wconf 56' lang='lat' dir='ltr'><em>iquam</em></span> <span class='ocrx_word' id='word_1_469' title='bbox 1378 218 1640 259; x_wconf 82' lang='lat' dir='ltr'><em>Macedoniani,</em></span> <span class='ocrx_word' id='word_1_470' title='bbox 1668 227 1728 251; x_wconf 88' lang='lat' dir='ltr'><em>nec</em></span> <span class='ocrx_word' id='word_1_471' title='bbox 1753 215 2001 261; x_wconf 65' lang='lat' dir='ltr'><em>inhabitantur,</em></span> <span class='ocrx_word' id='word_1_472' title='bbox 2026 228 2086 254; x_wconf 82' lang='lat' dir='ltr'><em>nec</em></span> <span class='ocrx_word' id='word_1_473' title='bbox 2106 229 2154 255; x_wconf 69' lang='lat' dir='ltr'><em>te·</em></span> 
     </span>
     <span class='ocr_line' id='line_1_71' title="bbox 1248 268 2151 314; baseline 0.004 -13"><span class='ocrx_word' id='word_1_474' title='bbox 1248 277 1415 313; x_wconf 58' lang='lat' dir='ltr'><em>1guntur‚</em></span> <span class='ocrx_word' id='word_1_475' title='bbox 1443 281 1503 304; x_wconf 83' lang='lat' dir='ltr'><em>nec</em></span> <span class='ocrx_word' id='word_1_476' title='bbox 1516 269 1772 305; x_wconf 79' lang='lat' dir='ltr'><em>benedicuntur.</em></span> <span class='ocrx_word' id='word_1_477' title='bbox 1799 268 1922 304; x_wconf 81' lang='lat' dir='ltr'><em>Nescio</em></span> <span class='ocrx_word' id='word_1_478' title='bbox 1931 271 2005 314; x_wconf 87' lang='lat' dir='ltr'><em>quis</em></span> <span class='ocrx_word' id='word_1_479' title='bbox 2019 270 2151 314; x_wconf 80' lang='lat' dir='ltr'><em>Episco-</em></span> 
     </span>
     <span class='ocr_line' id='line_1_72' title="bbox 1248 314 2152 364; baseline 0 -9"><span class='ocrx_word' id='word_1_480' title='bbox 1248 315 1251 355; x_wconf 88' lang='lat' dir='ltr'><em>l</em></span> <span class='ocrx_word' id='word_1_481' title='bbox 1267 327 1345 361; x_wconf 82' lang='lat' dir='ltr'><em>pus,</em></span> <span class='ocrx_word' id='word_1_482' title='bbox 1371 329 1470 363; x_wconf 83' lang='lat' dir='ltr'><em>quem</em></span> <span class='ocrx_word' id='word_1_483' title='bbox 1487 319 1532 353; x_wconf 93' lang='lat' dir='ltr'><em>ob</em></span> <span class='ocrx_word' id='word_1_484' title='bbox 1545 319 1728 354; x_wconf 74' lang='lat' dir='ltr'><em>simoniam</em></span> <span class='ocrx_word' id='word_1_485' title='bbox 1739 315 1926 363; x_wconf 76' lang='lat' dir='ltr'><em>degradavit</em></span> <span class='ocrx_word' id='word_1_486' title='bbox 1950 314 2152 364; x_wconf 72' lang='lat' dir='ltr'><em>Apostolicae</em></span> 
     </span>
     <span class='ocr_line' id='line_1_73' title="bbox 1246 358 2153 414; baseline 0.002 -11"><span class='ocrx_word' id='word_1_487' title='bbox 1246 358 1356 410; x_wconf 79' lang='lat' dir='ltr'><em>lSedis</em></span> <span class='ocrx_word' id='word_1_488' title='bbox 1379 369 1523 414; x_wconf 78' lang='lat' dir='ltr'><em>Legatos</em></span> <span class='ocrx_word' id='word_1_489' title='bbox 1547 368 1796 402; x_wconf 80' lang='lat' dir='ltr'><em>Hddebrandus</em></span> <span class='ocrx_word' id='word_1_490' title='bbox 1829 367 2003 411; x_wconf 76' lang='lat' dir='ltr'><em>postmodo</em></span> <span class='ocrx_word' id='word_1_491' title='bbox 2027 371 2153 407; x_wconf 67' lang='lat' dir='ltr'><em>sanstus</em></span> 
     </span>
     <span class='ocr_line' id='line_1_74' title="bbox 1265 417 2151 464; baseline 0.005 -13"><span class='ocrx_word' id='word_1_492' title='bbox 1265 417 1353 462; x_wconf 77' lang='lat' dir='ltr'><em>Papa</em></span> <span class='ocrx_word' id='word_1_493' title='bbox 1367 419 1547 463; x_wconf 78' lang='lat' dir='ltr'><em>Gregorius</em></span> <span class='ocrx_word' id='word_1_494' title='bbox 1561 418 1638 453; x_wconf 87' lang='lat' dir='ltr'>V11.</span> <span class='ocrx_word' id='word_1_495' title='bbox 1652 418 1808 460; x_wconf 82' lang='lat' dir='ltr'><em>spiritum</em></span> <span class='ocrx_word' id='word_1_496' title='bbox 1824 419 1967 452; x_wconf 71' lang='lat' dir='ltr'><em>sanctum</em></span> <span class='ocrx_word' id='word_1_497' title='bbox 1979 430 2151 464; x_wconf 81' lang='lat' dir='ltr'><em>nunquam</em></span> 
     </span>
     <span class='ocr_line' id='line_1_75' title="bbox 1265 467 2151 513; baseline 0.005 -12"><span class='ocrx_word' id='word_1_498' title='bbox 1265 468 1436 505; x_wconf 82' lang='lat' dir='ltr'><em>nominate</em></span> <span class='ocrx_word' id='word_1_499' title='bbox 1450 469 1557 503; x_wconf 82' lang='lat' dir='ltr'><em>valuit</em></span> <span class='ocrx_word' id='word_1_500' title='bbox 1569 492 1577 500; x_wconf 95' lang='lat'><strong>.</strong></span> <span class='ocrx_word' id='word_1_501' title='bbox 1600 468 1639 503; x_wconf 84' lang='lat' dir='ltr'><em>ln</em></span> <span class='ocrx_word' id='word_1_502' title='bbox 1650 469 1906 513; x_wconf 71' lang='lat' dir='ltr'><em>glorificationis</em></span> <span class='ocrx_word' id='word_1_503' title='bbox 1917 467 2047 512; x_wconf 79' lang='lat' dir='ltr'><em>hymno</em></span> <span class='ocrx_word' id='word_1_504' title='bbox 2059 471 2151 505; x_wconf 75' lang='lat' dir='ltr'><em>aliud</em></span> 
     </span>
     <span class='ocr_line' id='line_1_76' title="bbox 1262 517 2150 562; baseline 0.003 -11"><span class='ocrx_word' id='word_1_505' title='bbox 1262 518 1371 552; x_wconf 82' lang='lat' dir='ltr'><em>dicere</em></span> <span class='ocrx_word' id='word_1_506' title='bbox 1394 530 1461 553; x_wconf 87' lang='lat' dir='ltr'><em>non</em></span> <span class='ocrx_word' id='word_1_507' title='bbox 1488 518 1620 562; x_wconf 82' lang='lat' dir='ltr'><em>potuit,</em></span> <span class='ocrx_word' id='word_1_508' title='bbox 1646 517 1742 562; x_wconf 51' lang='lat' dir='ltr'><em>quim</em></span> <span class='ocrx_word' id='word_1_509' title='bbox 1766 520 1870 562; x_wconf 74' lang='lat' dir='ltr'><em>priora</em></span> <span class='ocrx_word' id='word_1_510' title='bbox 1892 519 1986 561; x_wconf 78' lang='lat' dir='ltr'><em>verba</em></span> <span class='ocrx_word' id='word_1_511' title='bbox 2008 532 2016 553; x_wconf 69' lang='grc' dir='ltr'><strong><em>ε</em></strong></span> <span class='ocrx_word' id='word_1_512' title='bbox 2046 521 2150 554; x_wconf 71' lang='lat' dir='ltr'><em>Gloria</em></span> 
     </span>
     <span class='ocr_line' id='line_1_77' title="bbox 1264 567 2149 614; baseline 0.003 -14"><span class='ocrx_word' id='word_1_513' title='bbox 1264 570 1374 609; x_wconf 87' lang='lat' dir='ltr'><em>Patri,</em></span> <span class='ocrx_word' id='word_1_514' title='bbox 1399 569 1526 603; x_wconf 71' lang='lat' dir='ltr'><em>&amp;Filio</em></span> <span class='ocrx_word' id='word_1_515' title='bbox 1547 593 1554 602; x_wconf 92' lang='lat'><strong>.</strong></span> <span class='ocrx_word' id='word_1_516' title='bbox 1582 569 1661 602; x_wconf 84' lang='lat' dir='ltr'><em>Hoc</em></span> <span class='ocrx_word' id='word_1_517' title='bbox 1685 567 1790 612; x_wconf 83' lang='lat' dir='ltr'><em>ipsum</em></span> <span class='ocrx_word' id='word_1_518' title='bbox 1807 570 1915 614; x_wconf 87' lang='lat' dir='ltr'><em>agitur</em></span> <span class='ocrx_word' id='word_1_519' title='bbox 1936 570 1971 603; x_wconf 89' lang='lat' dir='ltr'><em>in</em></span> <span class='ocrx_word' id='word_1_520' title='bbox 1993 569 2149 607; x_wconf 74' lang='lat' dir='ltr'><em>cordibus</em></span> 
     </span>
     <span class='ocr_line' id='line_1_78' title="bbox 1261 618 2149 663; baseline 0.001 -10"><span class='ocrx_word' id='word_1_521' title='bbox 1261 618 1411 653; x_wconf 81' lang='lat' dir='ltr'><em>omnium</em></span> <span class='ocrx_word' id='word_1_522' title='bbox 1449 619 1710 654; x_wconf 84' lang='lat' dir='ltr'><em>Simoniacorum</em></span> <span class='ocrx_word' id='word_1_523' title='bbox 1730 642 1738 650; x_wconf 91' lang='lat'><em>.</em></span> <span class='ocrx_word' id='word_1_524' title='bbox 1778 619 1821 654; x_wconf 85' lang='lat' dir='ltr'><em>Et</em></span> <span class='ocrx_word' id='word_1_525' title='bbox 1844 619 2027 663; x_wconf 83' lang='lat' dir='ltr'><em>Hospitalis</em></span> <span class='ocrx_word' id='word_1_526' title='bbox 2052 620 2149 654; x_wconf 64' lang='lat' dir='ltr'><em>Ordin</em></span> 
     </span>
     <span class='ocr_line' id='line_1_79' title="bbox 1261 668 2148 713; baseline 0.005 -13"><span class='ocrx_word' id='word_1_527' title='bbox 1261 679 1338 701; x_wconf 87' lang='lat' dir='ltr'><em>nem</em></span> <span class='ocrx_word' id='word_1_528' title='bbox 1358 691 1369 708; x_wconf 92' lang='lat'>‚</span> <span class='ocrx_word' id='word_1_529' title='bbox 1395 668 1588 713; x_wconf 63' lang='lat' dir='ltr'><em>olimlongt‘:</em></span> <span class='ocrx_word' id='word_1_530' title='bbox 1599 668 1854 711; x_wconf 75' lang='lat' dir='ltr'><em>sanffiffimum‚</em></span> <span class='ocrx_word' id='word_1_531' title='bbox 1879 670 1968 713; x_wconf 86' lang='lat' dir='ltr'><em>quod</em></span> <span class='ocrx_word' id='word_1_532' title='bbox 1993 672 2023 703; x_wconf 89' lang='lat' dir='ltr'><em>se</em></span> <span class='ocrx_word' id='word_1_533' title='bbox 2047 671 2148 704; x_wconf 86' lang='lat' dir='ltr'><em>refor-</em></span> 
     </span>
     <span class='ocr_line' id='line_1_80' title="bbox 1261 719 2148 763; baseline 0.002 -12"><span class='ocrx_word' id='word_1_534' title='bbox 1261 728 1347 752; x_wconf 86' lang='lat' dir='ltr'><em>mare</em></span> <span class='ocrx_word' id='word_1_535' title='bbox 1370 729 1408 752; x_wconf 86' lang='lat' dir='ltr'><em>ac</em></span> <span class='ocrx_word' id='word_1_536' title='bbox 1425 730 1612 763; x_wconf 83' lang='lat' dir='ltr'><em>expugnare</em></span> <span class='ocrx_word' id='word_1_537' title='bbox 1637 719 1821 763; x_wconf 82' lang='lat' dir='ltr'><em>neglexerit</em></span> <span class='ocrx_word' id='word_1_538' title='bbox 1844 743 1855 760; x_wconf 91' lang='lat'><strong>,</strong></span> <span class='ocrx_word' id='word_1_539' title='bbox 1881 720 1994 753; x_wconf 83' lang='lat' dir='ltr'><em>divina</em></span> <span class='ocrx_word' id='word_1_540' title='bbox 2016 719 2148 763; x_wconf 78' lang='lat' dir='ltr'><em>Iustitia</em></span> 
     </span>
     <span class='ocr_line' id='line_1_81' title="bbox 1260 767 2148 815; baseline 0.003 -14"><span class='ocrx_word' id='word_1_541' title='bbox 1260 767 1325 801; x_wconf 74' lang='lat' dir='ltr'><em>fere</em></span> <span class='ocrx_word' id='word_1_542' title='bbox 1339 768 1463 812; x_wconf 81' lang='lat' dir='ltr'><em>redegit</em></span> <span class='ocrx_word' id='word_1_543' title='bbox 1478 770 1511 802; x_wconf 89' lang='lat' dir='ltr'><em>in</em></span> <span class='ocrx_word' id='word_1_544' title='bbox 1523 767 1664 804; x_wconf 80' lang='lat' dir='ltr'><em>nihilum</em></span> <span class='ocrx_word' id='word_1_545' title='bbox 1683 794 1689 801; x_wconf 91' lang='lat'><strong><em>.</em></strong></span> <span class='ocrx_word' id='word_1_546' title='bbox 1718 768 1820 815; x_wconf 81' lang='lat' dir='ltr'><em>Qod</em></span> <span class='ocrx_word' id='word_1_547' title='bbox 1834 768 1933 803; x_wconf 85' lang='lat' dir='ltr'><em>solius</em></span> <span class='ocrx_word' id='word_1_548' title='bbox 1953 770 2052 809; x_wconf 72' lang='lat' dir='ltr'><em>etiam</em></span> <span class='ocrx_word' id='word_1_549' title='bbox 2079 769 2148 804; x_wconf 78' lang='lat' dir='ltr'><em>Ab·</em></span> 
     </span>
     <span class='ocr_line' id='line_1_82' title="bbox 1260 817 2147 863; baseline 0.003 -12"><span class='ocrx_word' id='word_1_550' title='bbox 1260 817 1341 852; x_wconf 84' lang='lat' dir='ltr'><em>batis</em></span> <span class='ocrx_word' id='word_1_551' title='bbox 1355 818 1542 854; x_wconf 84' lang='lat' dir='ltr'><em>Simoniaca</em></span> <span class='ocrx_word' id='word_1_552' title='bbox 1567 819 1735 863; x_wconf 88' lang='lat' dir='ltr'><em>promotio</em></span> <span class='ocrx_word' id='word_1_553' title='bbox 1751 830 1875 853; x_wconf 84' lang='lat' dir='ltr'><em>evertat</em></span> <span class='ocrx_word' id='word_1_554' title='bbox 1896 829 2033 853; x_wconf 80' lang='lat' dir='ltr'><em>omnem</em></span> <span class='ocrx_word' id='word_1_555' title='bbox 2053 817 2147 854; x_wconf 86' lang='lat' dir='ltr'><em>disci-</em></span> 
     </span>
    </p>
   </div>
   <div class='ocr_carea' id='block_1_8' title="bbox 1259 867 2317 919">
    <p class='ocr_par' dir='ltr' id='par_1_9' title="bbox 1259 867 2317 919">
     <span class='ocr_line' id='line_1_83' title="bbox 1259 867 2317 919; baseline 0.009 -19"><span class='ocrx_word' id='word_1_556' title='bbox 1259 867 1381 910; x_wconf 85' lang='lat' dir='ltr'><em>plinam</em></span> <span class='ocrx_word' id='word_1_557' title='bbox 1398 892 1408 908; x_wconf 86' lang='lat'><strong>,</strong></span> <span class='ocrx_word' id='word_1_558' title='bbox 1434 880 1472 903; x_wconf 90' lang='lat' dir='ltr'><em>ac</em></span> <span class='ocrx_word' id='word_1_559' title='bbox 1484 868 1625 906; x_wconf 73' lang='lat' dir='ltr'><em>destruat</em></span> <span class='ocrx_word' id='word_1_560' title='bbox 1638 868 1880 912; x_wconf 80' lang='lat' dir='ltr'><em>opulentiffima</em></span> <span class='ocrx_word' id='word_1_561' title='bbox 1903 869 2105 906; x_wconf 79' lang='lat' dir='ltr'><em>Mouasteria</em></span> <span class='ocrx_word' id='word_1_562' title='bbox 2128 893 2141 911; x_wconf 84' lang='lat'>,</span> <span class='ocrx_word' id='word_1_563' title='bbox 2160 873 2202 909; x_wconf 90' lang='lat' dir='ltr'><em>A.</em></span> <span class='ocrx_word' id='word_1_564' title='bbox 2224 884 2317 919; x_wconf 76' lang='lat'>1071.</span> 
     </span>
    </p>
   </div>
   <div class='ocr_carea' id='block_1_9' title="bbox 1254 917 2146 1215">
    <p class='ocr_par' dir='ltr' id='par_1_10' title="bbox 1258 917 2008 964">
     <span class='ocr_line' id='line_1_84' title="bbox 1258 917 2008 964; baseline 0.003 -12"><span class='ocrx_word' id='word_1_565' title='bbox 1258 917 1456 952; x_wconf 84' lang='lat' dir='ltr'><em>demonstrat</em></span> <span class='ocrx_word' id='word_1_566' title='bbox 1475 918 1667 955; x_wconf 80' lang='lat' dir='ltr'><em>Lambertus</em></span> <span class='ocrx_word' id='word_1_567' title='bbox 1679 917 1989 964; x_wconf 79' lang='lat' dir='ltr'><em>Schafuaburgenfis</em></span> <span class='ocrx_word' id='word_1_568' title='bbox 1999 945 2008 954; x_wconf 88' lang='lat'><em>.</em></span> 
     </span>
    </p>

    <p class='ocr_par' dir='ltr' id='par_1_11' title="bbox 1254 968 2146 1215">
     <span class='ocr_line' id='line_1_85' title="bbox 1307 968 2146 1014; baseline 0.004 -13"><span class='ocrx_word' id='word_1_569' title='bbox 1307 968 1407 1002; x_wconf 84' lang='lat' dir='ltr'><em>Hanc</em></span> <span class='ocrx_word' id='word_1_570' title='bbox 1417 969 1603 1003; x_wconf 87' lang='lat' dir='ltr'><em>Simoniam</em></span> <span class='ocrx_word' id='word_1_571' title='bbox 1618 970 1696 1003; x_wconf 85' lang='lat' dir='ltr'><em>sacri</em></span> <span class='ocrx_word' id='word_1_572' title='bbox 1706 970 1805 1005; x_wconf 86' lang='lat' dir='ltr'><em>etiam</em></span> <span class='ocrx_word' id='word_1_573' title='bbox 1816 971 1974 1006; x_wconf 78' lang='lat' dir='ltr'><em>canones</em></span> <span class='ocrx_word' id='word_1_574' title='bbox 1985 968 2066 1004; x_wconf 75' lang='lat' dir='ltr'><em>dure</em></span> <span class='ocrx_word' id='word_1_575' title='bbox 2078 980 2146 1014; x_wconf 87' lang='lat' dir='ltr'><em>per-</em></span> 
     </span>
     <span class='ocr_line' id='line_1_86' title="bbox 1258 1017 2142 1063; baseline 0.005 -13"><span class='ocrx_word' id='word_1_576' title='bbox 1258 1017 1454 1058; x_wconf 82' lang='lat' dir='ltr'><em>sequuntur.</em></span> <span class='ocrx_word' id='word_1_577' title='bbox 1482 1019 1625 1057; x_wconf 83' lang='lat' dir='ltr'><em>Primam</em></span> <span class='ocrx_word' id='word_1_578' title='bbox 1638 1020 1678 1053; x_wconf 87' lang='lat' dir='ltr'><em>ab</em></span> <span class='ocrx_word' id='word_1_579' title='bbox 1689 1023 1735 1053; x_wconf 84' lang='lat' dir='ltr'><em>eis</em></span> <span class='ocrx_word' id='word_1_580' title='bbox 1752 1020 1909 1055; x_wconf 60' lang='lat' dir='ltr'><em>inflictam</em></span> <span class='ocrx_word' id='word_1_581' title='bbox 1937 1032 2067 1063; x_wconf 83' lang='lat' dir='ltr'><em>poenam</em></span> <span class='ocrx_word' id='word_1_582' title='bbox 2088 1033 2142 1054; x_wconf 84' lang='lat' dir='ltr'><em>ex·</em></span> 
     </span>
     <span class='ocr_line' id='line_1_87' title="bbox 1257 1068 2144 1113; baseline 0.006 -13"><span class='ocrx_word' id='word_1_583' title='bbox 1257 1068 1352 1110; x_wconf 87' lang='lat' dir='ltr'><em>ponit</em></span> <span class='ocrx_word' id='word_1_584' title='bbox 1372 1068 1532 1103; x_wconf 81' lang='lat' dir='ltr'><em>inlitteris</em></span> <span class='ocrx_word' id='word_1_585' title='bbox 1550 1071 1591 1102; x_wconf 85' lang='lat' dir='ltr'><em>ad</em></span> <span class='ocrx_word' id='word_1_586' title='bbox 1615 1069 1822 1113; x_wconf 76' lang='lat' dir='ltr'><em>Jerosolymae</em></span> <span class='ocrx_word' id='word_1_587' title='bbox 1847 1069 2068 1106; x_wconf 80' lang='lat' dir='ltr'><em>patriarcham</em></span> <span class='ocrx_word' id='word_1_588' title='bbox 2090 1072 2144 1108; x_wconf 87' lang='lat' dir='ltr'><em>In-</em></span> 
     </span>
     <span class='ocr_line' id='line_1_88' title="bbox 1256 1116 2146 1162; baseline 0.006 -12"><span class='ocrx_word' id='word_1_589' title='bbox 1256 1116 1429 1152; x_wconf 83' lang='lat' dir='ltr'><em>nocentius</em></span> <span class='ocrx_word' id='word_1_590' title='bbox 1451 1119 1507 1152; x_wconf 85' lang='lat'>111.</span> <span class='ocrx_word' id='word_1_591' title='bbox 1533 1117 1801 1162; x_wconf 83' lang='lat' dir='ltr'><em>Templariorum</em></span> <span class='ocrx_word' id='word_1_592' title='bbox 1829 1122 1991 1158; x_wconf 85' lang='lat' dir='ltr'><em>Ordinem</em></span> <span class='ocrx_word' id='word_1_593' title='bbox 2008 1145 2019 1161; x_wconf 87' lang='lat'>‚</span> <span class='ocrx_word' id='word_1_594' title='bbox 2058 1122 2146 1156; x_wconf 84' lang='lat' dir='ltr'><em>mili-</em></span> 
     </span>
     <span class='ocr_line' id='line_1_89' title="bbox 1254 1167 2141 1215; baseline 0.008 -15"><span class='ocrx_word' id='word_1_595' title='bbox 1254 1167 1355 1208; x_wconf 83' lang='lat' dir='ltr'><em>tiam,</em></span> <span class='ocrx_word' id='word_1_596' title='bbox 1381 1178 1418 1201; x_wconf 78' lang='lat' dir='ltr'><em>ae</em></span> <span class='ocrx_word' id='word_1_597' title='bbox 1441 1167 1555 1202; x_wconf 81' lang='lat' dir='ltr'><em>merita</em></span> <span class='ocrx_word' id='word_1_598' title='bbox 1576 1170 1736 1210; x_wconf 80' lang='lat' dir='ltr'><em>extollit,</em></span> <span class='ocrx_word' id='word_1_599' title='bbox 1761 1182 1859 1215; x_wconf 85' lang='lat' dir='ltr'><em>atque</em></span> <span class='ocrx_word' id='word_1_600' title='bbox 1896 1172 2104 1215; x_wconf 89' lang='lat' dir='ltr'><em>prosequitur</em></span> <span class='ocrx_word' id='word_1_601' title='bbox 2130 1183 2141 1207; x_wconf 66' lang='grc' dir='ltr'><strong><em>τ</em></strong></span> 
     </span>
    </p>
   </div>
   <div class='ocr_carea' id='block_1_10' title="bbox 1254 1215 2294 1322">
    <p class='ocr_par' dir='ltr' id='par_1_12' title="bbox 1254 1215 2294 1322">
     <span class='ocr_line' id='line_1_90' title="bbox 1254 1215 2287 1270; baseline 0.009 -22"><span class='ocrx_word' id='word_1_602' title='bbox 1254 1215 1356 1259; x_wconf 79' lang='lat' dir='ltr'><em>Ipsam</em></span> <span class='ocrx_word' id='word_1_603' title='bbox 1366 1228 1474 1259; x_wconf 87' lang='lat' dir='ltr'><em>quoque</em></span> <span class='ocrx_word' id='word_1_604' title='bbox 1485 1219 1604 1252; x_wconf 87' lang='lat' dir='ltr'><em>domum</em></span> <span class='ocrx_word' id='word_1_605' title='bbox 1618 1221 1736 1255; x_wconf 85' lang='lat' dir='ltr'><em>militiae</em></span> <span class='ocrx_word' id='word_1_606' title='bbox 1749 1222 1883 1263; x_wconf 81' lang='lat' dir='ltr'><em>Templi,</em></span> <span class='ocrx_word' id='word_1_607' title='bbox 1910 1223 1955 1254; x_wconf 90' lang='lat' dir='ltr'><em>ad</em></span> <span class='ocrx_word' id='word_1_608' title='bbox 1971 1233 2062 1264; x_wconf 82' lang='lat' dir='ltr'><em>quam</em></span> <span class='ocrx_word' id='word_1_609' title='bbox 2083 1233 2146 1255; x_wconf 86' lang='lat' dir='ltr'><em>ocu·</em></span> <span class='ocrx_word' id='word_1_610' title='bbox 2159 1224 2235 1259; x_wconf 86' lang='lat' dir='ltr'><em>Lib.</em></span> <span class='ocrx_word' id='word_1_611' title='bbox 2257 1235 2287 1270; x_wconf 76' lang='lat'><em>4,</em></span> 
     </span>
     <span class='ocr_line' id='line_1_91' title="bbox 1258 1266 2294 1322; baseline 0.01 -24"><span class='ocrx_word' id='word_1_612' title='bbox 1258 1268 1280 1300; x_wconf 89' lang='lat' dir='ltr'><em>li</em></span> <span class='ocrx_word' id='word_1_613' title='bbox 1292 1266 1449 1309; x_wconf 80' lang='lat' dir='ltr'><em>respiciunt</em></span> <span class='ocrx_word' id='word_1_614' title='bbox 1458 1269 1654 1308; x_wconf 82' lang='lat' dir='ltr'><em>plurimorum</em></span> <span class='ocrx_word' id='word_1_615' title='bbox 1666 1293 1677 1309; x_wconf 92' lang='lat'><strong>,</strong></span> <span class='ocrx_word' id='word_1_616' title='bbox 1704 1270 1847 1313; x_wconf 87' lang='lat' dir='ltr'><em>quosdam</em></span> <span class='ocrx_word' id='word_1_617' title='bbox 1868 1272 2073 1306; x_wconf 80' lang='lat' dir='ltr'><em>intelleximus</em></span> <span class='ocrx_word' id='word_1_618' title='bbox 2098 1274 2146 1304; x_wconf 74' lang='lat' dir='ltr'><em>Si·v</em></span> <span class='ocrx_word' id='word_1_619' title='bbox 2161 1277 2221 1319; x_wconf 88' lang='lat' dir='ltr'><em>Ep.</em></span> <span class='ocrx_word' id='word_1_620' title='bbox 2238 1285 2294 1322; x_wconf 82' lang='lat'><em>90.</em></span> 
     </span>
    </p>
   </div>
   <div class='ocr_carea' id='block_1_11' title="bbox 1236 1318 2146 3514">
    <p class='ocr_par' dir='ltr' id='par_1_13' title="bbox 1245 1318 2146 1913">
     <span class='ocr_line' id='line_1_92' title="bbox 1253 1318 2142 1363; baseline 0.006 -15"><span class='ocrx_word' id='word_1_621' title='bbox 1253 1319 1382 1350; x_wconf 73' lang='lat' dir='ltr'><em>montace</em></span> <span class='ocrx_word' id='word_1_622' title='bbox 1392 1318 1532 1360; x_wconf 78' lang='lat' dir='ltr'><em>introjtffe</em></span> <span class='ocrx_word' id='word_1_623' title='bbox 1543 1341 1555 1357; x_wconf 89' lang='lat'>,</span> <span class='ocrx_word' id='word_1_624' title='bbox 1573 1318 1768 1360; x_wconf 76' lang='lat' dir='ltr'><em>simplicitate</em></span> <span class='ocrx_word' id='word_1_625' title='bbox 1781 1331 1883 1354; x_wconf 84' lang='lat' dir='ltr'><em>tamen</em></span> <span class='ocrx_word' id='word_1_626' title='bbox 1893 1326 1994 1361; x_wconf 83' lang='lat' dir='ltr'><em>potius</em></span> <span class='ocrx_word' id='word_1_627' title='bbox 2010 1345 2021 1361; x_wconf 85' lang='lat'><em>,</em></span> <span class='ocrx_word' id='word_1_628' title='bbox 2048 1333 2142 1363; x_wconf 84' lang='lat' dir='ltr'><em>quam</em></span> 
     </span>
     <span class='ocr_line' id='line_1_93' title="bbox 1252 1368 2144 1412; baseline 0.006 -14"><span class='ocrx_word' id='word_1_629' title='bbox 1252 1368 1369 1400; x_wconf 86' lang='lat' dir='ltr'><em>malitia</em></span> <span class='ocrx_word' id='word_1_630' title='bbox 1383 1390 1393 1405; x_wconf 95' lang='lat'>‚</span> <span class='ocrx_word' id='word_1_631' title='bbox 1416 1374 1505 1407; x_wconf 83' lang='lat' dir='ltr'><em>prout</em></span> <span class='ocrx_word' id='word_1_632' title='bbox 1526 1379 1565 1400; x_wconf 77' lang='lat' dir='ltr'><em>ex</em></span> <span class='ocrx_word' id='word_1_633' title='bbox 1587 1369 1697 1402; x_wconf 87' lang='lat' dir='ltr'><em>litteris</em></span> <span class='ocrx_word' id='word_1_634' title='bbox 1721 1379 1782 1405; x_wconf 81' lang='lat' dir='ltr'><em>tuae</em></span> <span class='ocrx_word' id='word_1_635' title='bbox 1799 1370 2014 1411; x_wconf 83' lang='lat' dir='ltr'><em>fraternitatis</em></span> <span class='ocrx_word' id='word_1_636' title='bbox 2038 1376 2144 1412; x_wconf 84' lang='lat' dir='ltr'><em>accepi-</em></span> 
     </span>
     <span class='ocr_line' id='line_1_94' title="bbox 1251 1417 2146 1460; baseline 0.007 -13"><span class='ocrx_word' id='word_1_637' title='bbox 1251 1428 1334 1450; x_wconf 85' lang='lat' dir='ltr'><em>mus.</em></span> <span class='ocrx_word' id='word_1_638' title='bbox 1361 1417 1558 1457; x_wconf 70' lang='lat' dir='ltr'><em>Simplicitate</em></span> <span class='ocrx_word' id='word_1_639' title='bbox 1568 1417 1736 1456; x_wconf 81' lang='lat' dir='ltr'><em>occafionem</em></span> <span class='ocrx_word' id='word_1_640' title='bbox 1757 1419 1922 1460; x_wconf 79' lang='lat' dir='ltr'><em>praestante</em></span> <span class='ocrx_word' id='word_1_641' title='bbox 1945 1420 2068 1455; x_wconf 61' lang='lat' dir='ltr'><em>delicqo.</em></span> <span class='ocrx_word' id='word_1_642' title='bbox 2097 1421 2146 1453; x_wconf 78' lang='lat' dir='ltr'><em>Ad</em></span> 
     </span>
     <span class='ocr_line' id='line_1_95' title="bbox 1251 1467 2143 1512; baseline 0.004 -14"><span class='ocrx_word' id='word_1_643' title='bbox 1251 1467 1464 1499; x_wconf 82' lang='lat' dir='ltr'><em>excludendum</em></span> <span class='ocrx_word' id='word_1_644' title='bbox 1483 1472 1576 1509; x_wconf 70' lang='lat' dir='ltr'><em>igitur</em></span> <span class='ocrx_word' id='word_1_645' title='bbox 1603 1468 1679 1500; x_wconf 86' lang='lat' dir='ltr'><em>talis</em></span> <span class='ocrx_word' id='word_1_646' title='bbox 1702 1467 1908 1509; x_wconf 80' lang='lat' dir='ltr'><em>fimplicitatis</em></span> <span class='ocrx_word' id='word_1_647' title='bbox 1939 1470 2105 1511; x_wconf 87' lang='lat' dir='ltr'><em>periculum</em></span> <span class='ocrx_word' id='word_1_648' title='bbox 2131 1494 2143 1512; x_wconf 92' lang='lat'>,</span> 
     </span>
     <span class='ocr_line' id='line_1_96' title="bbox 1245 1516 2143 1562; baseline 0.006 -14"><span class='ocrx_word' id='word_1_649' title='bbox 1245 1516 1441 1557; x_wconf 78' lang='lat' dir='ltr'><em>fraternitati</em></span> <span class='ocrx_word' id='word_1_650' title='bbox 1459 1523 1518 1549; x_wconf 85' lang='lat' dir='ltr'><em>tuae</em></span> <span class='ocrx_word' id='word_1_651' title='bbox 1527 1524 1582 1557; x_wconf 78' lang='lat' dir='ltr'><em>prr</em></span> <span class='ocrx_word' id='word_1_652' title='bbox 1597 1516 1754 1558; x_wconf 82' lang='lat' dir='ltr'><em>Apostolica</em></span> <span class='ocrx_word' id='word_1_653' title='bbox 1778 1521 1898 1560; x_wconf 79' lang='lat' dir='ltr'><em>Scripta</em></span> <span class='ocrx_word' id='word_1_654' title='bbox 1925 1521 2106 1553; x_wconf 80' lang='lat' dir='ltr'><em>mandamus</em></span> <span class='ocrx_word' id='word_1_655' title='bbox 2131 1545 2143 1562; x_wconf 84' lang='lat'>,</span> 
     </span>
     <span class='ocr_line' id='line_1_97' title="bbox 1250 1566 2143 1612; baseline 0.007 -15"><span class='ocrx_word' id='word_1_656' title='bbox 1250 1574 1394 1608; x_wconf 80' lang='lat' dir='ltr'><em>quatenus</em></span> <span class='ocrx_word' id='word_1_657' title='bbox 1424 1567 1562 1608; x_wconf 82' lang='lat' dir='ltr'><em>Magistro</em></span> <span class='ocrx_word' id='word_1_658' title='bbox 1581 1568 1614 1602; x_wconf 63' lang='grc' dir='ltr'><em>Φ</em></span> <span class='ocrx_word' id='word_1_659' title='bbox 1637 1566 1797 1607; x_wconf 78' lang='lat' dir='ltr'><em>fratribus</em></span> <span class='ocrx_word' id='word_1_660' title='bbox 1822 1571 1948 1605; x_wconf 79' lang='lat' dir='ltr'><em>Militiae</em></span> <span class='ocrx_word' id='word_1_661' title='bbox 1972 1572 2088 1612; x_wconf 84' lang='lat' dir='ltr'><em>Templi</em></span> <span class='ocrx_word' id='word_1_662' title='bbox 2103 1580 2143 1603; x_wconf 79' lang='lat' dir='ltr'><em>ex</em></span> 
     </span>
     <span class='ocr_line' id='line_1_98' title="bbox 1247 1614 2143 1662; baseline 0.006 -14"><span class='ocrx_word' id='word_1_663' title='bbox 1247 1625 1336 1658; x_wconf 82' lang='lat' dir='ltr'><em>parte</em></span> <span class='ocrx_word' id='word_1_664' title='bbox 1347 1614 1442 1655; x_wconf 77' lang='lat' dir='ltr'><em>nostra</em></span> <span class='ocrx_word' id='word_1_665' title='bbox 1453 1616 1586 1655; x_wconf 74' lang='lat' dir='ltr'><em>distint‘le&#39;</em></span> <span class='ocrx_word' id='word_1_666' title='bbox 1591 1616 1753 1658; x_wconf 82' lang='lat' dir='ltr'><em>prohibeas</em></span> <span class='ocrx_word' id='word_1_667' title='bbox 1763 1642 1773 1658; x_wconf 91' lang='lat'><strong>,</strong></span> <span class='ocrx_word' id='word_1_668' title='bbox 1802 1621 1836 1653; x_wconf 65' lang='grc'><em>(7</em></span> <span class='ocrx_word' id='word_1_669' title='bbox 1848 1619 1887 1651; x_wconf 87' lang='lat' dir='ltr'><em>ab</em></span> <span class='ocrx_word' id='word_1_670' title='bbox 1898 1625 1940 1652; x_wconf 86' lang='lat' dir='ltr'><em>eis</em></span> <span class='ocrx_word' id='word_1_671' title='bbox 1959 1619 2065 1660; x_wconf 87' lang='lat' dir='ltr'><em>facias</em></span> <span class='ocrx_word' id='word_1_672' title='bbox 2085 1627 2143 1662; x_wconf 82' lang='lat' dir='ltr'><em>pei·</em></span> 
     </span>
     <span class='ocr_line' id='line_1_99' title="bbox 1250 1664 2144 1711; baseline 0.007 -13"><span class='ocrx_word' id='word_1_673' title='bbox 1250 1677 1346 1699; x_wconf 83' lang='lat' dir='ltr'><em>omnes</em></span> <span class='ocrx_word' id='word_1_674' title='bbox 1372 1668 1469 1698; x_wconf 85' lang='lat' dir='ltr'><em>domos</em></span> <span class='ocrx_word' id='word_1_675' title='bbox 1483 1664 1533 1708; x_wconf 86' lang='lat' dir='ltr'><em>sui</em></span> <span class='ocrx_word' id='word_1_676' title='bbox 1559 1668 1687 1700; x_wconf 70' lang='lat' dir='ltr'><em>ordinis</em></span> <span class='ocrx_word' id='word_1_677' title='bbox 1702 1667 1828 1709; x_wconf 79' lang='lat' dir='ltr'><em>firmiter</em></span> <span class='ocrx_word' id='word_1_678' title='bbox 1852 1669 2002 1711; x_wconf 79' lang='lat' dir='ltr'><em>inhiberi,</em></span> <span class='ocrx_word' id='word_1_679' title='bbox 2028 1680 2065 1704; x_wconf 84' lang='lat' dir='ltr'><em>ne</em></span> <span class='ocrx_word' id='word_1_680' title='bbox 2085 1678 2144 1711; x_wconf 79' lang='lat' dir='ltr'><em>pro</em></span> 
     </span>
     <span class='ocr_line' id='line_1_100' title="bbox 1252 1715 2140 1763; baseline 0.003 -14"><span class='ocrx_word' id='word_1_681' title='bbox 1252 1715 1375 1757; x_wconf 69' lang='lat' dir='ltr'><em>alicujus</em></span> <span class='ocrx_word' id='word_1_682' title='bbox 1388 1723 1548 1757; x_wconf 79' lang='lat' dir='ltr'><em>receptione</em></span> <span class='ocrx_word' id='word_1_683' title='bbox 1559 1719 1679 1759; x_wconf 83' lang='lat' dir='ltr'><em>aliquid</em></span> <span class='ocrx_word' id='word_1_684' title='bbox 1700 1725 1837 1762; x_wconf 81' lang='lat' dir='ltr'><em>exigatur</em></span> <span class='ocrx_word' id='word_1_685' title='bbox 1851 1743 1858 1750; x_wconf 91' lang='lat'>.</span> <span class='ocrx_word' id='word_1_686' title='bbox 1885 1723 1953 1753; x_wconf 88' lang='lat' dir='ltr'><em>Nec</em></span> <span class='ocrx_word' id='word_1_687' title='bbox 1973 1726 2064 1754; x_wconf 80' lang='lat' dir='ltr'><em>etiam</em></span> <span class='ocrx_word' id='word_1_688' title='bbox 2080 1718 2140 1763; x_wconf 72' lang='lat' dir='ltr'><em>sub</em></span> 
     </span>
     <span class='ocr_line' id='line_1_101' title="bbox 1252 1764 2143 1812; baseline 0.004 -14"><span class='ocrx_word' id='word_1_689' title='bbox 1252 1775 1405 1808; x_wconf 80' lang='lat' dir='ltr'><em>praetextu</em></span> <span class='ocrx_word' id='word_1_690' title='bbox 1411 1764 1621 1808; x_wconf 80' lang='lat' dir='ltr'><em>subventionis</em></span> <span class='ocrx_word' id='word_1_691' title='bbox 1631 1770 1675 1801; x_wconf 88' lang='lat' dir='ltr'><em>ad</em></span> <span class='ocrx_word' id='word_1_692' title='bbox 1683 1770 1867 1802; x_wconf 54' lang='lat' dir='ltr'><em>exustionem</em></span> <span class='ocrx_word' id='word_1_693' title='bbox 1887 1771 2071 1812; x_wconf 85' lang='lat' dir='ltr'><em>procedatur</em></span> <span class='ocrx_word' id='word_1_694' title='bbox 2090 1768 2143 1802; x_wconf 79' lang='lat' dir='ltr'><em>bir-</em></span> 
     </span>
     <span class='ocr_line' id='line_1_102' title="bbox 1247 1815 2143 1860; baseline 0.004 -11"><span class='ocrx_word' id='word_1_695' title='bbox 1247 1815 1405 1859; x_wconf 81' lang='lat' dir='ltr'><em>jusmodi,</em></span> <span class='ocrx_word' id='word_1_696' title='bbox 1431 1827 1496 1849; x_wconf 85' lang='lat' dir='ltr'><em>cum</em></span> <span class='ocrx_word' id='word_1_697' title='bbox 1513 1816 1684 1860; x_wconf 80' lang='lat' dir='ltr'><em>superficies</em></span> <span class='ocrx_word' id='word_1_698' title='bbox 1704 1825 1831 1852; x_wconf 85' lang='lat' dir='ltr'><em>nominis</em></span> <span class='ocrx_word' id='word_1_699' title='bbox 1857 1830 1974 1854; x_wconf 86' lang='lat' dir='ltr'><em>reatum</em></span> <span class='ocrx_word' id='word_1_700' title='bbox 2007 1818 2143 1854; x_wconf 78' lang='lat' dir='ltr'><em>criminis·</em></span> 
     </span>
     <span class='ocr_line' id='line_1_103' title="bbox 1254 1869 2143 1913; baseline 0.006 -15"><span class='ocrx_word' id='word_1_701' title='bbox 1254 1878 1310 1899; x_wconf 86' lang='lat' dir='ltr'><em>non</em></span> <span class='ocrx_word' id='word_1_702' title='bbox 1323 1872 1461 1902; x_wconf 76' lang='lat' dir='ltr'><em>immutet</em></span> <span class='ocrx_word' id='word_1_703' title='bbox 1471 1891 1478 1898; x_wconf 93' lang='lat'>.</span> <span class='ocrx_word' id='word_1_704' title='bbox 1509 1869 1541 1900; x_wconf 81' lang='lat' dir='ltr'><em>si</em></span> <span class='ocrx_word' id='word_1_705' title='bbox 1553 1874 1623 1910; x_wconf 83' lang='lat' dir='ltr'><em>quis</em></span> <span class='ocrx_word' id='word_1_706' title='bbox 1634 1879 1736 1905; x_wconf 84' lang='lat' dir='ltr'><em>autem</em></span> <span class='ocrx_word' id='word_1_707' title='bbox 1747 1871 1784 1903; x_wconf 89' lang='lat' dir='ltr'><em>de</em></span> <span class='ocrx_word' id='word_1_708' title='bbox 1793 1878 1897 1905; x_wconf 79' lang='lat' dir='ltr'><em>caetero</em></span> <span class='ocrx_word' id='word_1_709' title='bbox 1913 1881 2083 1913; x_wconf 75' lang='lat' dir='ltr'><em>quenquam</em></span> <span class='ocrx_word' id='word_1_710' title='bbox 2095 1877 2143 1903; x_wconf 80' lang='lat' dir='ltr'><em>ta-</em></span> 
     </span>
    </p>

    <p class='ocr_par' dir='ltr' id='par_1_14' title="bbox 1252 1917 2145 2060">
     <span class='ocr_line' id='line_1_104' title="bbox 1252 1917 2143 1962; baseline 0.002 -12"><span class='ocrx_word' id='word_1_711' title='bbox 1252 1918 1321 1950; x_wconf 82' lang='lat' dir='ltr'><em>liter</em></span> <span class='ocrx_word' id='word_1_712' title='bbox 1332 1917 1487 1959; x_wconf 83' lang='lat' dir='ltr'><em>admiserit</em></span> <span class='ocrx_word' id='word_1_713' title='bbox 1511 1920 1556 1951; x_wconf 86' lang='lat' dir='ltr'><em>ad</em></span> <span class='ocrx_word' id='word_1_714' title='bbox 1577 1921 1721 1952; x_wconf 88' lang='lat' dir='ltr'><em>Ordinem</em></span> <span class='ocrx_word' id='word_1_715' title='bbox 1738 1918 1833 1962; x_wconf 83' lang='lat' dir='ltr'><em>supra</em></span> <span class='ocrx_word' id='word_1_716' title='bbox 1856 1920 1992 1960; x_wconf 77' lang='lat' dir='ltr'><em>drt‘ium,</em></span> <span class='ocrx_word' id='word_1_717' title='bbox 2019 1929 2053 1953; x_wconf 90' lang='lat' dir='ltr'><em>ut</em></span> <span class='ocrx_word' id='word_1_718' title='bbox 2076 1928 2143 1953; x_wconf 83' lang='lat' dir='ltr'><em>tam</em></span> 
     </span>
     <span class='ocr_line' id='line_1_105' title="bbox 1253 1968 2144 2012; baseline 0.004 -14"><span class='ocrx_word' id='word_1_719' title='bbox 1253 1968 1415 1999; x_wconf 76' lang='lat' dir='ltr'><em>admittens</em></span> <span class='ocrx_word' id='word_1_720' title='bbox 1425 1969 1518 2008; x_wconf 77' lang='lat' dir='ltr'><em>qucim</em></span> <span class='ocrx_word' id='word_1_721' title='bbox 1530 1969 1672 2011; x_wconf 79' lang='lat' dir='ltr'><em>admiffus</em></span> <span class='ocrx_word' id='word_1_722' title='bbox 1690 1976 1837 2011; x_wconf 79' lang='lat' dir='ltr'><em>puniatur</em></span> <span class='ocrx_word' id='word_1_723' title='bbox 1847 1993 1858 2009; x_wconf 92' lang='lat'><strong>,</strong></span> <span class='ocrx_word' id='word_1_724' title='bbox 1883 1976 1916 2003; x_wconf 81' lang='lat' dir='ltr'><em>in</em></span> <span class='ocrx_word' id='word_1_725' title='bbox 1934 1981 1989 2012; x_wconf 81' lang='lat' dir='ltr'><em>quo</em></span> <span class='ocrx_word' id='word_1_726' title='bbox 2002 1971 2144 2011; x_wconf 83' lang='lat' dir='ltr'><em>deliquit,</em></span> 
     </span>
     <span class='ocr_line' id='line_1_106' title="bbox 1255 2014 2145 2060; baseline 0.006 -13"><span class='ocrx_word' id='word_1_727' title='bbox 1255 2017 1292 2048; x_wconf 88' lang='lat' dir='ltr'><em>ab</em></span> <span class='ocrx_word' id='word_1_728' title='bbox 1317 2027 1348 2047; x_wconf 88' lang='lat' dir='ltr'><em>eo</em></span> <span class='ocrx_word' id='word_1_729' title='bbox 1363 2016 1425 2056; x_wconf 82' lang='lat' dir='ltr'><em>fine</em></span> <span class='ocrx_word' id='word_1_730' title='bbox 1444 2014 1498 2055; x_wconf 84' lang='lat' dir='ltr'><em>spe</em></span> <span class='ocrx_word' id='word_1_731' title='bbox 1514 2017 1706 2056; x_wconf 73' lang='lat' dir='ltr'><em>restitutionis</em></span> <span class='ocrx_word' id='word_1_732' title='bbox 1714 2022 1856 2060; x_wconf 61' lang='lat' dir='ltr'><em>perpetua</em></span> <span class='ocrx_word' id='word_1_733' title='bbox 1874 2020 2040 2060; x_wconf 78' lang='lat' dir='ltr'><em>expellatur</em></span> <span class='ocrx_word' id='word_1_734' title='bbox 2063 2040 2075 2057; x_wconf 86' lang='lat'>‚</span> <span class='ocrx_word' id='word_1_735' title='bbox 2098 2018 2145 2052; x_wconf 72' lang='lat' dir='ltr'><em>ad</em></span> 
     </span>
    </p>

    <p class='ocr_par' dir='ltr' id='par_1_15' title="bbox 1254 2064 2142 2110">
     <span class='ocr_line' id='line_1_107' title="bbox 1254 2064 2142 2110; baseline 0.005 -13"><span class='ocrx_word' id='word_1_736' title='bbox 1254 2066 1345 2097; x_wconf 77' lang='lat' dir='ltr'><em>alium</em></span> <span class='ocrx_word' id='word_1_737' title='bbox 1354 2064 1534 2103; x_wconf 75' lang='lat' dir='ltr'><em>dislridlioris</em></span> <span class='ocrx_word' id='word_1_738' title='bbox 1545 2069 1653 2109; x_wconf 83' lang='lat' dir='ltr'><em>regulae</em></span> <span class='ocrx_word' id='word_1_739' title='bbox 1663 2070 1808 2101; x_wconf 76' lang='lat' dir='ltr'><em>Ordinem</em></span> <span class='ocrx_word' id='word_1_740' title='bbox 1821 2069 2054 2110; x_wconf 81' lang='lat' dir='ltr'><em>transferendus</em></span> <span class='ocrx_word' id='word_1_741' title='bbox 2067 2091 2080 2109; x_wconf 89' lang='lat'>,</span> <span class='ocrx_word' id='word_1_742' title='bbox 2109 2073 2142 2101; x_wconf 75' lang='lat' dir='ltr'><em>in</em></span> 
     </span>
    </p>

    <p class='ocr_par' dir='ltr' id='par_1_16' title="bbox 1255 2115 2143 2160">
     <span class='ocr_line' id='line_1_108' title="bbox 1255 2115 2143 2160; baseline 0.003 -13"><span class='ocrx_word' id='word_1_743' title='bbox 1255 2126 1310 2156; x_wconf 87' lang='lat' dir='ltr'><em>quo</em></span> <span class='ocrx_word' id='word_1_744' title='bbox 1318 2122 1382 2146; x_wconf 83' lang='lat' dir='ltr'><em>tam</em></span> <span class='ocrx_word' id='word_1_745' title='bbox 1403 2123 1458 2147; x_wconf 75' lang='lat' dir='ltr'><em>exe</em></span> <span class='ocrx_word' id='word_1_746' title='bbox 1506 2115 1576 2149; x_wconf 79' lang='lat' dir='ltr'><em>bilis</em></span> <span class='ocrx_word' id='word_1_747' title='bbox 1596 2118 1689 2158; x_wconf 84' lang='lat' dir='ltr'><em>culpae</em></span> <span class='ocrx_word' id='word_1_748' title='bbox 1712 2128 1827 2150; x_wconf 87' lang='lat' dir='ltr'><em>reatum</em></span> <span class='ocrx_word' id='word_1_749' title='bbox 1841 2124 2024 2160; x_wconf 74' lang='lat' dir='ltr'><em>poenitentia</em></span> <span class='ocrx_word' id='word_1_750' title='bbox 2045 2119 2143 2151; x_wconf 81' lang='lat' dir='ltr'><em>condi-</em></span> 
     </span>
    </p>

    <p class='ocr_par' dir='ltr' id='par_1_17' title="bbox 1250 2164 2146 2260">
     <span class='ocr_line' id='line_1_109' title="bbox 1250 2164 2142 2213; baseline 0.003 -16"><span class='ocrx_word' id='word_1_751' title='bbox 1250 2177 1313 2208; x_wconf 82' lang='lat' dir='ltr'><em>gna</em></span> <span class='ocrx_word' id='word_1_752' title='bbox 1322 2165 1454 2205; x_wconf 81' lang='lat' dir='ltr'><em>deploret</em></span> <span class='ocrx_word' id='word_1_753' title='bbox 1464 2164 1578 2213; x_wconf 52' lang='lat' dir='ltr'><em>„3an</em></span> <span class='ocrx_word' id='word_1_754' title='bbox 1585 2168 1629 2205; x_wconf 79' lang='lat' dir='ltr'><em>iis</em></span> <span class='ocrx_word' id='word_1_755' title='bbox 1643 2176 1742 2200; x_wconf 83' lang='lat' dir='ltr'><em>autem</em></span> <span class='ocrx_word' id='word_1_756' title='bbox 1754 2189 1764 2205; x_wconf 94' lang='lat'>‚</span> <span class='ocrx_word' id='word_1_757' title='bbox 1789 2173 1842 2208; x_wconf 86' lang='lat' dir='ltr'><em>qui</em></span> <span class='ocrx_word' id='word_1_758' title='bbox 1853 2167 1995 2201; x_wconf 51' lang='lat' dir='ltr'><em>haeream</em></span> <span class='ocrx_word' id='word_1_759' title='bbox 2001 2167 2142 2209; x_wconf 69' lang='lat' dir='ltr'><em>simplici-</em></span> 
     </span>
     <span class='ocr_line' id='line_1_110' title="bbox 1254 2212 2146 2260; baseline 0.003 -15"><span class='ocrx_word' id='word_1_760' title='bbox 1254 2223 1317 2246; x_wconf 85' lang='lat' dir='ltr'><em>tate</em></span> <span class='ocrx_word' id='word_1_761' title='bbox 1323 2220 1507 2255; x_wconf 66' lang='lat' dir='ltr'><em>peccaruitr‚</em></span> <span class='ocrx_word' id='word_1_762' title='bbox 1518 2212 1526 2222; x_wconf 75' lang='grc'><em>“</em></span> <span class='ocrx_word' id='word_1_763' title='bbox 1527 2215 1559 2256; x_wconf 81' lang='lat' dir='ltr'><em>fi</em></span> <span class='ocrx_word' id='word_1_764' title='bbox 1562 2226 1668 2260; x_wconf 85' lang='lat' dir='ltr'><em>urgens</em></span> <span class='ocrx_word' id='word_1_765' title='bbox 1682 2218 1824 2256; x_wconf 81' lang='lat' dir='ltr'><em>neceffitas</em></span> <span class='ocrx_word' id='word_1_766' title='bbox 1837 2226 1891 2249; x_wconf 83' lang='lat' dir='ltr'><em>aut</em></span> <span class='ocrx_word' id='word_1_767' title='bbox 1911 2218 2040 2251; x_wconf 81' lang='lat' dir='ltr'><em>evidens</em></span> <span class='ocrx_word' id='word_1_768' title='bbox 2061 2217 2146 2249; x_wconf 73' lang='lat' dir='ltr'><em>utili·</em></span> 
     </span>
    </p>

    <p class='ocr_par' dir='ltr' id='par_1_18' title="bbox 1253 2264 2143 2309">
     <span class='ocr_line' id='line_1_111' title="bbox 1253 2264 2143 2309; baseline 0.003 -14"><span class='ocrx_word' id='word_1_769' title='bbox 1253 2274 1300 2296; x_wconf 86' lang='lat' dir='ltr'><em>tas</em></span> <span class='ocrx_word' id='word_1_770' title='bbox 1306 2264 1462 2305; x_wconf 81' lang='lat' dir='ltr'><em>postularit</em></span> <span class='ocrx_word' id='word_1_771' title='bbox 1473 2288 1484 2303; x_wconf 92' lang='lat'><strong>,</strong></span> <span class='ocrx_word' id='word_1_772' title='bbox 1510 2267 1614 2298; x_wconf 76' lang='lat' dir='ltr'><em>mitius</em></span> <span class='ocrx_word' id='word_1_773' title='bbox 1626 2278 1711 2309; x_wconf 87' lang='lat' dir='ltr'><em>agere</em></span> <span class='ocrx_word' id='word_1_774' title='bbox 1717 2272 1835 2308; x_wconf 82' lang='lat' dir='ltr'><em>poteris</em></span> <span class='ocrx_word' id='word_1_775' title='bbox 1848 2291 1859 2307; x_wconf 91' lang='lat'>,</span> <span class='ocrx_word' id='word_1_776' title='bbox 1884 2274 1976 2307; x_wconf 82' lang='lat' dir='ltr'><em>prout</em></span> <span class='ocrx_word' id='word_1_777' title='bbox 1987 2265 2143 2309; x_wconf 73' lang='lat' dir='ltr'><em>dftreptio·</em></span> 
     </span>
    </p>

    <p class='ocr_par' dir='ltr' id='par_1_19' title="bbox 1254 2316 2145 2360">
     <span class='ocr_line' id='line_1_112' title="bbox 1254 2316 2145 2360; baseline 0.004 -14"><span class='ocrx_word' id='word_1_778' title='bbox 1254 2322 1300 2346; x_wconf 80' lang='lat' dir='ltr'><em>nis</em></span> <span class='ocrx_word' id='word_1_779' title='bbox 1314 2324 1375 2346; x_wconf 78' lang='lat' dir='ltr'><em>tuae</em></span> <span class='ocrx_word' id='word_1_780' title='bbox 1381 2316 1547 2354; x_wconf 79' lang='lat' dir='ltr'><em>prudentia</em></span> <span class='ocrx_word' id='word_1_781' title='bbox 1561 2318 1674 2349; x_wconf 80' lang='lat' dir='ltr'><em>viderit</em></span> <span class='ocrx_word' id='word_1_782' title='bbox 1683 2318 1823 2358; x_wconf 79' lang='lat' dir='ltr'><em>expedire</em></span> <span class='ocrx_word' id='word_1_783' title='bbox 1837 2340 1845 2347; x_wconf 92' lang='lat'><strong>.</strong></span> <span class='ocrx_word' id='word_1_784' title='bbox 1873 2316 1968 2350; x_wconf 79' lang='lat' dir='ltr'><em>istius</em></span> <span class='ocrx_word' id='word_1_785' title='bbox 1981 2327 2060 2360; x_wconf 90' lang='lat' dir='ltr'><em>ergo</em></span> <span class='ocrx_word' id='word_1_786' title='bbox 2084 2316 2145 2350; x_wconf 84' lang='lat' dir='ltr'><em>cri-</em></span> 
     </span>
    </p>

    <p class='ocr_par' dir='ltr' id='par_1_20' title="bbox 1252 2365 2142 2410">
     <span class='ocr_line' id='line_1_113' title="bbox 1252 2365 2142 2410; baseline 0.004 -14"><span class='ocrx_word' id='word_1_787' title='bbox 1252 2365 1350 2397; x_wconf 81' lang='lat' dir='ltr'><em>minis</em></span> <span class='ocrx_word' id='word_1_788' title='bbox 1365 2376 1455 2407; x_wconf 85' lang='lat' dir='ltr'><em>poena</em></span> <span class='ocrx_word' id='word_1_789' title='bbox 1468 2366 1511 2399; x_wconf 84' lang='lat' dir='ltr'><em>est</em></span> <span class='ocrx_word' id='word_1_790' title='bbox 1525 2366 1645 2409; x_wconf 84' lang='lat' dir='ltr'><em>triplex</em></span> <span class='ocrx_word' id='word_1_791' title='bbox 1659 2391 1666 2398; x_wconf 94' lang='lat'>.</span> <span class='ocrx_word' id='word_1_792' title='bbox 1694 2367 1852 2410; x_wconf 81' lang='lat' dir='ltr'><em>Perpetua</em></span> <span class='ocrx_word' id='word_1_793' title='bbox 1868 2366 2023 2410; x_wconf 82' lang='lat' dir='ltr'><em>relegatio</em></span> <span class='ocrx_word' id='word_1_794' title='bbox 2037 2366 2056 2399; x_wconf 64' lang='grc' dir='ltr'>ὲ</span> <span class='ocrx_word' id='word_1_795' title='bbox 2068 2377 2142 2409; x_wconf 83' lang='lat' dir='ltr'><em>pro·</em></span> 
     </span>
    </p>

    <p class='ocr_par' dir='ltr' id='par_1_21' title="bbox 1254 2414 2142 2458">
     <span class='ocr_line' id='line_1_114' title="bbox 1254 2414 2142 2458; baseline 0.005 -12"><span class='ocrx_word' id='word_1_796' title='bbox 1254 2415 1323 2457; x_wconf 92' lang='lat' dir='ltr'><em>prio</em></span> <span class='ocrx_word' id='word_1_797' title='bbox 1336 2414 1562 2454; x_wconf 64' lang='lat' dir='ltr'><em>Monam-rio,</em></span> <span class='ocrx_word' id='word_1_798' title='bbox 1588 2416 1769 2450; x_wconf 68' lang='lat' dir='ltr'><em>Traduetio</em></span> <span class='ocrx_word' id='word_1_799' title='bbox 1781 2415 1820 2450; x_wconf 82' lang='lat' dir='ltr'><em>ad</em></span> <span class='ocrx_word' id='word_1_800' title='bbox 1843 2415 1930 2449; x_wconf 87' lang='lat' dir='ltr'><em>aliud</em></span> <span class='ocrx_word' id='word_1_801' title='bbox 1958 2415 2099 2450; x_wconf 69' lang='lat' dir='ltr'><em>stristius</em></span> <span class='ocrx_word' id='word_1_802' title='bbox 2128 2438 2142 2458; x_wconf 71' lang='lat'>‚</span> 
     </span>
    </p>

    <p class='ocr_par' dir='ltr' id='par_1_22' title="bbox 1257 2465 2143 2510">
     <span class='ocr_line' id='line_1_115' title="bbox 1257 2465 2143 2510; baseline 0.002 -12"><span class='ocrx_word' id='word_1_803' title='bbox 1257 2465 1289 2498; x_wconf 78' lang='grc' dir='ltr'><em>ὅ(</em></span> <span class='ocrx_word' id='word_1_804' title='bbox 1303 2475 1454 2507; x_wconf 87' lang='lat' dir='ltr'><em>perpetua</em></span> <span class='ocrx_word' id='word_1_805' title='bbox 1469 2466 1541 2500; x_wconf 84' lang='lat' dir='ltr'><em>istic</em></span> <span class='ocrx_word' id='word_1_806' title='bbox 1553 2465 1753 2501; x_wconf 85' lang='lat' dir='ltr'><em>Poenitentia</em></span> <span class='ocrx_word' id='word_1_807' title='bbox 1766 2491 1774 2498; x_wconf 89' lang='lat'><strong>.</strong></span> <span class='ocrx_word' id='word_1_808' title='bbox 1801 2467 1929 2500; x_wconf 87' lang='lat' dir='ltr'><em>Omnes</em></span> <span class='ocrx_word' id='word_1_809' title='bbox 1941 2466 2096 2510; x_wconf 87' lang='lat' dir='ltr'><em>obligant</em></span> <span class='ocrx_word' id='word_1_810' title='bbox 2107 2466 2143 2500; x_wconf 86' lang='lat'>&amp;</span> 
     </span>
    </p>

    <p class='ocr_par' dir='ltr' id='par_1_23' title="bbox 1253 2514 2143 2559">
     <span class='ocr_line' id='line_1_116' title="bbox 1253 2514 2143 2559; baseline 0.003 -13"><span class='ocrx_word' id='word_1_811' title='bbox 1253 2514 1479 2549; x_wconf 85' lang='lat' dir='ltr'><em>admittentem</em></span> <span class='ocrx_word' id='word_1_812' title='bbox 1492 2517 1524 2549; x_wconf 75' lang='grc' dir='ltr'>ἀ</span> <span class='ocrx_word' id='word_1_813' title='bbox 1536 2516 1708 2550; x_wconf 73' lang='lat' dir='ltr'><em>admissum</em></span> <span class='ocrx_word' id='word_1_814' title='bbox 1719 2541 1726 2549; x_wconf 91' lang='lat'><strong><em>.</em></strong></span> <span class='ocrx_word' id='word_1_815' title='bbox 1761 2518 1803 2552; x_wconf 79' lang='lat' dir='ltr'><em>Et</em></span> <span class='ocrx_word' id='word_1_816' title='bbox 1818 2517 1956 2559; x_wconf 77' lang='lat' dir='ltr'><em>ipsarum</em></span> <span class='ocrx_word' id='word_1_817' title='bbox 1972 2517 2062 2549; x_wconf 77' lang='lat' dir='ltr'><em>nulla.</em></span> <span class='ocrx_word' id='word_1_818' title='bbox 2087 2514 2143 2549; x_wconf 77' lang='lat' dir='ltr'><em>di-</em></span> 
     </span>
    </p>

    <p class='ocr_par' dir='ltr' id='par_1_24' title="bbox 1254 2565 2142 2611">
     <span class='ocr_line' id='line_1_117' title="bbox 1254 2565 2142 2611; baseline 0.005 -15"><span class='ocrx_word' id='word_1_819' title='bbox 1254 2565 1387 2606; x_wconf 84' lang='lat' dir='ltr'><em>spensari</em></span> <span class='ocrx_word' id='word_1_820' title='bbox 1403 2578 1458 2600; x_wconf 86' lang='lat' dir='ltr'><em>aut</em></span> <span class='ocrx_word' id='word_1_821' title='bbox 1471 2567 1615 2611; x_wconf 88' lang='lat' dir='ltr'><em>mitigari</em></span> <span class='ocrx_word' id='word_1_822' title='bbox 1640 2566 1733 2609; x_wconf 84' lang='lat' dir='ltr'><em>poffit</em></span> <span class='ocrx_word' id='word_1_823' title='bbox 1747 2592 1757 2607; x_wconf 94' lang='lat'>,</span> <span class='ocrx_word' id='word_1_824' title='bbox 1785 2567 1840 2600; x_wconf 77' lang='lat' dir='ltr'><em>nili</em></span> <span class='ocrx_word' id='word_1_825' title='bbox 1867 2577 1921 2609; x_wconf 83' lang='lat' dir='ltr'><em>per</em></span> <span class='ocrx_word' id='word_1_826' title='bbox 1949 2565 2142 2600; x_wconf 83' lang='lat' dir='ltr'><em>Romanum</em></span> 
     </span>
    </p>

    <p class='ocr_par' dir='ltr' id='par_1_25' title="bbox 1255 2614 2142 2661">
     <span class='ocr_line' id='line_1_118' title="bbox 1255 2614 2142 2661; baseline 0.002 -15"><span class='ocrx_word' id='word_1_827' title='bbox 1255 2614 1454 2649; x_wconf 79' lang='lat' dir='ltr'><em>Pontificem</em></span> <span class='ocrx_word' id='word_1_828' title='bbox 1470 2643 1476 2648; x_wconf 96' lang='lat'>.</span> <span class='ocrx_word' id='word_1_829' title='bbox 1505 2615 1557 2651; x_wconf 83' lang='lat' dir='ltr'><em>Ac</em></span> <span class='ocrx_word' id='word_1_830' title='bbox 1571 2628 1639 2650; x_wconf 89' lang='lat' dir='ltr'><em>non</em></span> <span class='ocrx_word' id='word_1_831' title='bbox 1655 2617 1710 2650; x_wconf 87' lang='lat' dir='ltr'><em>nifi</em></span> <span class='ocrx_word' id='word_1_832' title='bbox 1723 2617 1768 2651; x_wconf 91' lang='lat' dir='ltr'><em>ob</em></span> <span class='ocrx_word' id='word_1_833' title='bbox 1783 2626 1953 2661; x_wconf 81' lang='lat' dir='ltr'><em>urgente-m</em></span> <span class='ocrx_word' id='word_1_834' title='bbox 1972 2616 2142 2652; x_wconf 76' lang='lat' dir='ltr'><em>necestita-</em></span> 
     </span>
    </p>

    <p class='ocr_par' dir='ltr' id='par_1_26' title="bbox 1252 2667 2135 2704">
     <span class='ocr_line' id='line_1_119' title="bbox 1252 2667 2135 2704; baseline 0.007 -7"><span class='ocrx_word' id='word_1_835' title='bbox 1252 2673 1318 2699; x_wconf 87' lang='lat' dir='ltr'><em>tem</em></span> <span class='ocrx_word' id='word_1_836' title='bbox 1342 2688 1352 2704; x_wconf 90' lang='lat'><strong>,</strong></span> <span class='ocrx_word' id='word_1_837' title='bbox 1372 2674 1428 2698; x_wconf 83' lang='lat' dir='ltr'><em>aut</em></span> <span class='ocrx_word' id='word_1_838' title='bbox 1438 2667 1623 2701; x_wconf 85' lang='lat' dir='ltr'><em>evidentem</em></span> <span class='ocrx_word' id='word_1_839' title='bbox 1641 2667 1830 2703; x_wconf 84' lang='lat' dir='ltr'><em>utilitatem·</em></span> <span class='ocrx_word' id='word_1_840' title='bbox 2131 2692 2135 2698; x_wconf 89' lang='lat'>-</span> 
     </span>
    </p>

    <p class='ocr_par' dir='ltr' id='par_1_27' title="bbox 1303 2714 2141 2760">
     <span class='ocr_line' id='line_1_120' title="bbox 1303 2714 2141 2760; baseline 0.001 -13"><span class='ocrx_word' id='word_1_841' title='bbox 1303 2714 1518 2752; x_wconf 82' lang='lat' dir='ltr'><em>Innocentius</em></span> <span class='ocrx_word' id='word_1_842' title='bbox 1530 2716 1596 2750; x_wconf 86' lang='lat' dir='ltr'><em>haec</em></span> <span class='ocrx_word' id='word_1_843' title='bbox 1609 2716 1761 2760; x_wconf 84' lang='lat' dir='ltr'><em>rescripfit</em></span> <span class='ocrx_word' id='word_1_844' title='bbox 1773 2728 1812 2750; x_wconf 83' lang='lat' dir='ltr'><em>ex</em></span> <span class='ocrx_word' id='word_1_845' title='bbox 1825 2715 2022 2760; x_wconf 81' lang='lat' dir='ltr'><em>sexagefimo</em></span> <span class='ocrx_word' id='word_1_846' title='bbox 2048 2725 2141 2757; x_wconf 82' lang='lat' dir='ltr'><em>quar·-</em></span> 
     </span>
    </p>

    <p class='ocr_par' dir='ltr' id='par_1_28' title="bbox 1253 2765 2140 2807">
     <span class='ocr_line' id='line_1_121' title="bbox 1253 2765 2140 2807; baseline -0.003 -8"><span class='ocrx_word' id='word_1_847' title='bbox 1253 2775 1288 2799; x_wconf 90' lang='lat' dir='ltr'><em>to</em></span> <span class='ocrx_word' id='word_1_848' title='bbox 1301 2765 1441 2799; x_wconf 82' lang='lat' dir='ltr'><em>canone</em></span> <span class='ocrx_word' id='word_1_849' title='bbox 1463 2769 1510 2802; x_wconf 87' lang='lat' dir='ltr'><em>sui</em></span> <span class='ocrx_word' id='word_1_850' title='bbox 1546 2767 1766 2801; x_wconf 84' lang='lat' dir='ltr'><em>Lateranenfis</em></span> <span class='ocrx_word' id='word_1_851' title='bbox 1789 2765 1954 2799; x_wconf 87' lang='lat' dir='ltr'><em>Concilii:</em></span> <span class='ocrx_word' id='word_1_852' title='bbox 1986 2766 2140 2807; x_wconf 73' lang='lat' dir='ltr'><em>‚Quoniam</em></span> 
     </span>
    </p>

    <p class='ocr_par' dir='ltr' id='par_1_29' title="bbox 1249 2814 2141 2908">
     <span class='ocr_line' id='line_1_122' title="bbox 1249 2814 2140 2859; baseline 0 -12"><span class='ocrx_word' id='word_1_853' title='bbox 1249 2816 1407 2858; x_wconf 74' lang='lat' dir='ltr'><em>fimom‘aea</em></span> <span class='ocrx_word' id='word_1_854' title='bbox 1423 2818 1506 2850; x_wconf 84' lang='lat' dir='ltr'><em>labes</em></span> <span class='ocrx_word' id='word_1_855' title='bbox 1519 2819 1591 2849; x_wconf 62' lang='lat' dir='ltr'><em>ade&amp;</em></span> <span class='ocrx_word' id='word_1_856' title='bbox 1608 2815 1766 2859; x_wconf 84' lang='lat' dir='ltr'><em>plerasque</em></span> <span class='ocrx_word' id='word_1_857' title='bbox 1791 2815 1935 2848; x_wconf 85' lang='lat' dir='ltr'><em>Moniales</em></span> <span class='ocrx_word' id='word_1_858' title='bbox 1957 2814 2062 2858; x_wconf 84' lang='lat' dir='ltr'><em>infecit</em></span> <span class='ocrx_word' id='word_1_859' title='bbox 2074 2838 2085 2855; x_wconf 89' lang='lat'>‚</span> <span class='ocrx_word' id='word_1_860' title='bbox 2105 2822 2140 2850; x_wconf 76' lang='lat' dir='ltr'><em>ut</em></span> 
     </span>
     <span class='ocr_line' id='line_1_123' title="bbox 1253 2864 2141 2908; baseline -0.003 -8"><span class='ocrx_word' id='word_1_861' title='bbox 1253 2873 1310 2900; x_wconf 82' lang='lat' dir='ltr'><em>vix</em></span> <span class='ocrx_word' id='word_1_862' title='bbox 1332 2866 1450 2907; x_wconf 81' lang='lat' dir='ltr'><em>aliquas</em></span> <span class='ocrx_word' id='word_1_863' title='bbox 1459 2865 1520 2907; x_wconf 79' lang='lat' dir='ltr'><em>fine</em></span> <span class='ocrx_word' id='word_1_864' title='bbox 1528 2874 1629 2908; x_wconf 84' lang='lat' dir='ltr'><em>pret-io</em></span> <span class='ocrx_word' id='word_1_865' title='bbox 1639 2873 1782 2908; x_wconf 82' lang='lat' dir='ltr'><em>recipiant</em></span> <span class='ocrx_word' id='word_1_866' title='bbox 1802 2872 1834 2898; x_wconf 88' lang='lat' dir='ltr'><em>in</em></span> <span class='ocrx_word' id='word_1_867' title='bbox 1853 2864 1963 2908; x_wconf 80' lang='lat' dir='ltr'><em>sorores</em></span> <span class='ocrx_word' id='word_1_868' title='bbox 1977 2887 1988 2904; x_wconf 88' lang='lat'>‚</span> <span class='ocrx_word' id='word_1_869' title='bbox 2009 2872 2141 2905; x_wconf 72' lang='lat' dir='ltr'><em>pauper-</em></span> 
     </span>
    </p>

    <p class='ocr_par' dir='ltr' id='par_1_30' title="bbox 1252 2915 2137 2958">
     <span class='ocr_line' id='line_1_124' title="bbox 1252 2915 2137 2958; baseline -0.002 -10"><span class='ocrx_word' id='word_1_870' title='bbox 1252 2921 1488 2956; x_wconf 79' lang='lat' dir='ltr'><em>tattspraetextu</em></span> <span class='ocrx_word' id='word_1_871' title='bbox 1501 2919 1632 2951; x_wconf 79' lang='lat' dir='ltr'><em>volentes</em></span> <span class='ocrx_word' id='word_1_872' title='bbox 1653 2915 1816 2958; x_wconf 79' lang='lat' dir='ltr'><em>hujusmodi</em></span> <span class='ocrx_word' id='word_1_873' title='bbox 1841 2920 1949 2948; x_wconf 81' lang='lat' dir='ltr'><em>vitium</em></span> <span class='ocrx_word' id='word_1_874' title='bbox 1968 2915 2100 2956; x_wconf 78' lang='lat' dir='ltr'><em>palliare</em></span> <span class='ocrx_word' id='word_1_875' title='bbox 2124 2937 2137 2954; x_wconf 91' lang='lat'>‚</span> 
     </span>
    </p>

    <p class='ocr_par' dir='ltr' id='par_1_31' title="bbox 1254 2964 2138 3009">
     <span class='ocr_line' id='line_1_125' title="bbox 1254 2964 2138 3009; baseline -0.005 -9"><span class='ocrx_word' id='word_1_876' title='bbox 1254 2978 1290 3000; x_wconf 89' lang='lat' dir='ltr'><em>ne</em></span> <span class='ocrx_word' id='word_1_877' title='bbox 1300 2967 1335 2997; x_wconf 83' lang='lat' dir='ltr'><em>id</em></span> <span class='ocrx_word' id='word_1_878' title='bbox 1343 2966 1380 2997; x_wconf 91' lang='lat' dir='ltr'><em>de</em></span> <span class='ocrx_word' id='word_1_879' title='bbox 1390 2976 1495 2999; x_wconf 76' lang='lat' dir='ltr'><em>caetero</em></span> <span class='ocrx_word' id='word_1_880' title='bbox 1504 2968 1563 3009; x_wconf 77' lang='lat' dir='ltr'><em>fiat</em></span> <span class='ocrx_word' id='word_1_881' title='bbox 1576 2992 1587 3007; x_wconf 96' lang='lat'>‚</span> <span class='ocrx_word' id='word_1_882' title='bbox 1608 2968 1728 3009; x_wconf 79' lang='lat' dir='ltr'><em>penitus</em></span> <span class='ocrx_word' id='word_1_883' title='bbox 1738 2964 1928 3006; x_wconf 82' lang='lat' dir='ltr'><em>probibemus</em></span> <span class='ocrx_word' id='word_1_884' title='bbox 1940 2989 1951 3005; x_wconf 93' lang='lat'>‚</span> <span class='ocrx_word' id='word_1_885' title='bbox 1970 2964 2138 3005; x_wconf 79' lang='lat' dir='ltr'><em>statuentes</em></span> 
     </span>
    </p>

    <p class='ocr_par' dir='ltr' id='par_1_32' title="bbox 1253 3012 2142 3058">
     <span class='ocr_line' id='line_1_126' title="bbox 1253 3012 2142 3058; baseline -0.007 -7"><span class='ocrx_word' id='word_1_886' title='bbox 1253 3026 1287 3051; x_wconf 90' lang='lat' dir='ltr'><em>ut</em></span> <span class='ocrx_word' id='word_1_887' title='bbox 1299 3027 1486 3058; x_wconf 75' lang='lat' dir='ltr'><em>quacumque</em></span> <span class='ocrx_word' id='word_1_888' title='bbox 1506 3020 1543 3050; x_wconf 86' lang='lat' dir='ltr'><em>de</em></span> <span class='ocrx_word' id='word_1_889' title='bbox 1553 3027 1657 3051; x_wconf 77' lang='lat' dir='ltr'><em>caetero</em></span> <span class='ocrx_word' id='word_1_890' title='bbox 1678 3018 1768 3049; x_wconf 81' lang='lat' dir='ltr'><em>talem</em></span> <span class='ocrx_word' id='word_1_891' title='bbox 1783 3021 1975 3057; x_wconf 78' lang='lat' dir='ltr'><em>pravitatem</em></span> <span class='ocrx_word' id='word_1_892' title='bbox 1997 3012 2142 3056; x_wconf 77' lang='lat' dir='ltr'><em>commise-</em></span> 
     </span>
    </p>

    <p class='ocr_par' dir='ltr' id='par_1_33' title="bbox 1253 3061 2142 3109">
     <span class='ocr_line' id='line_1_127' title="bbox 1253 3061 2142 3109; baseline -0.004 -10"><span class='ocrx_word' id='word_1_893' title='bbox 1253 3071 1294 3099; x_wconf 77' lang='lat' dir='ltr'><em>r&#39;tt</em></span> <span class='ocrx_word' id='word_1_894' title='bbox 1308 3091 1318 3105; x_wconf 96' lang='lat'><em>,</em></span> <span class='ocrx_word' id='word_1_895' title='bbox 1344 3075 1408 3098; x_wconf 91' lang='lat' dir='ltr'><em>tam</em></span> <span class='ocrx_word' id='word_1_896' title='bbox 1419 3073 1562 3109; x_wconf 81' lang='lat' dir='ltr'><em>recipiens</em></span> <span class='ocrx_word' id='word_1_897' title='bbox 1575 3070 1667 3109; x_wconf 57' lang='lat' dir='ltr'><em>quam</em></span> <span class='ocrx_word' id='word_1_898' title='bbox 1677 3074 1793 3107; x_wconf 87' lang='lat' dir='ltr'><em>recepta</em></span> <span class='ocrx_word' id='word_1_899' title='bbox 1806 3089 1817 3104; x_wconf 87' lang='lat'>,</span> <span class='ocrx_word' id='word_1_900' title='bbox 1838 3063 1899 3105; x_wconf 79' lang='lat' dir='ltr'><em>st&#39;ve</em></span> <span class='ocrx_word' id='word_1_901' title='bbox 1903 3064 1942 3106; x_wconf 85' lang='lat' dir='ltr'><em>fit</em></span> <span class='ocrx_word' id='word_1_902' title='bbox 1959 3062 2087 3106; x_wconf 82' lang='lat' dir='ltr'><em>subdita</em></span> <span class='ocrx_word' id='word_1_903' title='bbox 2102 3061 2142 3104; x_wconf 83' lang='lat' dir='ltr'><em>fi-</em></span> 
     </span>
    </p>

    <p class='ocr_par' dir='ltr' id='par_1_34' title="bbox 1255 3113 2139 3160">
     <span class='ocr_line' id='line_1_128' title="bbox 1255 3113 2139 3160; baseline -0.006 -10"><span class='ocrx_word' id='word_1_904' title='bbox 1255 3127 1292 3150; x_wconf 76' lang='lat' dir='ltr'><em>ve</em></span> <span class='ocrx_word' id='word_1_905' title='bbox 1306 3116 1442 3149; x_wconf 74' lang='lat' dir='ltr'><em>Praelata</em></span> <span class='ocrx_word' id='word_1_906' title='bbox 1454 3141 1464 3157; x_wconf 93' lang='lat'>,</span> <span class='ocrx_word' id='word_1_907' title='bbox 1486 3117 1547 3159; x_wconf 83' lang='lat' dir='ltr'><em>fine</em></span> <span class='ocrx_word' id='word_1_908' title='bbox 1553 3117 1609 3160; x_wconf 86' lang='lat' dir='ltr'><em>spe</em></span> <span class='ocrx_word' id='word_1_909' title='bbox 1620 3116 1809 3156; x_wconf 72' lang='lat' dir='ltr'><em>restitutiom&#39;s</em></span> <span class='ocrx_word' id='word_1_910' title='bbox 1835 3116 1872 3148; x_wconf 86' lang='lat' dir='ltr'><em>de</em></span> <span class='ocrx_word' id='word_1_911' title='bbox 1891 3113 1944 3157; x_wconf 84' lang='lat' dir='ltr'><em>suo</em></span> <span class='ocrx_word' id='word_1_912' title='bbox 1966 3113 2139 3151; x_wconf 82' lang='lat' dir='ltr'><em>Monasterio</em></span> 
     </span>
    </p>

    <p class='ocr_par' dir='ltr' id='par_1_35' title="bbox 1254 3164 2139 3208">
     <span class='ocr_line' id='line_1_129' title="bbox 1254 3164 2139 3208; baseline -0.003 -10"><span class='ocrx_word' id='word_1_913' title='bbox 1254 3169 1420 3207; x_wconf 82' lang='lat' dir='ltr'><em>expellatur</em></span> <span class='ocrx_word' id='word_1_914' title='bbox 1433 3190 1443 3206; x_wconf 86' lang='lat'>‚</span> <span class='ocrx_word' id='word_1_915' title='bbox 1473 3166 1505 3199; x_wconf 87' lang='lat' dir='ltr'><em>in</em></span> <span class='ocrx_word' id='word_1_916' title='bbox 1529 3169 1621 3200; x_wconf 83' lang='lat' dir='ltr'><em>locum</em></span> <span class='ocrx_word' id='word_1_917' title='bbox 1642 3166 1779 3199; x_wconf 65' lang='lat' dir='ltr'><em>arffloris</em></span> <span class='ocrx_word' id='word_1_918' title='bbox 1801 3165 1908 3208; x_wconf 86' lang='lat' dir='ltr'><em>regulae</em></span> <span class='ocrx_word' id='word_1_919' title='bbox 1930 3165 1974 3195; x_wconf 87' lang='lat' dir='ltr'><em>ad</em></span> <span class='ocrx_word' id='word_1_920' title='bbox 1991 3164 2139 3207; x_wconf 81' lang='lat' dir='ltr'><em>agendam</em></span> 
     </span>
    </p>

    <p class='ocr_par' dir='ltr' id='par_1_36' title="bbox 1236 3213 2139 3358">
     <span class='ocr_line' id='line_1_130' title="bbox 1237 3213 2139 3266; baseline -0.003 -18"><span class='ocrx_word' id='word_1_921' title='bbox 1237 3246 1240 3266; x_wconf 47' lang='grc' dir='ltr'>ἰ</span> <span class='ocrx_word' id='word_1_922' title='bbox 1251 3225 1426 3257; x_wconf 86' lang='lat' dir='ltr'><em>perpetuam</em></span> <span class='ocrx_word' id='word_1_923' title='bbox 1436 3223 1647 3257; x_wconf 82' lang='lat' dir='ltr'><em>poenitentiam</em></span> <span class='ocrx_word' id='word_1_924' title='bbox 1658 3216 1846 3249; x_wconf 81' lang='lat' dir='ltr'><em>retrudenda</em></span> <span class='ocrx_word' id='word_1_925' title='bbox 1857 3239 1864 3249; x_wconf 86' lang='lat'>.</span> <span class='ocrx_word' id='word_1_926' title='bbox 1897 3218 1942 3247; x_wconf 87' lang='lat' dir='ltr'><em>De</em></span> <span class='ocrx_word' id='word_1_927' title='bbox 1952 3213 2002 3246; x_wconf 81' lang='lat' dir='ltr'><em>bis</em></span> <span class='ocrx_word' id='word_1_928' title='bbox 2019 3221 2117 3247; x_wconf 80' lang='lat' dir='ltr'><em>autem</em></span> <span class='ocrx_word' id='word_1_929' title='bbox 2128 3234 2139 3251; x_wconf 90' lang='lat'><em>,</em></span> 
     </span>
     <span class='ocr_line' id='line_1_131' title="bbox 1236 3262 2138 3332; baseline -0.003 -34"><span class='ocrx_word' id='word_1_930' title='bbox 1236 3272 1240 3332; x_wconf 61' lang='grc' dir='ltr'>Ι</span> <span class='ocrx_word' id='word_1_931' title='bbox 1254 3278 1321 3308; x_wconf 81' lang='lat' dir='ltr'><em>quae</em></span> <span class='ocrx_word' id='word_1_932' title='bbox 1334 3276 1406 3298; x_wconf 79' lang='lat' dir='ltr'><em>ante</em></span> <span class='ocrx_word' id='word_1_933' title='bbox 1419 3267 1469 3298; x_wconf 85' lang='lat' dir='ltr'><em>hoc</em></span> <span class='ocrx_word' id='word_1_934' title='bbox 1481 3268 1620 3305; x_wconf 77' lang='lat' dir='ltr'><em>synodale</em></span> <span class='ocrx_word' id='word_1_935' title='bbox 1636 3270 1790 3299; x_wconf 87' lang='lat' dir='ltr'><em>statutum</em></span> <span class='ocrx_word' id='word_1_936' title='bbox 1802 3266 1902 3296; x_wconf 85' lang='lat' dir='ltr'><em>taliter</em></span> <span class='ocrx_word' id='word_1_937' title='bbox 1908 3262 1981 3306; x_wconf 88' lang='lat' dir='ltr'><em>sunt</em></span> <span class='ocrx_word' id='word_1_938' title='bbox 1993 3273 2113 3305; x_wconf 83' lang='lat' dir='ltr'><em>receptae</em></span> <span class='ocrx_word' id='word_1_939' title='bbox 2126 3285 2138 3301; x_wconf 86' lang='lat'>,</span> 
     </span>
     <span class='ocr_line' id='line_1_132' title="bbox 1253 3312 2136 3358; baseline -0.006 -10"><span class='ocrx_word' id='word_1_940' title='bbox 1253 3316 1299 3348; x_wconf 74' lang='lat' dir='ltr'><em>ita</em></span> <span class='ocrx_word' id='word_1_941' title='bbox 1313 3318 1453 3349; x_wconf 77' lang='lat' dir='ltr'><em>duximus</em></span> <span class='ocrx_word' id='word_1_942' title='bbox 1461 3318 1684 3358; x_wconf 81' lang='lat' dir='ltr'><em>providendum</em></span> <span class='ocrx_word' id='word_1_943' title='bbox 1692 3339 1703 3355; x_wconf 91' lang='lat'><strong>,</strong></span> <span class='ocrx_word' id='word_1_944' title='bbox 1728 3324 1761 3348; x_wconf 87' lang='lat' dir='ltr'><em>ut</em></span> <span class='ocrx_word' id='word_1_945' title='bbox 1774 3321 1894 3348; x_wconf 79' lang='lat' dir='ltr'><em>remotae</em></span> <span class='ocrx_word' id='word_1_946' title='bbox 1906 3316 1942 3346; x_wconf 80' lang='lat' dir='ltr'><em>de</em></span> <span class='ocrx_word' id='word_1_947' title='bbox 1953 3312 2136 3352; x_wconf 79' lang='lat' dir='ltr'><em>Monaesteriis</em></span> 
     </span>
    </p>

    <p class='ocr_par' dir='ltr' id='par_1_37' title="bbox 1237 3360 2142 3459">
     <span class='ocr_line' id='line_1_133' title="bbox 1237 3360 2139 3409; baseline -0.007 -11"><span class='ocrx_word' id='word_1_948' title='bbox 1237 3367 1238 3370; x_wconf 76' lang='grc'>’</span> <span class='ocrx_word' id='word_1_949' title='bbox 1253 3377 1319 3408; x_wconf 83' lang='lat' dir='ltr'><em>quae</em></span> <span class='ocrx_word' id='word_1_950' title='bbox 1328 3369 1489 3406; x_wconf 74' lang='lat' dir='ltr'><em>perperam</em></span> <span class='ocrx_word' id='word_1_951' title='bbox 1498 3365 1572 3408; x_wconf 90' lang='lat' dir='ltr'><em>sunt</em></span> <span class='ocrx_word' id='word_1_952' title='bbox 1583 3367 1715 3409; x_wconf 84' lang='lat' dir='ltr'><em>ingreffae</em></span> <span class='ocrx_word' id='word_1_953' title='bbox 1731 3389 1741 3404; x_wconf 87' lang='lat'>‚</span> <span class='ocrx_word' id='word_1_954' title='bbox 1765 3370 1797 3397; x_wconf 85' lang='lat' dir='ltr'><em>in</em></span> <span class='ocrx_word' id='word_1_955' title='bbox 1817 3366 1890 3397; x_wconf 84' lang='lat' dir='ltr'><em>altis</em></span> <span class='ocrx_word' id='word_1_956' title='bbox 1917 3366 1985 3397; x_wconf 84' lang='lat' dir='ltr'><em>locis</em></span> <span class='ocrx_word' id='word_1_957' title='bbox 2008 3360 2139 3403; x_wconf 83' lang='lat' dir='ltr'><em>ejusdem</em></span> 
     </span>
     <span class='ocr_line' id='line_1_134' title="bbox 1254 3412 2142 3459; baseline -0.009 -10"><span class='ocrx_word' id='word_1_958' title='bbox 1254 3417 1379 3449; x_wconf 86' lang='lat' dir='ltr'><em>Ordinis</em></span> <span class='ocrx_word' id='word_1_959' title='bbox 1390 3417 1558 3449; x_wconf 88' lang='lat' dir='ltr'><em>collocentur</em></span> <span class='ocrx_word' id='word_1_960' title='bbox 1570 3441 1576 3447; x_wconf 89' lang='lat'>.</span> <span class='ocrx_word' id='word_1_961' title='bbox 1604 3417 1694 3459; x_wconf 73' lang='lat' dir='ltr'><em>,Quod</em></span> <span class='ocrx_word' id='word_1_962' title='bbox 1698 3413 1726 3456; x_wconf 80' lang='lat' dir='ltr'><em>fi</em></span> <span class='ocrx_word' id='word_1_963' title='bbox 1729 3422 1854 3456; x_wconf 84' lang='lat' dir='ltr'><em>propter</em></span> <span class='ocrx_word' id='word_1_964' title='bbox 1867 3420 1991 3446; x_wconf 87' lang='lat' dir='ltr'><em>nimiam</em></span> <span class='ocrx_word' id='word_1_965' title='bbox 2002 3412 2142 3444; x_wconf 87' lang='lat' dir='ltr'><em>multitu-</em></span> 
     </span>
    </p>

    <p class='ocr_par' dir='ltr' id='par_1_38' title="bbox 1254 3462 2141 3514">
     <span class='ocr_line' id='line_1_135' title="bbox 1254 3462 2141 3514; baseline -0.005 -13"><span class='ocrx_word' id='word_1_966' title='bbox 1254 3467 1355 3503; x_wconf 80' lang='lat' dir='ltr'><em>dinem</em></span> <span class='ocrx_word' id='word_1_967' title='bbox 1366 3465 1439 3504; x_wconf 82' lang='lat' dir='ltr'><em>alibi</em></span> <span class='ocrx_word' id='word_1_968' title='bbox 1443 3465 1526 3507; x_wconf 73' lang='lat' dir='ltr'><em>forte</em></span> <span class='ocrx_word' id='word_1_969' title='bbox 1547 3471 1740 3514; x_wconf 74' lang='lat' dir='ltr'><em>nequiverint</em></span> <span class='ocrx_word' id='word_1_970' title='bbox 1761 3466 1906 3503; x_wconf 78' lang='lat' dir='ltr'><em>commode</em></span> <span class='ocrx_word' id='word_1_971' title='bbox 1915 3462 2053 3497; x_wconf 74' lang='lat' dir='ltr'><em>collocari</em></span> <span class='ocrx_word' id='word_1_972' title='bbox 2066 3483 2076 3497; x_wconf 80' lang='lat'>‚</span> <span class='ocrx_word' id='word_1_973' title='bbox 2103 3469 2141 3492; x_wconf 70' lang='lat' dir='ltr'><em>ne</em></span> 
     </span>
    </p>
   </div>
   <div class='ocr_carea' id='block_1_12' title="bbox 2004 3507 2143 3557">
    <p class='ocr_par' dir='ltr' id='par_1_39' title="bbox 2004 3507 2143 3557">
     <span class='ocr_line' id='line_1_136' title="bbox 2004 3507 2143 3557; baseline 0.007 -1"><span class='ocrx_word' id='word_1_974' title='bbox 2004 3507 2091 3556; x_wconf 60' lang='lat' dir='ltr'><em>sm?</em></span> <span class='ocrx_word' id='word_1_975' title='bbox 2140 3555 2143 3557; x_wconf 85' lang='grc'><em>,</em></span> 
     </span>
    </p>
   </div>
  </div>
 </body>
</html>
