2366 3736
147 3163 225 3202 Lib.
244 3174 263 3211 3

142 3213 205 3261 Er·
243 3223 263 3265 3

319 83 324 88 -
389 119 491 174 3156

976 113 1616 163 D1ssna'rarro

342 197 468 233 <nalem
488 194 773 233 emendationem.
804 190 914 228 Etiam
928 196 1069 238 respestti
1080 196 1242 242 gravium
1289 200 1405 237 corpus
1427 195 1560 239 ejusdem
1581 199 1726 235 Martyris
1749 197 1913 239 viderunt,
1937 199 2023 241 quod
2039 199 2170 232 minime*

343 247 520 283 criminum
538 270 549 287 ,
572 258 642 288 quae
653 246 808 278 Canones
818 244 978 279 damnant
993 246 1033 279 ad
1047 246 1243 281 solemnem=
1282 244 1684 291 tangerepraesumpserunt,
1709 259 1810 280 omnes
1826 253 1910 280 intra
1921 250 2018 283 decem
2037 250 2101 283 dics
2114 250 2163 282 de·
2198 271 2203 281 s

343 298 572 342 poenitentiam
588 294 766 332 -Obtinere
780 295 813 329 id
829 294 898 329 vult
911 294 944 328 in
957 295 1029 341 ipso
1040 297 1137 334 eriam
1154 297 1228 342 Epi·

341 349 397 386 seo
421 359 462 384 ο,

390 358 542 433 δΡεσυηάὸ
557 394 662 431 sanxit
676 419 687 438 ‚
697 405 734 430 ut
748 394 927 439 Episcopus
939 395 1103 431 subditum
1117 398 1222 440 sunm,

338 459 437 494 quern
459 446 533 480 talis
554 444 701 482 criminis
713 457 803 482 reum
817 445 910 479 novit
923 470 933 486 ,
961 449 1168 494 aggrediatur
1180 450 1222 481 se-

336 498 431 534 cretis
451 495 712 541 correptionibus
723 497 757 529 ὅ(
770 496 1088 533 comminationibus
1102 522 1112 538 ‚
1124 510 1220 539 atque

334 549 381 584 ita
403 557 540 583 conetur
552 557 739 590 permovere
750 546 790 580 ad
803 546 1040 588 suscipiendam
1054 549 1219 591 publicam

334 598 562 644 paenitentiam
574 621 581 629 .
608 596 732 634 Tertio
744 621 754 636 ,
766 606 801 631 ut
817 597 1001 640 Episcopus
1014 622 1024 636 ,
1040 598 1096 641 qui
1109 610 1218 642 quem-

331 650 425 695 piam
447 647 528 682 velit
551 648 692 684 invitum
717 648 759 680 eo
778 657 916 690 cogere,
943 648 1022 681 sciat
1034 649 1066 682 se
1076 646 1214 693 obligari

330 698 372 736 ad
396 697 502 744 Leges
527 697 787 735 Accusantium,
815 697 956 740 ideoque
978 697 1010 733 ὅ(
1034 698 1074 731 ad
1086 699 1213 741 plenam

330 749 562 792 probationem
574 772 583 783 ,
612 747 745 782 Etenim
766 748 812 782 fas
825 770 836 786 ‚
863 748 918 781 seu
930 749 1135 782 necessarium
1146 751 1190 782 est
1204 775 1214 791 ,

328 809 365 834 ut
386 811 457 842 quae
474 800 530 834 uni
544 798 741 842 probantur,
768 796 946 840 probentur
972 798 1004 832 &
1027 799 1182 833 omnibus
1205 825 1212 835 ,

329 849 460 895 Quarto
473 874 483 889 ,
494 848 582 892 quod
597 858 667 883 reus
683 858 749 882 non
763 857 911 882 teneatur
923 848 1127 891 semetipsum
1142 860 1212 893 pro-

326 901 402 934 dere
423 923 434 940 ,
461 900 513 932 sed
547 897 640 940 poffit
662 897 697 933 in
721 897 971 932 Communione
995 909 1182 942 permanere
1202 912 1210 935 2

328 949 460 994 Utique
471 949 505 981 in
519 947 738 985 Confistentia
753 971 761 981 .
793 947 924 996 Qinto
935 971 946 989 ,
973 948 1064 992 quod
1080 949 1211 995 Episco-

326 1010 392 1042 po,
419 999 495 1035 licet
518 999 682 1042 perperam
706 998 739 1031 &
760 998 929 1031 temerarie
940 999 1106 1034 accusanti
1120 1024 1131 1042 ‚
1157 1001 1209 1034 de·

331 1048 443 1086 beatur
453 1049 581 1094 aliquid
594 1048 798 1083 reverentiae:
827 1048 928 1097 Qod
946 1048 1108 1092 reusssle,
1130 1051 1206 1085 licet

326 1100 539 1133 indemnatus
561 1098 680 1136 debeat
701 1098 742 1132 ad
766 1109 894 1141 tempus
918 1099 1064 1133 secedere
1085 1124 1092 1132 .
1124 1100 1204 1136 Non

320 1148 343 1185 ἡ
368 1149 586 1187 Confistentia
606 1173 617 1189 ,
645 1148 698 1184 fed
720 1148 738 1181 a
759 1148 826 1183 sola
850 1148 1055 1185 perfectione
1079 1162 1086 1183 :
1125 1150 1206 1185 Hoc

322 1199 369 1235 est
388 1222 398 1239 ‚
425 1199 443 1234 a
467 1192 535 1232 sola
559 1198 735 1234 oblatione
752 1197 794 1232 ad
823 1198 976 1243 Episcopi
1001 1210 1119 1234 manus
1139 1224 1149 1241 ,
1172 1201 1204 1237 ἀ

269 1260 272 1263 ¹
322 1249 341 1286 a
362 1248 495 1293 publica
522 1246 708 1293 sumptione
735 1248 936 1284 sacrosancti
961 1248 1133 1295 Mysterii.

369 1299 546 1336 canonem
567 1300 612 1336 ita
632 1299 775 1343 exponit
789 1298 935 1343 Magnus
949 1299 1130 1336 Gallicanae
1143 1301 1202 1335 Ec-

317 1349 416 1383 clefiae
429 1350 578 1391 Doeor,
605 1348 739 1386 Gabriel
763 1347 1008 1392 Alba-spinaeus
1033 1374 1044 1391 ‚
1071 1350 1202 1393 Episco-

321 1411 380 1441 pus
405 1395 649 1438 Aurelianensis·
666 1426 674 1435 .
702 1398 812 1444 Major
836 1399 869 1433 in
897 1399 1008 1437 ,Gallia
1031 1400 1202 1445 Episcopis

317 1451 380 1487 fuit
395 1451 594 1491 reverentia,
623 1447 911 1494 quaminAfrica.
940 1449 1099 1487 Narnrhic
1112 1453 1195 1486 sece-

314 1502 413 1542 dere,
440 1501 474 1536 in
491 1501 603 1538 Africa
617 1510 781 1535 remanere
793 1499 924 1544 jubetur
969 1500 1064 1547 Qid
1086 1512 1196 1537 autem
1223 1517 1224 1524 ¹

314 1551 376 1590 fit,
401 1551 434 1587 ὅς
457 1551 630 1593 quomodo
655 1549 910 1593 intelligendum
938 1572 949 1589 ‚
974 1551 1064 1593 quod
1084 1550 1198 1585 eodem

315 1610 462 1642 tempore
476 1600 616 1639 secedit,
641 1600 675 1632 δε
692 1599 725 1632 in
741 1599 992 1633 Communione
1002 1611 1169 1643 permanet
1181 1603 1199 1637 ἓ

315 1651 350 1683 Δ.
371 1650 474 1686 Sacris
496 1650 531 1683 ἀ
556 1646 760 1684 Eucharistia
771 1647 884 1691 aliquo
897 1658 1044 1692 tempore
1056 1662 1198 1687 remove·

315 1698 410 1734 batur
420 1721 432 1737 ‚
457 1699 492 1734 &
504 1697 659 1740 Episcopi
669 1697 876 1739 conspessum
889 1698 1033 1735 vitabat:
1062 1700 1141 1735 Hoc
1153 1702 1196 1734 est

315 1747 462 1783 secedere
473 1771 481 1782 .
502 1747 635 1783 Caeteris
649 1756 758 1783 tamen
771 1745 960 1786 Fidelibus,
989 1757 1197 1791 praeterquam

313 1797 502 1841 Episcopo,
523 1795 791 1833 communicabat
811 1818 823 1837 ,
848 1795 883 1831 ὃ(
904 1794 1092 1830 Christiana
1112 1801 1197 1830 Com-

312 1854 446 1884 munione
457 1849 641 1883 &Societate
650 1845 831 1891 fruebatur,
861 1844 1009 1888 Respicit
1022 1845 1111 1881 hunc
1123 1848 1197 1882 Car·

311 1897 539 1944 thaginensem
553 1898 726 1933 Canonem
740 1909 748 1932 ;
777 1897 938 1938 siquando
948 1895 1113 1940 Episcopus
1125 1898 1198 1931 dicit

312 1949 444 1993 aliquem
459 1947 515 1989 fibi
532 1946 588 1990 soli
606 1953 763 1992 proprium
778 1951 890 1983 crimen
904 1945 997 1990 fuiffe
1015 1947 1098 1988 conse
1122 1960 1170 1981 um
1189 1972 1199 1987 ‚

311 2007 404 2043 atque
423 1999 471 2035 ille
484 2007 569 2042 neget
582 2022 592 2038 ,
619 2010 676 2033 non
694 2006 785 2040 putet
803 1998 847 2030 ad
866 1998 1010 2037 injur-iam
1023 1995 1112 2039 fitam
1122 2001 1198 2041 Ept-

307 2048 414 2097 scopus
433 2043 611 2090 pertinere,
637 2049 717 2093 quod
738 2048 784 2081 illi
798 2046 855 2089 solt
879 2058 936 2081 non
959 2049 1091 2082 creditur
1111 2073 1122 2091 ‚
1149 2048 1201 2090 etfi

309 2098 452 2147 scrupulo
473 2102 606 2142 propriae
632 2096 816 2141 conscicntia
837 2095 973 2143 sedicit,
1001 2104 1122 2140 negant}
1135 2101 1193 2132 nol-

268 2188 275 2193 *
311 2151 339 2186 le
359 2155 591 2185 communicare.
621 2148 652 2185 Α
672 2147 806 2194 proprio
824 2149 1011 2189 accusatus,
1038 2148 1126 2184 &ad
1138 2160 1194 2192 pu-

313 2199 433 2235 blicam
457 2200 686 2244 poenitentiam
709 2196 891 2242 postulatus
904 2198 1007 2237 Afer.
1037 2199 1196 2234 licetreus

313 2251 411 2294 effer,
439 2261 499 2284 nee
522 2250 613 2285 fateri
638 2248 796 2288 debebat,
825 2259 885 2282 nec
896 2248 937 2282 ad
951 2259 1157 2285 momentum
1179 2250 1196 2284 a

314 2300 430 2342 quavis
446 2298 697 2334 Communione
708 2298 870 2335 secedere.
898 2297 960 2334 Per
972 2297 1065 2334 istam
1077 2299 1195 2346 agendi

313 2347 560 2385 contumaciam
581 2347 780 2395 quandoque
802 2359 934 2389 peccare
948 2357 1098 2390 poterat,
1125 2360 1194 2393 pec-

313 2410 386 2436 care
408 2398 488 2434 item
508 2407 635 2441 peterat
647 2395 839 2433 sinedebitis
850 2398 956 2432 forsan
969 2409 1196 2440 praeparamen-

314 2451 356 2484 tis
374 2447 577 2491 suscipiendo
591 2445 830 2482 Eucharistiam
844 2470 852 2478 .
877 2446 1036 2482 Attamen
1050 2448 1129 2482 citra
1141 2449 1195 2483 cri-

314 2510 390 2537 men
413 2508 538 2545 poterat
550 2497 722 2533 confistere
733 2520 744 2539 ,
770 2497 803 2532 &
814 2496 900 2532 solus
911 2497 997 2539 apud
1010 2498 1196 2532 Dominum

314 2550 427 2587 Deum
448 2559 507 2591 pro
534 2549 594 2585 suo
618 2547 764 2586 facinore
788 2546 984 2590 antflagitio
999 2547 1193 2582 satisfacere.

314 2598 461 2637 Proinde
480 2598 614 2640 antiqua
637 2597 671 2634 ἃ
686 2597 861 2634 Gallorum
877 2597 910 2633 ὅτ
924 2595 1080 2632 Afrorum
1095 2597 1198 2636 Disci-

314 2649 404 2699 plina
422 2648 571 2684 occultos
595 2658 777 2690 peccatores
790 2659 857 2685 non
871 2647 1069 2683 excludebat
1090 2647 1131 2684 ab
1142 2659 1196 2682 au-

313 2698 440 2736 diendo
453 2697 621 2734 sacrificio
633 2698 666 2734 &
679 2696 887 2738 suscipiendo
901 2698 1110 2734 Sacrosauuo
1122 2698 1195 2742 My-

314 2749 412 2788 sserio
425 2773 433 2787 .
462 2747 653 2791 Nequidem
665 2747 823 2788 suspectos
835 2771 847 2788 ,
873 2745 977 2781 immo
988 2759 1047 2782 nec
1056 2747 1098 2784 ab
1123 2748 1197 2791 Epi-

313 2801 415 2843 scopo
426 2798 594 2837 accusatos
609 2796 804 2834 excludebat
818 2821 828 2841 ,
855 2794 908 2834 sed
930 2797 1018 2836 solos
1027 2798 1196 2836 convistos

313 2859 371 2889 aut
383 2846 563 2892 spontanee
572 2847 753 2884 confessos.

365 2898 471 2937 Aliud
488 2897 631 2941 ejusdem
652 2897 823 2939 scriptoris
845 2896 1087 2942 Argumentum
1109 2898 1195 2933 desu-

314 2950 416 2985 mitur
437 2960 478 2985 ex
495 2948 600 2985 Sacris
612 2949 804 2985 §aneorum
817 2947 998 2991 Reliquiis,
1025 2959 1104 2994 quas
1113 2949 1194 2985 anti-

316 3009 380 3042 qua
393 2999 581 3041 Disciplina
594 3008 653 3034 nec
670 2997 770 3033 videri
785 2996 983 3041 patiebatur,
1010 3009 1071 3031 nec
1083 2999 1173 3043 tangi
1184 3025 1191 3034 .

314 3048 451 3086 Etenim
473 3048 674 3087 Constantiae
696 3046 896 3090 Imperatrici
919 3045 960 3083 ad
979 3046 1192 3084 dedicandam

314 3109 437 3135 novam
462 3097 497 3132 in
519 3098 626 3141 Regia
648 3097 792 3132 Civitate
824 3096 1194 3140 Basilicam-postulanti

314 3148 508 3193 Reliquias,
531 3147 687 3190 rescripsit
701 3147 1050 3193 MagnusGregorius:
1079 3149 1195 3184 51:71⁶?ae

317 3201 468 3235 Memoria
496 3198 623 3240 Deceffor
650 3209 758 3239 meus,
783 3200 828 3233 ad
852 3201 969 3239 Corpus
994 3200 1020 3234 ἱ.
1036 3201 1194 3233 Laurentii

315 3251 458 3293 Martyris
469 3249 609 3290 quaedam
621 3249 773 3281 meliorare
785 3247 957 3289 defideranr
969 3272 979 3286 ‚
1006 3249 1079 3282 dum
1100 3247 1193 3291 nesci·
1216 3271 1219 3273 <

315 3307 388 3340 tur,
413 3299 464 3334 ubi
490 3297 663 3335 Venerabile
683 3296 770 3338 ipsius
782 3302 895 3339 Corpus
920 3298 984 3340 esset
1010 3299 1195 3336 collocatum,

316 3349 351 3382 o
382 3349 517 3388 effoditur
538 3348 718 3392 exquirendo
739 3371 751 3386 ,
773 3347 871 3389 subito
892 3346 1081 3390 sepulchrum
1107 3347 1192 3390 ipsius

314 3403 487 3443 ignoranter
505 3406 638 3441 apertum
654 3397 710 3437 est.
739 3400 783 3432 Et
793 3403 836 3438 ii,
862 3404 913 3440 qui
931 3396 1093 3440 praesentes
1105 3394 1211 3445 erant}

316 3457 404 3496 atque
423 3447 598 3487 laborabant
609 3446 785 3494 ,monachi
811 3450 845 3487 <a
871 3447 1060 3494 ,Manfionarii
1081 3472 1092 3493 ,
1121 3453 1210 3496 quia,

1272 296 1379 339 funffl
1393 296 1481 340 sunt,
1510 303 1555 329 ita
1568 306 1602 331 ut
1613 298 1708 332 nullus
1724 304 1799 331 vitae
1806 296 1944 341 supertffe
1964 301 2094 344 potuiffet
2108 303 2163 342 qul

1275 344 1414 390 sant‘lum
1426 349 1506 382 illius
1510 350 1542 394 J
1547 346 1597 388 usti
1615 351 1731 389 corpus
1746 348 1868 382 viderat
1885 372 1893 380 .
1922 349 2072 384 Affirmat
2082 351 2163 384 San·

1280 398 1405 431 storum
1419 399 1568 441 Corpora
1587 409 1654 431 non
1668 396 1774 433 solum
1790 408 1855 431 non
1881 399 1973 442 tangi
1988 422 1999 438 ,
2026 400 2077 434 sed
2091 407 2160 434 nec

1279 447 1378 482 videti
1392 448 1481 491 posse
1492 473 1501 483 ‚
1528 448 1636 482 Demo
1643 448 1687 479 nst
1694 458 1739 481 rat
1758 447 1842 483 hanc
1854 448 2006 495 Ecclesiae
2018 448 2159 492 discipli-

1279 508 1355 533 nam
1379 499 1441 534 ess'e
1461 498 1479 533 a
1491 498 1615 534 Divina
1630 496 1798 545 MaJeQare
1809 499 1891 532 olim
1902 499 2132 533 confirmatam
2147 523 2158 540 ,

1276 559 1312 581 ac
1332 548 1514 583 etiamnum
1536 549 1723 583 confirmari
1751 548 1862 583 multis
1888 550 2082 584 Miraculis.
2113 550 2159 586 Et

1274 597 1361 633 certe
1388 598 1477 640 plura
1499 599 1570 634 sunt
1589 597 1770 633 istiusmodi
1799 599 1964 641 exempla,
1989 599 2023 634 δε
2050 601 2156 643 plures

1275 649 1430 682 Canones
1454 649 1603 683 sanciunt
1631 648 1825 681 Sanctorum
1835 649 1982 692 Corpora
2007 661 2064 683 aut
2086 651 2154 685 offa

1274 709 1342 731 non
1363 698 1490 742 exponi
1517 696 1603 731 nuda
1627 698 1658 731 in
1675 697 1842 739 Eoe1efiis,
1869 700 1923 734 sed
1944 700 2024 734 testa
2049 699 2155 736 thecis

1273 758 1329 782 aut
1354 748 1428 783 aliis
1451 748 1685 782 velaminibus.
1716 749 1762 782 At
1776 747 1852 783 vero
1864 750 2068 784 Sacrosaneta
2091 751 2153 786 Eu·

1272 797 1419 832 charistia
1442 798 1486 833 est
1513 797 1748 834 omnibusistis
1763 798 1862 843 longe
1874 799 2031 834 sanctior:
2059 800 2151 847 Ergo

1272 847 1371 892 longe
1392 847 1499 884 minus
1527 848 1623 893 poffit
1641 849 1733 892 tangi
1747 859 1804 883 aut
1822 849 1940 882 videri,

1319 897 1518 943 Respondeo
1542 910 1603 934 nos
1617 898 1658 934 ab
1672 899 1733 932 isto
1747 898 1943 943 argumento
1965 901 2039 944 cogi
2049 899 2089 933 ad
2101 899 2155 934 de·

1273 948 1347 987 via,
1371 949 1511 992 ideoque
1535 949 1590 993 ipfi
1615 960 1683 983 non
1713 951 1800 992 posse
1818 961 1887 982 non
1904 950 2003 984 inesse
2015 951 2153 984 vitium.

1273 998 1404 1033 Etenim
1425 998 1606 1043 Gregorius
1625 999 1746 1044 pergit:
1774 1003 1810 1033 In
1822 1003 1966 1032 Romanis
1989 1001 2041 1034 vel
2058 1006 2150 1036 totius

1266 1049 1439 1082 Occidentis
1461 1048 1604 1083 Partibus
1640 1052 1757 1083 omnino
1789 1050 1974 1083 intolerabile
1996 1049 2035 1088 est
2058 1058 2149 1092 atque

1260 1097 1458 1142 sacrilegum,
1479 1098 1509 1141 fi
1523 1099 1694 1133 ,ramorum
1718 1102 1848 1141 Corpora
1858 1110 1980 1143 tangere
1989 1098 2148 1143 quisquam

1257 1149 1392 1194 fortasse
1415 1149 1558 1184 voluerit.
1586 1146 1959 1193 Quodfipraesumpftrit,
1985 1159 2100 1184 certum
2113 1148 2152 1192 eff

1262 1205 1334 1243 quia
1353 1198 1417 1235 baec
1435 1205 1589 1235 temeritas
1611 1205 1758 1243 impunita
1781 1201 1859 1233 nullo
1879 1201 1962 1231 modo
1984 1199 2117 1232 manebit
2141 1223 2151 1234 .

1266 1251 1307 1284 Et
1331 1249 1371 1284 ad
1394 1250 1554 1285 Carolum
1577 1249 1741 1295 Magnum
1767 1249 1968 1284 Francorum
1988 1248 2114 1293 Regem
2141 1271 2156 1291 ,

1262 1300 1396 1342 aliquod
1417 1300 1562 1335 sancium
1585 1299 1714 1345 Corpus
1737 1299 1778 1332 ad
1804 1301 1836 1333 se
1857 1299 2033 1332 transmitti
2046 1297 2155 1342 postu·

1261 1350 1383 1385 lantem
1399 1350 1553 1393 rescripsit
1565 1348 1731 1385 Adrianus
1743 1349 1870 1384 Primus
1887 1348 2062 1383 Pontifex:
2090 1350 2152 1382 Sed

1261 1411 1345 1441 nos,
1358 1398 1429 1443 ficut
1436 1402 1508 1443 jam
1526 1400 1640 1435 dudam
1660 1400 1746 1435 vobis
1769 1401 1900 1433 diximus
1919 1408 1975 1441 per
1994 1399 2156 1432 revelatio*

1261 1462 1328 1484 nem
1348 1456 1471 1494 territt,
1499 1451 1582 1484 nullo
1603 1451 1686 1484 modo
1696 1450 1836 1484 audemus
1848 1460 1886 1483 ex
1898 1449 1962 1491 ipfir
1974 1448 2155 1483 Sandorum

1261 1501 1439 1543 corporibus
1461 1502 1591 1543 amplias
1610 1502 1687 1543 quid
1713 1508 1884 1544 exagitare.
1914 1499 2046 1543 Nempe
2067 1499 2152 1533 anti-

1258 1562 1356 1594 quam
1370 1551 1497 1587 Latinae
1511 1546 1766 1586 Christianitatis
1787 1550 1940 1593 pietatem
1963 1551 2152 1593 spernentes

1260 1600 1421 1644 prophani
1444 1600 1659 1645 Longobarbi
1681 1611 1828 1644 ceperant
1851 1597 2042 1638 extrahere,
2068 1598 2155 1634 visu-

1259 1662 1322 1693 que
1342 1663 1380 1685 ac
1404 1654 1490 1686 tadlu
1505 1651 1659 1686 invadere
1672 1650 1864 1696 Reliquias,
1890 1651 1924 1684 r&
1944 1648 1963 1683 ὲ
1991 1649 2154 1702 Romano

1259 1701 1358 1735 Clero
1379 1701 1512 1742 quidam
1531 1703 1765 1742 aflumpserant
1788 1700 1936 1737 eamdem
1958 1699 2113 1733 fiduciam
2141 1717 2154 1732 .·

1262 1752 1303 1783 Et
1322 1749 1428 1793 ipsam
1451 1749 1555 1784 sciens
1566 1748 1713 1792 Magnus
1723 1750 1863 1782 Carolus
1886 1750 2031 1789 praefatas
2041 1758 2151 1791 preces

1261 1797 1405 1831 Romam
1419 1799 1505 1830 misit
1516 1819 1526 1829 .
1554 1796 1821 1831 verum-Divino
1831 1797 2042 1832 Providentia
2053 1798 2154 1831 inter·

1260 1847 1343 1883 cessit
1359 1870 1370 1886 ,
1398 1847 1430 1879 ὅ(
1445 1845 1649 1880 Miraculosis
1660 1844 1842 1879 honoribus
1855 1847 2013 1890 reparavit
2025 1846 2154 1882 avitam

1261 1897 1294 1930 in
1321 1898 1434 1931 Sacras
1455 1896 1625 1939 Reliquias
1653 1896 1868 1930 reverentiam
1886 1919 1894 1929 ,
1922 1896 2039 1938 Et‘per
2064 1896 2155 1939 ipso·

1261 1946 1429 1982 Adrianus
1443 1945 1601 1981 Pontifex
1609 1946 1740 1990 optimo
1751 1946 1837 1990 Regi
1851 1945 2003 1979 satisfecit
2013 1970 2021 1979 ‚
2036 1945 2152 1980 Proin·

1261 1997 1300 2032 de
1313 1998 1503 2032 Sanctorum
1517 1996 1682 2031 Cadavera
1696 1996 1778 2030 olim
1792 2005 1972 2042 numquam
1985 1995 2153 2030 uideriaur

1260 2047 1351 2093 tangi
1376 2057 1545 2091 poterant.
1575 2046 1626 2081 Ex
1649 2047 1739 2081 nulla
1761 2047 1873 2081 causa.
1902 2046 1975 2081 Nec
1999 2057 2054 2089 per
2065 2044 2150 2088 ipsos*

1265 2098 1437 2133 Sacrorum
1451 2097 1614 2133 Custodes
1625 2108 1682 2131 aut
1693 2097 1870 2132 Curatores
1895 2095 2040 2130 Clericos
2052 2119 2059 2127 .
2086 2095 2151 2132 lav·

1261 2147 1317 2181 mo
1342 2160 1402 2182 nec
1426 2158 1479 2191 per
1494 2148 1671 2190 Episcopos
1683 2157 1738 2181 aut
1751 2146 1854 2190 ipsum
1869 2145 2009 2189 Papam.
2035 2146 2153 2192 Qare

1261 2199 1281 2232 si
1303 2196 1414 2232 eadem
1435 2197 1473 2231 fit
1500 2196 1709 2233 Eucharistiae
1730 2197 1834 2238 ratio,
1859 2197 1949 2231 vides
1971 2196 2038 2239 quo
2050 2197 2150 2230 ducad

1262 2258 1349 2284 mur.
1380 2249 1427 2282 At
1441 2247 1540 2291 longe
1552 2248 1614 2281 alia
1626 2246 1720 2291 ipsius
1733 2271 1743 2288 ‚
1758 2246 1858 2291 longe
1872 2247 1934 2282 alia
1943 2247 1988 2280 est
2000 2246 2086 2280 ratio
2105 2246 2150 2280 sa·

1261 2309 1388 2334 eratum
1409 2297 1635 2341 Reliquiarum
1652 2321 1658 2328 .
1686 2298 1749 2332 Hae
1762 2308 1900 2340 namque
1913 2298 1986 2331 sunt
2005 2295 2149 2331 humana

1262 2348 1415 2383 cadavera
1435 2349 1468 2384 r&
1488 2349 1575 2387 ossa,
1601 2348 1741 2391 ideoque
1764 2357 1881 2382 terram
1890 2355 1947 2380 aut
1956 2346 2042 2380 certe
2052 2355 2152 2389 tegu-

1263 2409 1336 2431 men
1350 2398 1496 2442 diligunt
1507 2422 1518 2439 ‚
1547 2398 1696 2434 aversatae
1707 2407 1842 2431 omnem
1855 2395 1999 2429 visum&
2010 2397 2148 2429 tactum.
2166 2419 2168 2421 .

1268 2448 1407 2491 Antiqui
1423 2447 1583 2495 AEgyptii
1595 2446 1749 2482 cadavera
1764 2457 1831 2479 non
1844 2444 2056 2479 intra-terram
2069 2469 2081 2483 ,
2094 2445 2149 2479 sed

1264 2497 1353 2539 super
1377 2498 1507 2533 scamna
1525 2496 1698 2536 locabant,
1725 2496 1866 2538 exposita
1878 2494 2001 2528 oculis:
2030 2494 2077 2527 At
2091 2505 2150 2527 ve-

1263 2546 1298 2581 ro
1317 2557 1444 2581 morem
1465 2546 1585 2586 istum,
1611 2558 1647 2582 ut
1669 2546 1865 2581 cadaverum
1887 2544 2073 2580 reverentiae
2093 2543 2150 2578 ad·

1264 2598 1388 2633 versum
1420 2595 1618 2638 improbavit
1641 2596 1673 2632 S.
1698 2594 1869 2630 Antonius
1895 2619 1905 2634 ‚
1942 2606 1980 2628 ar:
2000 2594 2150 2638 Magnus

1265 2646 1460 2682 Athanasius
1480 2645 1644 2681 abolevit.
1672 2644 1789 2682 Videri
1813 2645 1933 2688 poffint
1955 2645 1985 2678 S.
2002 2643 2150 2677 Athanaae

1262 2697 1322 2733 fius
1343 2697 1378 2732 in
1401 2696 1470 2731 vita
1491 2695 1676 2731 S-Antonii
1692 2719 1703 2736 ,
1729 2696 1844 2739 quinta
1863 2694 1987 2729 decima
1999 2694 2152 2729 Collatia

1263 2747 1398 2789 Ioannis
1419 2745 1584 2787 Caffiani,
1611 2747 1640 2781 S.
1652 2744 1830 2790 Sophronii
1851 2743 2044 2780 Patriarchae
2068 2743 2152 2780 Hie«

1262 2797 1489 2841 rosolymit-ani
1505 2795 1640 2832 Pratum
1664 2796 1829 2840 spirituale
1851 2820 1862 2836 ,
1898 2795 1931 2830 ἀ
1956 2796 1986 2829 S.
2011 2794 2150 2839 Ioannis

1261 2847 1455 2883 Damasceni
1475 2846 1577 2889 prima
1604 2847 1724 2883 Oratio
1745 2858 1803 2891 pro
1816 2845 1911 2880 sacris
1923 2843 2149 2889 Imaginibus..

1262 2897 1369 2932 Etiam
1399 2897 1603 2940 capitalium
1635 2896 1780 2931 Reorum
1806 2896 1971 2930 Cadavera
1995 2893 2152 2927 meliores<

1258 2948 1362 2990 Leges
1385 2946 1512 2982 humari
1535 2947 1713 2982 mandant.
1741 2947 1865 2984 Eorum
1881 2946 1914 2980 in
1926 2943 2077 2989 patibulis
2088 2954 2145 2978 aut
2175 2957 2177 2959 ¹

1259 2997 1339 3033 roris
1361 2996 1528 3034 derelictio
1538 2997 1583 3031 est
1598 2997 1740 3030 maxima
1762 3008 1857 3040 poena
1876 3006 1971 3038 atque
1989 2993 2150 3027 infamia.-

1264 3047 1405 3092 Aliqui,
1431 3059 1491 3081 nec
1512 3047 1577 3085 fine
1598 3046 1838 3087 fundamentis,
1864 3046 1994 3079 censent
2019 3043 2148 3076 ssarbav.

1258 3108 1329 3132 rum
1346 3118 1353 3128 ·
1366 3096 1479 3132 lsthaec
1491 3097 1669 3132 reverentia
1682 3097 1852 3138 praesertim
1864 3093 1999 3129 debetur
2009 3093 2143 3127 Sanao-

1258 3158 1328 3183 rum
1350 3147 1553 3192 Corporibus
1578 3148 1611 3181 ὅ(
1633 3146 1783 3184 ombus.
1807 3144 1899 3179 Hinc
1910 3143 1996 3176 avita
2008 3142 2150 3178 Latino-v

1256 3208 1326 3233 rum
1352 3198 1453 3238 pietas
1475 3209 1536 3232 nec
1550 3197 1653 3231 videri
1663 3197 1729 3239 ipsa
1743 3193 1949 3239 permittebat
1962 3217 1973 3235 ,
2000 3204 2060 3227 nec
2073 3202 2143 3225 tan·

1255 3248 1306 3291 gi.
1336 3248 1449 3293 Qare
1472 3247 1612 3283 nimium
1637 3244 1837 3280 inconcinne
1849 3242 2148 3279 hincratiocinaris

1255 3298 1294 3335 ad
1307 3297 1545 3332 sacrosanctam
1559 3295 1794 3331 Eucharistiam
1809 3317 1816 3325 .

1304 3348 1412 3390 Dico,
1442 3351 1536 3381 Avita
1563 3350 1740 3383 Latinorum
1753 3343 1854 3378 Pietas
1870 3366 1878 3376 .
1906 3342 2038 3377 Etenim
2053 3341 2151 3375 Grae·-

1254 3395 1284 3431 ci
1305 3398 1427 3440 semper
1438 3393 1620 3431 habuerunt
1634 3395 1733 3428 alium
1748 3405 1872 3428 morem
1885 3418 1893 3426 .
1922 3394 2014 3426 Hinc
2025 3391 2057 3424 in
2072 3390 2168 3424 lau·''

1255 3447 1338 3486 datis
1358 3445 1399 3483 ad
1420 3445 1673 3484 Constantinam
1685 3444 1924 3492 Imperatticetn
1936 3441 2053 3480 litteris
2066 3439 2147 3476 Ma*

2006 3499 2091 3539 gnus
