2366 3736
0 326 2 341 ᾖ
47 298 89 334 Li
117 323 125 332 .
149 309 201 336 12.

81 360 112 394 p.
148 358 200 387 ιο.

185 1916 189 1919 ’
217 1928 333 1952 contra
363 1929 443 1952 nos.

48 2334 122 2370 Lib.
138 2336 169 2371 6.

45 2385 106 2430 Ep.
146 2398 197 2424 11.-

686 155 1573 190 STA'BILITA.1
1906 165 2002 209 319

262 227 342 261 Hoc
364 221 467 267 ipsum
490 222 575 259 lucet
595 234 637 259 ex
658 224 720 271 alia
731 224 851 270 Magni
864 223 1014 269 Gregorii
1041 225 1081 260 ad

217 274 413 320 Stephanum
428 273 631 309 Chartularin
651 277 654 280 ’
678 314 682 317 Δ
733 274 849 311 istola.-
873 274 972 308 Abbas
983 277 1084 309 Mona-

214 321 292 368 flerii
312 327 340 358 5.
354 327 512 359 Laurentii
521 331 554 357 in
565 325 658 367 Maffa
669 348 679 362 ,
707 336 774 367 quae
799 327 909 359 dicitur
919 324 1081 366 Maratha,

215 377 313 420 affer-it
336 376 538 414 Presbyterum
551 374 710 416 praeduvae
724 375 825 419 Massae
837 387 932 409 novas
945 370 1080 415 Mona'ste-

213 426 258 460 r'io
278 425 334 468 ipsi
341 427 416 458 velle
427 431 574 469 imponere
583 423 801 467 eonsuetudines
812 451 823 466 ,
848 437 914 469 quae
926 437 965 458 ex
976 433 1084 466 tempo·

215 489 249 510 re
268 476 377 509 conditi
399 472 567 512 Monasteril
587 482 642 514 per
660 478 804 508 triennale
815 484 928 517 tempus
941 474 1083 508 Iauolenus

1143 212 1212 260 suin
1225 254 1234 261 .
1260 223 1394 259 Aliter&
1406 225 1536 268 privatis
1547 224 1728 267 outonis,
1755 225 1850 261 aliter
1861 229 1954 265 istam
1967 245 2022 268 ex.

1143 276 1235 310 clusit
1247 274 1264 308 ὲ
1275 274 1465 318 quibusdam
1477 276 1686 312 Monastcriis
1701 291 1712 311 .·
1740 277 1795 311 Ab
1807 277 1872 313 illis
1883 280 1926 313 ob
1937 282 2023 316 defe-

1143 329 1229 361 &um
1240 325 1409 371 dignitatis
1422 326 1454 358 in
1470 327 1545 359 loco
1558 351 1569 366 ‚
1581 326 1621 360 ab
1634 326 1685 361 his
1695 328 1739 362 ob
1754 328 1817 363 loci
1832 329 2020 364 libertatem.

1143 374 1246 411 Graeci
1267 373 1447 409 etiamnum
1469 375 1569 410 hodie
1591 377 1765 412 solemnem
1782 378 1934 423 Episcopi
1944 381 2024 416 Mis-

1143 427 1208 461 sam
1232 437 1298 458 non
1312 427 1503 468 permittunt
1515 426 1583 459 fieri
1598 427 1631 460 in
1645 428 1778 470 privatis
1790 430 1952 465 Oratoriis
1964 455 1972 464 .

1193 477 1275 510 Haec
1295 475 1408 508 omnia
1429 477 1666 509 confirmantur
1688 489 1731 511 ex
1752 480 1846 512 variis
1867 480 2024 515 libertati-

215 538 273 560 non
289 526 416 568 fuerunt
426 549 433 555 .
459 524 606 567 Siquidem
620 523 651 566 fi
657 528 732 567 quid
740 530 802 560 Deo
812 526 870 558 illic
880 525 1084 566 munificentiae

211 582 317 621 gratia
328 576 347 606 ἃ
356 573 493 616 fidelibus
508 578 588 606 Viris
597 573 725 608 oblatum
729 575 827 617 fuerit
837 600 847 616 ,
870 582 1030 616 portionem
1041 573 1084 618 as

212 624 326 671 sernse
337 624 441 657 debere
446 630 594 665 percipere
605 650 611 656 .
641 627 734 669 ‚Quod
744 627 916 669 Magnitudo
927 624 1021 665 vestra
1027 625 1087 665 slu-

215 677 287 709 drat
311 676 463 717 diligenter
486 673 637 716 agnofiere
650 699 657 707 .
685 674 817 717 Etfihoc
828 683 873 708 ita
885 676 922 707 ab
934 680 1019 708 initio
1031 686 1087 710 non

209 724 275 768 fuit
289 748 298 764 ,
324 729 413 757 etiam
431 724 599 757 labentibus
610 726 788 766 temporibus
811 727 896 759 aliud
907 730 1023 758 noviter
1035 729 1087 756 im-

210 780 285 818 poni
299 786 355 806 non
363 776 514 806 concedat.
544 777 628 818 ,Quia
639 778 770 809 maximi?
780 773 1087 819 exiguaesubstantiae,

215 821 251 858 ἐν
274 823 483 863 Monasterium
503 832 668 866 pauperum
679 826 730 868 effe
741 826 899 858 didicimus
912 848 923 863 ,
949 826 982 857 (τ
995 824 1088 856 Abba-

215 884 276 908 tem
296 872 388 916 ipsum
399 873 571 916 hospitalem
583 877 700 907 omnino
713 875 780 917 esse,
809 876 964 906 multorum
975 873 1089 913 attesta-

216 931 292 957 tione
317 926 474 956 didicimus
487 949 494 956 .
524 923 635 958 Palitm
647 924 715 966 agit
726 926 765 957 de
777 923 1012 959 oblationibus
1024 923 1089 956 fieri

216 974 379 1007 consuetis
396 974 428 1005 in
444 973 643 1006 Divinorum
657 973 950 1008 Administratione
962 998 969 1006 .
981 972 1092 1007 Proin·

216 1023 255 1057 de
268 1022 332 1056 haec
346 1022 444 1055 fiebat
456 1023 490 1056 in
512 1022 647 1056 Ecclesia
663 1023 868 1058 Monasterii.

270 1073 312 1106 Et
334 1071 412 1114 quid
433 1082 515 1114 opus
527 1072 660 1106 multis?
686 1072 906 1107 Assertioncm
928 1083 1032 1107 meam
1044 1072 1092 1106 fir-

217 1121 354 1157 miffime
375 1121 547 1156 stabiliunt
569 1124 709 1164 antiquae
731 1124 958 1158 Romanorum
973 1123 1088 1156 Statio-

217 1182 289 1205 nes.
317 1171 480 1205 Altiffime
507 1173 650 1206 clamant
675 1173 818 1216 publicas
831 1174 944 1208 Missas
955 1173 1092 1216 potuisse

1146 526 1204 560 bus
1213 525 1247 559 &
1260 524 1436 568 privilegiis
1445 549 1455 565 ,
1470 536 1539 567 quae
1552 527 1648 559 variis
1660 526 1868 563 Monasteriis
1881 531 1958 565 varii
1971 531 2026 565 de-

1145 576 1281 610 derunt.
1309 575 1548 618 Antiquiffimo
1558 576 1642 618 apud
1656 576 1786 622 Anglos
1798 578 2023 614 Glasconiensi

1147 624 1351 660 Monasterio
1372 624 1462 658 dedit
1482 626 1660 667 Imperator
1672 626 1837 661 Henricus
1851 630 1893 662 11.
1904 633 2024 664 sednec

1147 677 1257 718 aliquis
1279 677 1395 709 omnino
1416 674 1564 707 bominum
1575 681 1607 708 in
1620 675 1742 715 Ecclesia
1754 676 1914 721 Glasconiae
1928 691 1981 715 aut
1993 686 2025 715 ω

1149 725 1275 768 Infulis,
1301 726 1353 758 vel
1372 723 1521 764 Ecclesst's,
1549 735 1602 758 aut
1624 727 1756 767 Cupelli's
1772 726 1856 768 suis,
1884 740 2027 770 quacum·-

1150 787 1205 818 que
1228 786 1264 807 ex
1285 773 1372 817 causa
1380 772 1741 817 praesumat'Catbedram
1753 776 1953 819 Episcopalem
1971 778 2027 817 sta-

1151 835 1233 859 tuere
1248 848 1256 857 .
1282 824 1440 867 Diploma
1463 824 1567 858 exstat
1577 825 1662 868 apud
1673 825 1854 860 Nicolaum
1866 829 2029 871 Harpsfel-

1152 876 1243 909 dium
1256 898 1266 915 ,
1292 873 1561 909 Cantuariensem
1575 873 1900 918 Archi·Diaconum,
1928 877 1960 911 in
1982 876 2029 911 hi·
2049 875 2191 916 P.1.c.2.

1152 926 1250 958 storia
1278 923 1471 968 Anglicanae
1487 924 1645 959 Ecclesiae.
1675 926 1719 959 Et
1735 927 1775 960 de
1789 926 2032 962 scandalosain-

1154 986 1201 1009 ter
1221 973 1439 1017 Rudolpbum
1460 973 1691 1010 Turonensem
1715 975 2032 1021 Archi-Episcopum

1155 1037 1192 1059 ac
1205 1025 1422 1058 Guilielmum
1434 1023 1571 1067 Majoris
1583 1024 1774 1059 Monasterii
1788 1026 1950 1061 Abbatem
1973 1028 2031 1062 lite

1155 1075 1274 1118 scripsit
1294 1074 1334 1108 ad
1349 1072 1535 1109 paschalem
1559 1074 1600 1107 11.
1611 1074 1808 1110 Pontificem
1832 1078 1937 1112 S.1vo
1959 1078 2034 1122 Epi·
2063 1078 2100 1113 Ρ.
2130 1075 2208 1118 108.

1156 1127 1270 1168 scopus
1283 1124 1506 1159 Carnutensis:
1536 1126 1669 1167 Denique
1683 1125 1714 1166 fi
1727 1126 1844 1169 causam
1855 1126 1945 1168 buJ‘ur
1956 1139 2037 1162 accu-

1150 1174 1280 1218 sationis
1291 1173 1435 1218 inspicin's
1447 1199 1458 1214 ,
1485 1174 1640 1217 manifeste*
1645 1174 1729 1217 scitis
1738 1188 1796 1210 non
1812 1179 1932 1211 aliunde
1948 1190 2036 1212 exar-

216 1222 284 1256 fieri
294 1247 304 1262 ,
330 1222 363 1256 &
390 1222 483 1255 fnisse
495 1223 590 1255 fatias
603 1225 702 1256 etiam
716 1224 749 1258 in
766 1224 977 1258 Monasteriis
988 1248 995 1255 .
1009 1224 1093 1269 Qis
1149 1223 1208 1268 fisse
1219 1224 1302 1265 istam
1315 1225 1550 1267 malevolentiam
1562 1249 1573 1264 ,
1600 1224 1656 1266 nisi
1664 1226 1753 1265 inde,
1777 1229 1855 1269 quod
1861 1229 2037 1262 interdicen-

217 1273 306 1306 enim
329 1271 457 1315 ignoret
480 1273 646 1306 Romanas
659 1274 821 1309 stationes
843 1286 903 1308 nec
914 1274 1006 1307 factas
1019 1272 1092 1306 fuis-
1139 1251 1184 1308 lte
1204 1276 1288 1308 Sedis
1304 1275 1466 1316 Apostolisae
1480 1278 1599 1308 Decreta
1623 1286 1680 1307 non
1695 1277 1784 1317 potest
1797 1277 1964 1318 Turonensis
1987 1283 2039 1310 Ar-

217 1325 249 1355 se
263 1347 273 1363 ,
288 1333 346 1354 nec
358 1321 494 1364 potuisse
507 1323 574 1357 fieri
586 1324 648 1356 fine
661 1323 792 1366 publico
804 1323 968 1358 Sacrificio
984 1324 999 1354 ἒ
1012 1322 1094 1367 Qis
1155 1323 1383 1367 chi-Episcopus
1404 1329 1436 1357 in
1455 1326 1564 1364 Majori
1584 1325 1759 1364 Mon-isterio
1781 1327 1916 1366 publicas
1939 1327 2039 1370 Missas

217 1372 295 1405 item
320 1374 448 1415 ignoret
473 1371 561 1406 istius
578 1372 724 1407 Ecclesiae
737 1375 898 1408 Stationes
924 1385 989 1406 non
1004 1373 1093 1405 dum·
1157 1375 1302 1408 celebrare
1313 1396 1323 1408 .
1341 1373 1427 1408 Istud
1442 1373 1638 1417 Apostolicae
1652 1374 1743 1409 Sedis
1754 1377 1929 1410 Decretum
1942 1388 2044 1420 expo-

217 1432 305 1455 taxat
329 1422 361 1454 in
387 1421 514 1455 Titulis
534 1433 572 1456 ac
584 1423 759 1457 Diaconiis
778 1425 870 1457 fuisse
882 1422 1059 1456 celebratas
1085 1445 1095 1461 ‚
1161 1425 1209 1458 nit
1230 1424 1263 1456 in
1287 1423 1376 1457 istius
1395 1422 1462 1457 litis
1473 1424 1724 1458 Commentario
1747 1426 1889 1460 vetustus
1902 1437 1939 1459 ac
1952 1427 2044 1459 Ano-

216 1472 376 1505 sedetiam
391 1472 424 1503 in
437 1472 672 1505 Monasteriis?
701 1473 845 1508 Proinde
856 1472 1001 1516 publicas
1018 1471 1095 1504 Mis-
1163 1485 1282 1517 nymus
1293 1474 1385 1508 istius
1398 1472 1555 1507 Coenobii
1570 1473 1775 1508 Monachus:
1799 1479 1942 1510 Dominus
1954 1479 2043 1518 Papa

215 1522 264 1554 sas
286 1531 363 1554 tunc
375 1520 442 1553 illic
453 1521 571 1564 agebat
586 1522 742 1556 Pontifex
756 1548 766 1563 ,
792 1534 847 1556 aut
865 1523 933 1564 ejus
946 1521 1032 1555 vices
1046 1531 1096 1564 ge·
1161 1523 1364 1556 authorizavit
1380 1524 1574 1565 privilegium
1598 1523 1740 1564 nostrum,
1760 1525 1872 1567 scilicet
1887 1535 1920 1558 ut
1944 1527 2045 1558 nullus

215 1581 287 1605 rens
301 1570 496 1614 Episcopus.
521 1571 649 1615 Nempe
659 1574 770 1607 omnia
784 1573 812 1606 S.
825 1573 920 1606 Petro
936 1570 1098 1613 Apostolo
1163 1571 1371 1615 Episcoporum
1383 1595 1393 1609 ,
1413 1572 1510 1611 juxta
1521 1573 1599 1612 quod
1609 1574 1712 1605 beatus
1726 1575 1885 1616 Gregorius
1894 1573 2047 1615 probibet,

216 1631 253 1653 ac
269 1619 333 1662 ejus
360 1620 600 1655 Successoribus
632 1622 779 1661 subsunt,
809 1623 948 1665 ideoque
971 1620 1005 1653 hi
1031 1621 1096 1662 pos-
1163 1630 1194 1656 in
1220 1624 1303 1654 domo
1325 1623 1451 1662 Majoris
1465 1621 1633 1659 Monasteru
1651 1622 1801 1663 publicam
1814 1625 1970 1662 stationem
1981 1626 2050 1657 cele-

216 1671 249 1705 su
257 1680 291 1704 nt
303 1694 314 1709 ‚
341 1671 428 1712 quod
442 1670 515 1705 aliis
527 1671 727 1706 interdicunt
739 1670 908 1715 Episcopis
920 1694 930 1710 ,
957 1669 992 1702 in
1004 1669 1097 1703 omni
1163 1672 1250 1704 brare
1263 1672 1372 1705 audeat
1382 1695 1393 1710 ,
1417 1679 1539 1711 propter
1546 1669 1698 1713 servorum
1711 1674 1765 1705 Dei
1787 1675 2023 1716 inquietudinem
2037 1683 2046 1705 ·.

217 1718 424 1754 Monast'erio
448 1721 535 1754 suam
560 1720 684 1765 erigere
698 1721 921 1760 Cantherium,
948 1719 980 1753 &
998 1719 1099 1762 publi·
1167 1724 1249 1755 Ecce
1262 1721 1388 1764 publica
1402 1721 1497 1754 Missa
1519 1719 1815 1756 confunditurcum
1839 1723 1969 1766 publica
1991 1723 2049 1758 ssa·

216 1780 288 1803 cam
314 1768 565 1812 Episcopalem,
591 1781 661 1813 quae
681 1772 746 1804 fine
768 1771 827 1803 ista
849 1770 1011 1804 ereffione
1031 1767 1098 1801 fieri
1147 1771 1276 1806 ftione.
1303 1769 1390 1803 lstud
1414 1769 1605 1811 opusculum
1628 1770 1816 1806 Franciscus
1828 1773 1955 1816 Jutetus
1966 1774 2049 1807 affir-

217 1830 287 1853 non
307 1818 412 1862 potest
431 1843 442 1858 ‚
468 1818 599 1852 Missam
625 1819 785 1853 celebrare
799 1845 806 1852 .
834 1819 944 1865 Qate
963 1817 1098 1850 adducta
1146 1810 1232 1856 imat
1251 1819 1377 1853 exstare
1390 1819 1422 1851 in
1439 1818 1644 1853 Bibliotheca
1657 1820 1825 1855 Laurentii
1839 1820 2010 1856 Bouchelfi
2035 1846 2048 1863 ,

217 1870 330 1912 magni
354 1869 507 1912 Gregorii
519 1868 726 1922 Testimonia
741 1870 814 1903 sunt
827 1881 884 1913 pro
896 1866 1011 1909 nobis,
1031 1877 1098 1901 non
1165 1867 1331 1903 Advocati
1344 1867 1537 1901 Parifienfis.
1565 1868 1691 1903 Eodem
1704 1870 1737 1903 in
1750 1872 1882 1906 cardine
1893 1872 2048 1915 pependit

1148 1920 1222 1962 ,Lis
1243 1921 1325 1953 inter
1348 1917 1580 1952 pictaviensem
1605 1919 1801 1963 Episcopum
1823 1933 1862 1956 ac
1879 1922 1909 1956 S.
1924 1922 2048 1956 Hilarii

1148 1966 1405 2008 lMonasterium
1428 1992 1438 2009 ‚
1475 1967 1579 2002 decisa
1601 1980 1656 2012 per
1676 1969 1874 2016 Gregorium
1900 1971 1974 2006 Vll.
2001 1973 2045 2006 Et
2066 1978 2138 2014 Lib,
2162 1992 2193 2019 1,

1148 2010 1372 2072 JPrivilegim
1398 2016 1487 2060 quod
1515 2018 1679 2053 Carofenfi
1691 2020 1897 2056 Monasterio
1917 2022 2005 2056 dedit
2031 2046 2042 2063 ,
2067 2029 2125 2074 Ep,
2162 2034 2221 2081 54·

1148 2073 1152 2091 ‘
1166 2069 1375 2103 Innocentius
1388 2067 1441 2099 111.
1455 2068 1587 2102 inseruit
1600 2067 1687 2103 hunc
1697 2071 1869 2109 articulum
1884 2075 1955 2105 :Ne
1966 2075 2043 2106 Dioe-
2065 2080 2138 2115 Lib,
2162 2093 2194 2117 2.

1148 2092 1229 2155 icen
1248 2116 1410 2161 Episcopus
1423 2141 1433 2156 ,
1461 2116 1516 2157 nisi
1525 2117 1562 2149 ab
1577 2119 1690 2153 abbate
1701 2126 1852 2155 invitatus
1863 2122 1956 2159 fuerit
1970 2146 1981 2162 ,
2007 2128 2040 2155 in
2066 2130 2124 2176 ΕΡ,
2163 2135 2215 2174 ¹3,

1148 2170 1151 2188 ἱ
1165 2169 1263 2202 eodem
1286 2167 1456 2209 Monasteri'o
1468 2168 1566 2210 Miffas
1573 2168 1713 2210 publicas
1733 2181 1804 2213 agat
1819 2196 1825 2203 .
1853 2172 1887 2206 N
1891 2181 1935 2206 on
1952 2182 2040 2206 vetat

1165 2219 1362 2252 Misiasistas
1375 2217 1439 2252 fieri
1455 2217 1487 2250 in
1502 2217 1727 2260 Monasterio,
1755 2221 1805 2254 sed
1821 2233 1888 2255 non
1913 2221 1980 2254 fieri
1994 2222 2042 2254 in·

398 2017 429 2051 C
480 2017 510 2051 A
564 2017 591 2052 P
642 2018 682 2056 U
732 2017 771 2052 T
843 2017 915 2051 IX.

289 2115 389 2150 sanc‘li
403 2120 536 2162 Gregorii
550 2117 708 2161 sententies
730 2118 844 2163 largitis
855 2122 1022 2160 exponitur.

313 2216 448 2251 Mittere
470 2218 574 2251 nolim
600 2217 717 2260 optimi
745 2216 900 2261 Gregorii
919 2217 1040 2251 litteras
1059 2215 1098 2249 ad

334 2267 523 2308 Respectam
538 2266 745 2301 Abbatissam
766 2266 970 2301 Massiliensis
983 2266 1099 2299 Mona-

215 2317 300 2350 sserii
313 2315 397 2358 apud
411 2317 440 2349 S.
452 2316 640 2350 Cassianum
654 2330 661 2349 :
690 2321 748 2350 Die
760 2319 890 2350 Natalis
911 2319 962 2350 vel
974 2316 1097 2349 Dedica-

216 2372 305 2400 tionis
330 2366 498 2405 Monasteru
511 2366 672 2409 Episcopus
693 2369 753 2400 illu·
766 2369 917 2410 Miffarum
929 2370 947 2399 5
950 2377 1020 2398 acra
1033 2377 1097 2398 con-

216 2422 321 2450 venias
337 2415 480 2458 solemnia
495 2418 657 2455 celebrare,
690 2419 710 2449 ἃ
733 2429 789 2459 quo
811 2426 914 2449 tamen
937 2416 1030 2454 itaest
1047 2414 1097 2448 hoc

215 2467 335 2509 officium
351 2463 584 2507 exsolvendum,
611 2476 644 2499 ut
656 2466 814 2501 cathedra
823 2469 888 2506 ejus
901 2491 911 2505 ,
939 2467 998 2507 nist
1011 2475 1096 2506 prae-
1165 2468 1379 2510 Episcopum,
1407 2467 1441 2500 in
1463 2464 1596 2500 scholiis
1606 2467 1645 2500 ad
1659 2467 1835 2510 Regestum
1847 2468 2036 2503 innocentii

215 2516 304 2549 diliis
314 2513 416 2548 diebus
428 2537 439 2554 ‚
466 2517 537 2547 dum
548 2517 609 2548 iilic
620 2517 773 2558 Miffarum
788 2515 930 2558 solemnia
949 2516 1076 2549 celebrat
1089 2538 1098 2553 ‚
1160 2517 1173 2550 l
1187 2517 1200 2550 Ι
1214 2518 1238 2550 1.

216 2579 274 2598 non
280 2573 428 2606 ponatur.
455 2566 549 2607 ,Quod
556 2566 707 2598 decedente
719 2590 728 2604 ‚
744 2565 878 2605 similiter
889 2574 976 2598 etiam
989 2565 1094 2597 Cathe-
1209 2568 1256 2600 At
1278 2565 1403 2607 inquies
1414 2589 1424 2604 ‚
1451 2575 1507 2598 cur
1518 2562 1663 2600 Abbates
1674 2589 1684 2605 ,
1708 2577 1747 2601 ac
1760 2566 1830 2610 ipsis
1845 2568 1955 2601 favens
1966 2567 2038 2602 Ma·

215 2618 272 2648 dna
285 2616 364 2646 illius
377 2616 414 2646 de
428 2617 523 2646 eodem
537 2618 671 2647 Oratorio
678 2614 835 2655 auferatur
849 2636 856 2644 .
883 2618 1011 2647 Caeteris
1024 2615 1093 2647 vero
1157 2626 1242 2660 gnus
1254 2615 1433 2659 Gregorius
1447 2615 1620 2648 noluerunt
1634 2616 1802 2660 Episcopis
1814 2617 1876 2650 effe
1899 2616 2035 2662 publicae

216 2666 317 2698 diebus
326 2664 599 2706 per-Presbyterum
611 2689 622 2704 ‚
647 2669 699 2707 qui
721 2664 866 2697 abeodem
878 2662 1021 2706 Episcopo
1025 2664 1094 2705 fue.
1157 2667 1261 2700 Missa:
1283 2667 1315 2698 in
1332 2664 1539 2697 Monasteriis
1559 2665 1750 2707 potestatem
1766 2667 1779 2700 ἒ
1804 2667 1996 2710 Respondeo
2022 2690 2036 2706 ,

214 2723 256 2748 rit
269 2717 428 2756 deputatus
439 2739 449 2754 ,
478 2715 630 2757 Miffarum
642 2715 741 2756 Officia
750 2723 936 2759 peragantur
947 2738 954 2745 .
1154 2715 1200 2750 ob
1211 2715 1346 2759 publicae
1367 2714 1566 2757 Episcopalis
1578 2713 1680 2749 Miffae
1693 2726 1839 2750 naturam
1852 2740 1862 2755 ,
1889 2727 1983 2759 quam
1997 2717 2033 2750 in

264 2766 357 2798 Hinc
378 2765 532 2798 discimus
560 2765 655 2798 variis
670 2764 878 2798 Monasseriis
900 2762 994 2797 fuisse
1015 2773 1091 2797 tunc
1156 2765 1202 2799 sui
1220 2763 1418 2806 capitularis
1442 2764 1630 2807 Appendice
1655 2767 1791 2808 exponit
1809 2768 1837 2799 S.
1851 2765 2034 2799 Theodul-

209 2813 395 2849 libertatem
423 2815 561 2848 vatiam.
591 2813 726 2848 Etenim
754 2813 786 2846 in
816 2813 993 2848 Pisaurensi
1015 2837 1028 2854 ,
1054 2824 1091 2847 ac
1155 2815 1238 2858 phus
1259 2814 1438 2858 Episcopus
1454 2813 1714 2848 Aurelianenfis:
1740 2817 1889 2847 statutum
1907 2814 1945 2856 est
1957 2840 1968 2856 ‚
1994 2825 2029 2850 ut

210 2865 311 2900 etiam
338 2863 538 2898 Ariminensi
566 2864 771 2898 Monasterio
793 2863 972 2907 Episcopus
999 2874 1091 2896 num·
1156 2872 1187 2897 in
1199 2871 1326 2898 civitate
1337 2888 1347 2904 ‚
1375 2869 1406 2895 in
1419 2875 1477 2905 qua
1488 2862 1652 2906 Episcopus
1664 2864 1834 2903 constitutus
1845 2865 1882 2903 est
1895 2889 1905 2904 ,
1930 2877 2028 2899 omnes

213 2925 312 2958 quarn
331 2924 457 2959 poterat
469 2914 594 2959 erigere
607 2916 696 2948 suam
708 2913 906 2948 Cathedram
922 2936 933 2953 ‚
960 2923 1016 2947 aut
1032 2923 1090 2956 pu·-
1155 2915 1319 2954 Presbyteri
1332 2915 1475 2956 &populi
1487 2937 1497 2953 ,
1523 2923 1586 2945 tam
1594 2919 1729 2946 civitatis
1741 2925 1831 2955 quam
1845 2917 1878 2948 t‘s·
1885 2913 2028 2956 suburba-

211 2963 333 2999 blicam
356 2963 492 2997 Missam
505 2963 664 2998 celebrare
676 2990 683 2997 .
711 2963 782 2997 Nec
797 2964 829 2997 in
844 2963 916 3006 ipso
928 2963 981 2996 die
990 2962 1089 2996 Dedi·
1154 2971 1185 2997 ni
1193 2987 1203 3004 ‚
1224 2963 1356 3004 revestiti
1368 2970 1400 2996 in
1412 2964 1478 3006 ipsa
1489 2964 1572 3004 Missa
1582 2961 1671 3005 usque
1682 2965 1723 2995 ad
1734 2965 1974 2998 Benedic‘lionem
1985 2968 2029 2997 E-

210 3014 351 3049 cationis
363 3015 377 3046 .'
399 3013 446 3048 At
460 3013 536 3048 vero
549 3014 581 3047 in
595 3012 783 3048 Massiliensi
799 3038 808 3053 ‚
827 3013 902 3046 licet
913 3013 1089 3047 sanstimo-
1148 3013 1258 3057 piscopi
1280 3017 1314 3048 (τ
1333 3020 1558 3046 communionem
1570 3013 1679 3045 devota
1689 3022 1780 3046 mente
1786 3013 1866 3053 stare
1877 3014 2004 3054 debeant
2014 3039 2026 3055 ,

211 3064 352 3099 nialium
373 3063 562 3104 Coenobio,
589 3064 766 3107 Episcopus
779 3063 811 3097 id
825 3073 948 3105 poterat
962 3063 995 3095 in
1010 3073 1088 3105 quo-

209 3115 260 3147 vis
278 3113 508 3148 Dedicationis
528 3111 764 3147 Anniversario
787 3136 795 3144 .
823 3112 867 3146 Et
891 3123 969 3148 tunc
995 3123 1089 3156 coge-

211 3163 306 3197 batur
325 3164 415 3197 suam
428 3163 627 3198 cathedram
642 3173 720 3196 mox
746 3162 886 3196 auferre.
914 3163 1015 3195 Erant
1026 3163 1089 3195 alia

1165 2269 1233 2302 vito
1246 2266 1393 2302 Abbate.
1423 2266 1464 2300 Et
1486 2268 1639 2310 antiquus
1658 2268 1711 2302 ille
1722 2269 1860 2312 Majoris
1883 2270 2041 2305 Coenobii

1163 2316 1351 2352 Monachus
1382 2316 1520 2350 affirmat
1550 2315 1638 2351 hunc
1660 2318 1752 2352 faisse
1775 2321 1898 2353 sensum
1927 2320 2040 2364 magni

1136 2378 1138 2380 ’
1162 2368 1315 2412 Gregorii
1332 2391 1340 2399 .
1350 2365 1437 2400 Vide
1449 2366 1538 2409 plura
1551 2367 1635 2410 apud
1648 2368 1812 2402 laudatum
1825 2371 1969 2412 Juretum
1984 2393 1995 2408 ‚
2005 2370 2039 2405 &

1160 2418 1243 2460 apud
1268 2417 1473 2450 Franciscum
1497 2415 1709 2460 Bosquettum
1733 2441 1744 2456 ,
1773 2419 1894 2452 montis
1918 2419 2038 2452 Peffuli

1153 3068 1186 3097 (9'
1194 3064 1291 3106 posted
1305 3089 1315 3104 ,
1333 3062 1513 3104 fivoluerint
1523 3087 1533 3103 ‚
1544 3071 1612 3095 eum
1619 3063 1737 3095 licentia
1749 3065 1794 3095 ad
1816 3062 1883 3106 suos
1895 3067 2005 3097 Titulos
2015 3089 2027 3105 ,

1152 3114 1366 3147 Benedic‘lione
1387 3121 1506 3154 accepta
1521 3134 1532 3150 ,
1555 3121 1758 3145 revertamur.
1792 3113 1913 3147 Nullus
1925 3114 2025 3148 abesse

1136 3147 1140 3195 i
1152 3173 1278 3206 poterat
1289 3188 1300 3204 ,
1327 3163 1401 3197 licet
1421 3161 1514 3195 ante&
1537 3163 1696 3205 privatam
1716 3164 1847 3197 Missam
1870 3164 2004 3197 audisset
2018 3187 2025 3195 .

1152 3214 1253 3248 Hunc
1265 3211 1482 3252 numerosum,
1492 3211 1638 3254 adeoque
1649 3212 1909 3256 &inquietudini
1921 3212 2027 3246 obno-

1151 3265 1241 3297 xium
1253 3262 1355 3296 fidelis
1367 3261 1497 3295 Cleri&
1509 3262 1618 3304 populi
1628 3272 1749 3296 coetum
1765 3261 1905 3295 Abbates
1917 3262 2025 3296 nolue-

1154 3318 1228 3347 ru‘nt
1241 3313 1296 3346 fibi
1309 3310 1420 3344 invitis
1430 3310 1572 3345 obtrudi.
1585 3311 1641 3346 Ob
1653 3312 1788 3346 similem
1800 3312 1837 3344 ad
1853 3311 2028 3345 S-Lauren-

1130 3363 1187 3506 Γί
1211 3362 1381 3405 Reliquias
1401 3372 1438 3393 ac
1462 3360 1614 3395 miracula
1634 3363 1823 3395 concursum
1837 3360 2028 3395 Leodiensis

209 3213 413 3247 Monastetia
428 3236 438 3253 ,
466 3214 500 3247 in
519 3212 641 3258 quibus
664 3214 841 3256 Episcopus
860 3212 890 3245 id
905 3221 1027 3254 poterat
1049 3210 1088 3245 ad

209 3264 304 3297 suum
326 3260 514 3296 arbitrium.
542 3263 710 3297 Dominus
736 3262 824 3306 Papa
850 3261 934 3296 istud
962 3271 1087 3306 poterat

207 3323 284 3348 toto
308 3311 389 3346 orbe
411 3322 583 3346 terrarum.
605 3312 749 3347 Proinde
772 3323 839 3346 non
865 3311 1087 3356 Episcopalem

211 3373 249 3395 ac
262 3363 427 3406 publicam
439 3362 575 3395 Missam
588 3386 598 3402 ,
618 3361 670 3396 sed
683 3363 916 3407 Episcoporum
931 3362 1086 3396 Domina-

210 3419 283 3446 tum
306 3412 488 3456 Gregorius
511 3411 638 3445 censuit
660 3413 818 3446 adversari
843 3411 1049 3445 Monasseriis
1077 3436 1087 3452 ,

211 3459 359 3508 adeoque
379 3462 467 3496 hunc
480 3485 493 3504 ,
518 3472 588 3497 non
605 3461 697 3498 inam
720 3461 827 3498 voluit
849 3460 964 3497 abillis
974 3460 1088 3497 exclu-

1153 3413 1191 3447 ad
1206 3412 1370 3446 laudatum
1381 3409 1562 3452 Martyrem
1577 3410 1688 3445 Abbas
1701 3412 1747 3444 illi
1762 3410 1927 3443 interdixit
1950 3412 2028 3444 ulte-

1151 3463 1269 3499 riorem
1289 3460 1516 3497 miraculorum
1538 3462 1771 3507 patrationem.
1799 3460 2030 3543 EtNigloriosus

1884 3520 1981 3552 artyr,
