<?xml version="1.0" encoding="UTF-8"?>
<!DOCTYPE html PUBLIC "-//W3C//DTD XHTML 1.0 Transitional//EN"
    "http://www.w3.org/TR/xhtml1/DTD/xhtml1-transitional.dtd">
<html xmlns="http://www.w3.org/1999/xhtml" xml:lang="en" lang="en">
 <head>
  <title>
</title>
<meta http-equiv="Content-Type" content="text/html;charset=utf-8" />
  <meta name='ocr-system' content='tesseract 3.04.00' />
  <meta name='ocr-capabilities' content='ocr_page ocr_carea ocr_par ocr_line ocrx_word'/>
</head>
<body>
  <div class='ocr_page' id='page_1' title='image "./operaomniastudio11lupuuoft_0185.png"; bbox 0 0 2366 3736; ppageno 0'>
   <div class='ocr_carea' id='block_1_1' title="bbox 767 112 1600 167">
    <p class='ocr_par' dir='ltr' id='par_1_1' title="bbox 767 112 1600 167">
     <span class='ocr_line' id='line_1_1' title="bbox 767 112 1600 167; baseline 0 -3"><span class='ocrx_word' id='word_1_1' title='bbox 767 131 827 164; x_wconf 69' lang='lat' dir='ltr'>tu</span> <span class='ocrx_word' id='word_1_2' title='bbox 862 117 1258 167; x_wconf 68' lang='grc' dir='ltr'>ΡΒιΑσῙΑΝΛΜ</span> <span class='ocrx_word' id='word_1_3' title='bbox 1294 112 1600 164; x_wconf 63' lang='grc' dir='ltr'>Ι-ΙιεκεειΜ.</span> 
     </span>
    </p>
   </div>
   <div class='ocr_carea' id='block_1_2' title="bbox 239 201 1130 298">
    <p class='ocr_par' dir='ltr' id='par_1_2' title="bbox 239 201 1130 298">
     <span class='ocr_line' id='line_1_2' title="bbox 241 201 1130 245; baseline -0.008 -5"><span class='ocrx_word' id='word_1_4' title='bbox 241 205 366 240; x_wconf 76' lang='lat' dir='ltr'>bitrium</span> <span class='ocrx_word' id='word_1_5' title='bbox 386 205 459 237; x_wconf 68' lang='lat' dir='ltr'>vert?</span> <span class='ocrx_word' id='word_1_6' title='bbox 466 202 506 245; x_wconf 82' lang='lat' dir='ltr'>fit</span> <span class='ocrx_word' id='word_1_7' title='bbox 516 201 660 244; x_wconf 83' lang='lat' dir='ltr'>liberum,</span> <span class='ocrx_word' id='word_1_8' title='bbox 688 203 761 235; x_wconf 84' lang='lat' dir='ltr'>dum</span> <span class='ocrx_word' id='word_1_9' title='bbox 781 204 802 234; x_wconf 72' lang='grc' dir='ltr'><em>ἃ</em></span> <span class='ocrx_word' id='word_1_10' title='bbox 813 201 979 235; x_wconf 81' lang='lat' dir='ltr'>carnalium</span> <span class='ocrx_word' id='word_1_11' title='bbox 993 205 1130 243; x_wconf 76' lang='lat' dir='ltr'>concupi-</span> 
     </span>
     <span class='ocr_line' id='line_1_3' title="bbox 239 251 824 298; baseline -0.014 -7"><span class='ocrx_word' id='word_1_12' title='bbox 239 254 419 298; x_wconf 70' lang='lat' dir='ltr'>sesmarum</span> <span class='ocrx_word' id='word_1_13' title='bbox 446 254 643 287; x_wconf 71' lang='lat' dir='ltr'><em>dominatione</em></span> <span class='ocrx_word' id='word_1_14' title='bbox 663 251 804 285; x_wconf 78' lang='lat' dir='ltr'>liberatur</span> <span class='ocrx_word' id='word_1_15' title='bbox 816 275 824 283; x_wconf 91' lang='lat'><em>.</em></span> 
     </span>
    </p>
   </div>
   <div class='ocr_carea' id='block_1_3' title="bbox 1194 140 2082 296">
    <p class='ocr_par' dir='ltr' id='par_1_3' title="bbox 1194 140 2082 296">
     <span class='ocr_line' id='line_1_4' title="bbox 1935 140 2044 186; baseline 0.018 -16"><span class='ocrx_word' id='word_1_16' title='bbox 1935 143 1937 145; x_wconf 49' lang='lat'><strong><em>¹</em></strong></span> <span class='ocrx_word' id='word_1_17' title='bbox 1959 140 2044 186; x_wconf 86' lang='lat'>171</span> 
     </span>
     <span class='ocr_line' id='line_1_5' title="bbox 1195 196 2082 248; baseline 0.006 -15"><span class='ocrx_word' id='word_1_18' title='bbox 1195 199 1251 233; x_wconf 86' lang='lat' dir='ltr'>nia</span> <span class='ocrx_word' id='word_1_19' title='bbox 1289 196 1371 232; x_wconf 69' lang='lat' dir='ltr'>Aeta</span> <span class='ocrx_word' id='word_1_20' title='bbox 1397 200 1547 242; x_wconf 85' lang='lat' dir='ltr'>probavit</span> <span class='ocrx_word' id='word_1_21' title='bbox 1574 201 1787 242; x_wconf 77' lang='lat' dir='ltr'>Innocentius</span> <span class='ocrx_word' id='word_1_22' title='bbox 1813 200 1969 238; x_wconf 80' lang='lat' dir='ltr'>Pontifex</span> <span class='ocrx_word' id='word_1_23' title='bbox 1998 232 2009 248; x_wconf 88' lang='lat'>‚</span> <span class='ocrx_word' id='word_1_24' title='bbox 2035 209 2082 243; x_wconf 72' lang='lat' dir='ltr'>ita</span> 
     </span>
     <span class='ocr_line' id='line_1_6' title="bbox 1194 247 2079 296; baseline 0.009 -13"><span class='ocrx_word' id='word_1_25' title='bbox 1194 247 1356 284; x_wconf 86' lang='lat' dir='ltr'>inchoans</span> <span class='ocrx_word' id='word_1_26' title='bbox 1379 261 1390 281; x_wconf 92' lang='grc'>.·</span> <span class='ocrx_word' id='word_1_27' title='bbox 1415 252 1502 292; x_wconf 73' lang='lat' dir='ltr'>,Quid</span> <span class='ocrx_word' id='word_1_28' title='bbox 1526 254 1562 284; x_wconf 80' lang='lat' dir='ltr'>de</span> <span class='ocrx_word' id='word_1_29' title='bbox 1588 252 1635 284; x_wconf 79' lang='lat' dir='ltr'>bis</span> <span class='ocrx_word' id='word_1_30' title='bbox 1663 252 1772 286; x_wconf 62' lang='lat' dir='ltr'>redium</span> <span class='ocrx_word' id='word_1_31' title='bbox 1796 254 1946 286; x_wconf 80' lang='lat' dir='ltr'>mentibus</span> <span class='ocrx_word' id='word_1_32' title='bbox 1972 257 2079 296; x_wconf 63' lang='lat' dir='ltr'>exist}-</span> 
     </span>
    </p>
   </div>
   <div class='ocr_carea' id='block_1_4' title="bbox 238 298 2080 346">
    <p class='ocr_par' dir='ltr' id='par_1_4' title="bbox 238 298 2080 346">
     <span class='ocr_line' id='line_1_7' title="bbox 238 298 2080 346; baseline -0.001 -8"><span class='ocrx_word' id='word_1_33' title='bbox 238 332 241 334; x_wconf 14' lang='grc' dir='ltr'>μ</span> <span class='ocrx_word' id='word_1_34' title='bbox 293 303 435 344; x_wconf 69' lang='lat' dir='ltr'>Tertio,</span> <span class='ocrx_word' id='word_1_35' title='bbox 460 303 633 338; x_wconf 89' lang='lat' dir='ltr'>damnatur</span> <span class='ocrx_word' id='word_1_36' title='bbox 654 298 708 334; x_wconf 89' lang='lat' dir='ltr'>hic</span> <span class='ocrx_word' id='word_1_37' title='bbox 733 299 906 334; x_wconf 78' lang='lat' dir='ltr'>articulus:</span> <span class='ocrx_word' id='word_1_38' title='bbox 934 299 1046 334; x_wconf 77' lang='lat' dir='ltr'>Gratia</span> <span class='ocrx_word' id='word_1_39' title='bbox 1061 301 1126 335; x_wconf 84' lang='lat' dir='ltr'>Dei</span> <span class='ocrx_word' id='word_1_40' title='bbox 1193 312 1324 340; x_wconf 84' lang='lat' dir='ltr'><em>memus,</em></span> <span class='ocrx_word' id='word_1_41' title='bbox 1351 304 1403 341; x_wconf 76' lang='lat' dir='ltr'>qui</span> <span class='ocrx_word' id='word_1_42' title='bbox 1423 299 1478 340; x_wconf 74' lang='lat' dir='ltr'>fibi</span> <span class='ocrx_word' id='word_1_43' title='bbox 1495 298 1527 341; x_wconf 79' lang='lat' dir='ltr'>se</span> <span class='ocrx_word' id='word_1_44' title='bbox 1551 311 1661 342; x_wconf 78' lang='lat' dir='ltr'>putant</span> <span class='ocrx_word' id='word_1_45' title='bbox 1687 302 1791 336; x_wconf 81' lang='lat' dir='ltr'>debere</span> <span class='ocrx_word' id='word_1_46' title='bbox 1812 303 2053 346; x_wconf 23' lang='lat' dir='ltr'>*quodbonisunt</span> <span class='ocrx_word' id='word_1_47' title='bbox 2069 331 2080 346; x_wconf 89' lang='lat'><strong>,</strong></span> 
     </span>
    </p>
   </div>
   <div class='ocr_carea' id='block_1_5' title="bbox 239 348 1134 552">
    <p class='ocr_par' dir='ltr' id='par_1_5' title="bbox 239 348 1132 499">
     <span class='ocr_line' id='line_1_8' title="bbox 245 348 1127 397; baseline -0.003 -9"><span class='ocrx_word' id='word_1_48' title='bbox 245 354 280 388; x_wconf 84' lang='lat' dir='ltr'>in</span> <span class='ocrx_word' id='word_1_49' title='bbox 303 365 344 389; x_wconf 88' lang='lat' dir='ltr'>eo</span> <span class='ocrx_word' id='word_1_50' title='bbox 365 354 551 397; x_wconf 86' lang='lat' dir='ltr'>deputanda</span> <span class='ocrx_word' id='word_1_51' title='bbox 571 352 637 391; x_wconf 86' lang='lat' dir='ltr'>est,</span> <span class='ocrx_word' id='word_1_52' title='bbox 665 349 755 392; x_wconf 85' lang='lat' dir='ltr'>quod</span> <span class='ocrx_word' id='word_1_53' title='bbox 779 351 877 385; x_wconf 89' lang='lat' dir='ltr'>talem</span> <span class='ocrx_word' id='word_1_54' title='bbox 889 348 1035 385; x_wconf 82' lang='lat' dir='ltr'>hominis</span> <span class='ocrx_word' id='word_1_55' title='bbox 1047 362 1127 385; x_wconf 90' lang='lat' dir='ltr'>crea·</span> 
     </span>
     <span class='ocr_line' id='line_1_9' title="bbox 242 400 1132 445; baseline -0.002 -7"><span class='ocrx_word' id='word_1_56' title='bbox 242 405 290 438; x_wconf 90' lang='lat' dir='ltr'>vit</span> <span class='ocrx_word' id='word_1_57' title='bbox 315 413 484 444; x_wconf 80' lang='lat' dir='ltr'>naturam,</span> <span class='ocrx_word' id='word_1_58' title='bbox 510 414 578 445; x_wconf 77' lang='lat' dir='ltr'>quae</span> <span class='ocrx_word' id='word_1_59' title='bbox 599 401 632 434; x_wconf 78' lang='grc' dir='ltr'>δι</span> <span class='ocrx_word' id='word_1_60' title='bbox 656 400 835 436; x_wconf 83' lang='lat' dir='ltr'>naturalem</span> <span class='ocrx_word' id='word_1_61' title='bbox 855 401 889 435; x_wconf 88' lang='lat'>&amp;</span> <span class='ocrx_word' id='word_1_62' title='bbox 911 401 1078 444; x_wconf 82' lang='lat' dir='ltr'>positivam</span> <span class='ocrx_word' id='word_1_63' title='bbox 1090 402 1132 436; x_wconf 89' lang='lat' dir='ltr'>le-</span> 
     </span>
     <span class='ocr_line' id='line_1_10' title="bbox 239 448 1126 499; baseline -0.007 -10"><span class='ocrx_word' id='word_1_64' title='bbox 239 466 319 499; x_wconf 83' lang='lat' dir='ltr'>gem</span> <span class='ocrx_word' id='word_1_65' title='bbox 340 454 433 498; x_wconf 86' lang='lat' dir='ltr'>poffit</span> <span class='ocrx_word' id='word_1_66' title='bbox 450 464 505 497; x_wconf 88' lang='lat' dir='ltr'>per</span> <span class='ocrx_word' id='word_1_67' title='bbox 525 450 687 494; x_wconf 82' lang='lat' dir='ltr'>propriam</span> <span class='ocrx_word' id='word_1_68' title='bbox 710 451 913 486; x_wconf 86' lang='lat' dir='ltr'>voluntatem</span> <span class='ocrx_word' id='word_1_69' title='bbox 931 448 1126 495; x_wconf 87' lang='lat' dir='ltr'>adimplere.</span> 
     </span>
    </p>

    <p class='ocr_par' dir='ltr' id='par_1_6' title="bbox 295 498 1134 552">
     <span class='ocr_line' id='line_1_11' title="bbox 295 498 1134 552; baseline -0.006 -14"><span class='ocrx_word' id='word_1_70' title='bbox 295 504 426 552; x_wconf 76' lang='lat' dir='ltr'>Qarto</span> <span class='ocrx_word' id='word_1_71' title='bbox 438 527 449 542; x_wconf 93' lang='lat'>‚</span> <span class='ocrx_word' id='word_1_72' title='bbox 474 501 647 541; x_wconf 87' lang='lat' dir='ltr'>damnatur</span> <span class='ocrx_word' id='word_1_73' title='bbox 662 501 695 539; x_wconf 73' lang='grc' dir='ltr'>ὅ(</span> <span class='ocrx_word' id='word_1_74' title='bbox 706 498 759 534; x_wconf 90' lang='lat' dir='ltr'>hic</span> <span class='ocrx_word' id='word_1_75' title='bbox 773 513 780 533; x_wconf 78' lang='grc' dir='ltr'><strong><em>ι</em></strong></span> <span class='ocrx_word' id='word_1_76' title='bbox 807 505 948 542; x_wconf 74' lang='lat' dir='ltr'>Humana</span> <span class='ocrx_word' id='word_1_77' title='bbox 962 509 1077 535; x_wconf 84' lang='lat' dir='ltr'>natura</span> <span class='ocrx_word' id='word_1_78' title='bbox 1089 502 1134 534; x_wconf 81' lang='lat' dir='ltr'>ad</span> 
     </span>
    </p>
   </div>
   <div class='ocr_carea' id='block_1_6' title="bbox 244 550 1161 595">
    <p class='ocr_par' dir='ltr' id='par_1_7' title="bbox 244 550 1161 595">
     <span class='ocr_line' id='line_1_12' title="bbox 244 550 1161 595; baseline -0.002 -8"><span class='ocrx_word' id='word_1_79' title='bbox 244 556 394 588; x_wconf 79' lang='lat' dir='ltr'>vincenda</span> <span class='ocrx_word' id='word_1_80' title='bbox 412 560 555 593; x_wconf 83' lang='lat' dir='ltr'>peccata,</span> <span class='ocrx_word' id='word_1_81' title='bbox 580 552 615 585; x_wconf 57' lang='grc' dir='ltr'>ὦ·</span> <span class='ocrx_word' id='word_1_82' title='bbox 638 554 695 584; x_wconf 73' lang='lat' dir='ltr'>Det</span> <span class='ocrx_word' id='word_1_83' title='bbox 711 552 858 584; x_wconf 84' lang='lat' dir='ltr'>mandata</span> <span class='ocrx_word' id='word_1_84' title='bbox 870 550 1017 592; x_wconf 74' lang='lat' dir='ltr'>facienda</span> <span class='ocrx_word' id='word_1_85' title='bbox 1037 550 1130 595; x_wconf 81' lang='lat' dir='ltr'>potest</span> <span class='ocrx_word' id='word_1_86' title='bbox 1153 576 1161 580; x_wconf 58' lang='lat'><em>„</em></span> 
     </span>
    </p>
   </div>
   <div class='ocr_carea' id='block_1_7' title="bbox 239 602 456 646">
    <p class='ocr_par' dir='ltr' id='par_1_8' title="bbox 239 602 456 646">
     <span class='ocr_line' id='line_1_13' title="bbox 239 602 456 646; baseline -0.009 0"><span class='ocrx_word' id='word_1_87' title='bbox 239 603 293 646; x_wconf 58' lang='lat' dir='ltr'>fibi</span> <span class='ocrx_word' id='word_1_88' title='bbox 314 602 456 645; x_wconf 71' lang='lat' dir='ltr'>sufficere-</span> 
     </span>
    </p>
   </div>
   <div class='ocr_carea' id='block_1_8' title="bbox 241 649 1133 1440">
    <p class='ocr_par' dir='ltr' id='par_1_9' title="bbox 243 649 1132 795">
     <span class='ocr_line' id='line_1_14' title="bbox 293 649 1132 698; baseline 0 -15"><span class='ocrx_word' id='word_1_89' title='bbox 293 650 448 698; x_wconf 62' lang='lat' dir='ltr'>Qinai,</span> <span class='ocrx_word' id='word_1_90' title='bbox 473 650 646 685; x_wconf 83' lang='lat' dir='ltr'>damnatur</span> <span class='ocrx_word' id='word_1_91' title='bbox 668 651 701 685; x_wconf 69' lang='grc' dir='ltr'>ὃς</span> <span class='ocrx_word' id='word_1_92' title='bbox 726 649 803 684; x_wconf 84' lang='lat' dir='ltr'>hic.-</span> <span class='ocrx_word' id='word_1_93' title='bbox 823 650 916 691; x_wconf 62' lang='lat' dir='ltr'>Lat,</span> <span class='ocrx_word' id='word_1_94' title='bbox 942 651 1017 695; x_wconf 87' lang='lat' dir='ltr'>quia</span> <span class='ocrx_word' id='word_1_95' title='bbox 1041 651 1132 685; x_wconf 85' lang='lat' dir='ltr'>illam</span> 
     </span>
     <span class='ocr_line' id='line_1_15' title="bbox 244 699 1131 745; baseline 0.001 -11"><span class='ocrx_word' id='word_1_96' title='bbox 244 703 336 737; x_wconf 88' lang='lat' dir='ltr'>Deus</span> <span class='ocrx_word' id='word_1_97' title='bbox 358 700 449 735; x_wconf 85' lang='lat' dir='ltr'>dedit</span> <span class='ocrx_word' id='word_1_98' title='bbox 470 699 705 735; x_wconf 85' lang='lat' dir='ltr'>hominibusin</span> <span class='ocrx_word' id='word_1_99' title='bbox 715 701 934 743; x_wconf 87' lang='lat' dir='ltr'>adjutorium,</span> <span class='ocrx_word' id='word_1_100' title='bbox 961 703 1078 745; x_wconf 60' lang='lat' dir='ltr'>speetat</span> <span class='ocrx_word' id='word_1_101' title='bbox 1090 702 1131 736; x_wconf 91' lang='lat' dir='ltr'>ad</span> 
     </span>
     <span class='ocr_line' id='line_1_16' title="bbox 243 750 556 795; baseline -0.01 -9"><span class='ocrx_word' id='word_1_102' title='bbox 243 750 371 786; x_wconf 89' lang='lat' dir='ltr'>Christi</span> <span class='ocrx_word' id='word_1_103' title='bbox 394 750 537 795; x_wconf 82' lang='lat' dir='ltr'>gratiam</span> <span class='ocrx_word' id='word_1_104' title='bbox 549 776 556 783; x_wconf 92' lang='lat'><strong><em>.</em></strong></span> 
     </span>
    </p>

    <p class='ocr_par' dir='ltr' id='par_1_10' title="bbox 243 798 1132 997">
     <span class='ocr_line' id='line_1_17' title="bbox 293 798 1132 845; baseline 0 -10"><span class='ocrx_word' id='word_1_105' title='bbox 293 800 416 839; x_wconf 73' lang='lat' dir='ltr'>Sexto,</span> <span class='ocrx_word' id='word_1_106' title='bbox 444 798 483 834; x_wconf 87' lang='lat' dir='ltr'>ad</span> <span class='ocrx_word' id='word_1_107' title='bbox 504 800 585 836; x_wconf 89' lang='lat' dir='ltr'>bene</span> <span class='ocrx_word' id='word_1_108' title='bbox 608 799 808 845; x_wconf 87' lang='lat' dir='ltr'>operandum</span> <span class='ocrx_word' id='word_1_109' title='bbox 832 799 1132 835; x_wconf 81' lang='lat' dir='ltr'>definiturneceffa-</span> 
     </span>
     <span class='ocr_line' id='line_1_18' title="bbox 245 849 1131 894; baseline -0.001 -8"><span class='ocrx_word' id='word_1_110' title='bbox 245 852 292 886; x_wconf 87' lang='lat' dir='ltr'>ria</span> <span class='ocrx_word' id='word_1_111' title='bbox 312 851 375 885; x_wconf 83' lang='lat' dir='ltr'>effe</span> <span class='ocrx_word' id='word_1_112' title='bbox 397 850 453 886; x_wconf 86' lang='lat' dir='ltr'>illa</span> <span class='ocrx_word' id='word_1_113' title='bbox 473 851 599 894; x_wconf 87' lang='lat' dir='ltr'>gratia,</span> <span class='ocrx_word' id='word_1_114' title='bbox 630 861 698 894; x_wconf 65' lang='lat' dir='ltr'>quau</span> <span class='ocrx_word' id='word_1_115' title='bbox 719 850 775 886; x_wconf 87' lang='lat' dir='ltr'>dat</span> <span class='ocrx_word' id='word_1_116' title='bbox 790 849 884 884; x_wconf 86' lang='lat' dir='ltr'>nobis</span> <span class='ocrx_word' id='word_1_117' title='bbox 899 850 1064 885; x_wconf 59' lang='lat' dir='ltr'>victoriam</span> <span class='ocrx_word' id='word_1_118' title='bbox 1079 862 1131 894; x_wconf 90' lang='lat' dir='ltr'>per</span> 
     </span>
     <span class='ocr_line' id='line_1_19' title="bbox 245 899 1128 946; baseline 0.001 -11"><span class='ocrx_word' id='word_1_119' title='bbox 245 903 351 946; x_wconf 86' lang='lat' dir='ltr'>Jesum</span> <span class='ocrx_word' id='word_1_120' title='bbox 372 899 562 941; x_wconf 86' lang='lat' dir='ltr'>Christum,</span> <span class='ocrx_word' id='word_1_121' title='bbox 586 901 619 934; x_wconf 74' lang='grc' dir='ltr'>ἀ</span> <span class='ocrx_word' id='word_1_122' title='bbox 638 901 705 934; x_wconf 85' lang='lat' dir='ltr'>sine</span> <span class='ocrx_word' id='word_1_123' title='bbox 716 910 778 943; x_wconf 87' lang='lat' dir='ltr'>qua</span> <span class='ocrx_word' id='word_1_124' title='bbox 792 899 879 934; x_wconf 91' lang='lat' dir='ltr'>nihil</span> <span class='ocrx_word' id='word_1_125' title='bbox 896 901 992 944; x_wconf 82' lang='lat' dir='ltr'>poffit</span> <span class='ocrx_word' id='word_1_126' title='bbox 1008 902 1059 938; x_wconf 86' lang='lat' dir='ltr'>vel</span> <span class='ocrx_word' id='word_1_127' title='bbox 1075 913 1128 936; x_wconf 90' lang='lat' dir='ltr'>co-</span> 
     </span>
     <span class='ocr_line' id='line_1_20' title="bbox 243 951 362 997; baseline -0.025 -11"><span class='ocrx_word' id='word_1_128' title='bbox 243 951 341 997; x_wconf 87' lang='lat' dir='ltr'>gitari</span> <span class='ocrx_word' id='word_1_129' title='bbox 354 974 362 984; x_wconf 92' lang='lat'>.</span> 
     </span>
    </p>

    <p class='ocr_par' dir='ltr' id='par_1_11' title="bbox 241 998 1132 1241">
     <span class='ocr_line' id='line_1_21' title="bbox 294 998 1131 1044; baseline 0.002 -11"><span class='ocrx_word' id='word_1_130' title='bbox 294 998 463 1043; x_wconf 74' lang='lat' dir='ltr'>Septimo,</span> <span class='ocrx_word' id='word_1_131' title='bbox 488 1011 531 1033; x_wconf 85' lang='lat' dir='ltr'>ex</span> <span class='ocrx_word' id='word_1_132' title='bbox 546 999 672 1044; x_wconf 77' lang='lat' dir='ltr'>Pelagii</span> <span class='ocrx_word' id='word_1_133' title='bbox 695 999 933 1038; x_wconf 85' lang='lat' dir='ltr'>adsertionibus</span> <span class='ocrx_word' id='word_1_134' title='bbox 944 1000 1131 1035; x_wconf 85' lang='lat' dir='ltr'>adfirmatur</span> 
     </span>
     <span class='ocr_line' id='line_1_22' title="bbox 242 1049 1132 1093; baseline 0.002 -10"><span class='ocrx_word' id='word_1_135' title='bbox 242 1050 334 1093; x_wconf 81' lang='lat' dir='ltr'>sequi</span> <span class='ocrx_word' id='word_1_136' title='bbox 359 1074 369 1089; x_wconf 94' lang='lat'>,</span> <span class='ocrx_word' id='word_1_137' title='bbox 394 1049 484 1092; x_wconf 81' lang='lat' dir='ltr'>quod</span> <span class='ocrx_word' id='word_1_138' title='bbox 506 1060 596 1083; x_wconf 82' lang='lat' dir='ltr'>orare</span> <span class='ocrx_word' id='word_1_139' title='bbox 622 1061 691 1084; x_wconf 88' lang='lat' dir='ltr'>non</span> <span class='ocrx_word' id='word_1_140' title='bbox 710 1049 883 1086; x_wconf 87' lang='lat' dir='ltr'>debeamus</span> <span class='ocrx_word' id='word_1_141' title='bbox 911 1063 951 1085; x_wconf 91' lang='lat' dir='ltr'>ne</span> <span class='ocrx_word' id='word_1_142' title='bbox 976 1052 1132 1085; x_wconf 79' lang='lat' dir='ltr'>intremus</span> 
     </span>
     <span class='ocr_line' id='line_1_23' title="bbox 242 1098 1132 1145; baseline 0.003 -13"><span class='ocrx_word' id='word_1_143' title='bbox 242 1098 279 1132; x_wconf 90' lang='lat' dir='ltr'>in</span> <span class='ocrx_word' id='word_1_144' title='bbox 305 1099 519 1134; x_wconf 83' lang='lat' dir='ltr'>tentationem</span> <span class='ocrx_word' id='word_1_145' title='bbox 532 1113 546 1141; x_wconf 91' lang='lat'><em>;</em></span> <span class='ocrx_word' id='word_1_146' title='bbox 575 1102 685 1134; x_wconf 88' lang='lat' dir='ltr'>Docet</span> <span class='ocrx_word' id='word_1_147' title='bbox 712 1101 800 1134; x_wconf 88' lang='lat' dir='ltr'>euim</span> <span class='ocrx_word' id='word_1_148' title='bbox 825 1102 882 1136; x_wconf 90' lang='lat' dir='ltr'>ille</span> <span class='ocrx_word' id='word_1_149' title='bbox 895 1101 1132 1145; x_wconf 71' lang='lat' dir='ltr'>negariliberum</span> 
     </span>
     <span class='ocr_line' id='line_1_24' title="bbox 243 1146 1130 1196; baseline 0.006 -15"><span class='ocrx_word' id='word_1_150' title='bbox 243 1146 421 1188; x_wconf 73' lang='lat' dir='ltr'>arbitrium,</span> <span class='ocrx_word' id='word_1_151' title='bbox 440 1148 472 1190; x_wconf 81' lang='lat' dir='ltr'><em>fi</em></span> <span class='ocrx_word' id='word_1_152' title='bbox 490 1148 542 1183; x_wconf 87' lang='lat' dir='ltr'>hoc</span> <span class='ocrx_word' id='word_1_153' title='bbox 564 1152 585 1183; x_wconf 78' lang='grc' dir='ltr'><em>ἆ</em></span> <span class='ocrx_word' id='word_1_154' title='bbox 611 1153 673 1185; x_wconf 81' lang='lat' dir='ltr'>Deo</span> <span class='ocrx_word' id='word_1_155' title='bbox 690 1150 845 1194; x_wconf 78' lang='lat' dir='ltr'>poscitur,</span> <span class='ocrx_word' id='word_1_156' title='bbox 870 1154 949 1196; x_wconf 84' lang='lat' dir='ltr'>quod</span> <span class='ocrx_word' id='word_1_157' title='bbox 971 1158 1004 1186; x_wconf 83' lang='lat' dir='ltr'>in</span> <span class='ocrx_word' id='word_1_158' title='bbox 1035 1150 1130 1195; x_wconf 85' lang='lat' dir='ltr'>nostra</span> 
     </span>
     <span class='ocr_line' id='line_1_25' title="bbox 241 1199 462 1241; baseline -0.014 -7"><span class='ocrx_word' id='word_1_159' title='bbox 241 1199 282 1241; x_wconf 69' lang='lat' dir='ltr'>est</span> <span class='ocrx_word' id='word_1_160' title='bbox 302 1199 462 1241; x_wconf 80' lang='lat' dir='ltr'>potestate.</span> 
     </span>
    </p>

    <p class='ocr_par' dir='ltr' id='par_1_12' title="bbox 242 1247 1133 1440">
     <span class='ocr_line' id='line_1_26' title="bbox 293 1247 1133 1288; baseline 0.005 -6"><span class='ocrx_word' id='word_1_161' title='bbox 293 1247 442 1288; x_wconf 68' lang='lat' dir='ltr'>octavo,</span> <span class='ocrx_word' id='word_1_162' title='bbox 468 1248 642 1285; x_wconf 84' lang='lat' dir='ltr'>damnatur</span> <span class='ocrx_word' id='word_1_163' title='bbox 665 1248 721 1286; x_wconf 88' lang='lat' dir='ltr'>hic</span> <span class='ocrx_word' id='word_1_164' title='bbox 743 1252 918 1287; x_wconf 86' lang='lat' dir='ltr'>articulus:</span> <span class='ocrx_word' id='word_1_165' title='bbox 947 1256 1133 1286; x_wconf 73' lang='lat' dir='ltr'>Virtutem-</span> 
     </span>
     <span class='ocr_line' id='line_1_27' title="bbox 243 1297 1133 1345; baseline 0.002 -13"><span class='ocrx_word' id='word_1_166' title='bbox 243 1299 398 1338; x_wconf 76' lang='lat' dir='ltr'>roborari,</span> <span class='ocrx_word' id='word_1_167' title='bbox 417 1297 449 1339; x_wconf 85' lang='lat' dir='ltr'><em>fi</em></span> <span class='ocrx_word' id='word_1_168' title='bbox 468 1300 623 1339; x_wconf 82' lang='lat' dir='ltr'>volumus,</span> <span class='ocrx_word' id='word_1_169' title='bbox 645 1303 792 1342; x_wconf 83' lang='lat' dir='ltr'>poffumus</span> <span class='ocrx_word' id='word_1_170' title='bbox 816 1314 863 1345; x_wconf 31' lang='lat' dir='ltr'>ex·</span> <span class='ocrx_word' id='word_1_171' title='bbox 876 1303 1060 1344; x_wconf 69' lang='lat' dir='ltr'>possibilitate</span> <span class='ocrx_word' id='word_1_172' title='bbox 1082 1313 1133 1334; x_wconf 88' lang='lat' dir='ltr'>na·</span> 
     </span>
     <span class='ocr_line' id='line_1_28' title="bbox 242 1351 1129 1395; baseline 0.003 -12"><span class='ocrx_word' id='word_1_173' title='bbox 242 1359 347 1388; x_wconf 69' lang='lat' dir='ltr'>tura,</span> <span class='ocrx_word' id='word_1_174' title='bbox 372 1359 462 1390; x_wconf 85' lang='lat' dir='ltr'>quam</span> <span class='ocrx_word' id='word_1_175' title='bbox 488 1360 564 1382; x_wconf 82' lang='lat' dir='ltr'>nunc</span> <span class='ocrx_word' id='word_1_176' title='bbox 588 1361 647 1383; x_wconf 89' lang='lat' dir='ltr'>non</span> <span class='ocrx_word' id='word_1_177' title='bbox 668 1352 828 1392; x_wconf 73' lang='lat' dir='ltr'>accipimus</span> <span class='ocrx_word' id='word_1_178' title='bbox 841 1376 853 1392; x_wconf 91' lang='lat'>‚</span> <span class='ocrx_word' id='word_1_179' title='bbox 874 1351 933 1395; x_wconf 77' lang='lat' dir='ltr'>sed</span> <span class='ocrx_word' id='word_1_180' title='bbox 946 1362 1129 1391; x_wconf 64' lang='lat' dir='ltr'>cummarc-</span> 
     </span>
     <span class='ocr_line' id='line_1_29' title="bbox 242 1405 522 1440; baseline -0.004 -9"><span class='ocrx_word' id='word_1_181' title='bbox 242 1410 311 1432; x_wconf 85' lang='lat' dir='ltr'>mur</span> <span class='ocrx_word' id='word_1_182' title='bbox 336 1405 498 1440; x_wconf 74' lang='lat' dir='ltr'>accepimus</span> <span class='ocrx_word' id='word_1_183' title='bbox 513 1422 522 1430; x_wconf 89' lang='lat'><strong>.</strong></span> 
     </span>
    </p>
   </div>
   <div class='ocr_carea' id='block_1_9' title="bbox 238 1447 1137 2828">
    <p class='ocr_par' dir='ltr' id='par_1_13' title="bbox 243 1447 1133 1681">
     <span class='ocr_line' id='line_1_30' title="bbox 296 1447 1133 1493; baseline 0.005 -11"><span class='ocrx_word' id='word_1_184' title='bbox 296 1447 403 1482; x_wconf 81' lang='lat' dir='ltr'>Nono</span> <span class='ocrx_word' id='word_1_185' title='bbox 414 1473 425 1489; x_wconf 88' lang='lat'>‚</span> <span class='ocrx_word' id='word_1_186' title='bbox 435 1447 591 1480; x_wconf 88' lang='lat' dir='ltr'>definitur</span> <span class='ocrx_word' id='word_1_187' title='bbox 604 1448 693 1491; x_wconf 90' lang='lat' dir='ltr'>quod</span> <span class='ocrx_word' id='word_1_188' title='bbox 705 1448 830 1493; x_wconf 87' lang='lat' dir='ltr'>Pelagii</span> <span class='ocrx_word' id='word_1_189' title='bbox 845 1448 1044 1485; x_wconf 86' lang='lat' dir='ltr'>adsertiones</span> <span class='ocrx_word' id='word_1_190' title='bbox 1055 1462 1133 1485; x_wconf 87' lang='lat' dir='ltr'>con-</span> 
     </span>
     <span class='ocr_line' id='line_1_31' title="bbox 243 1496 1132 1536; baseline 0.004 -4"><span class='ocrx_word' id='word_1_191' title='bbox 243 1498 408 1532; x_wconf 83' lang='lat' dir='ltr'>tradicant</span> <span class='ocrx_word' id='word_1_192' title='bbox 435 1496 635 1531; x_wconf 87' lang='lat' dir='ltr'>solemnibus</span> <span class='ocrx_word' id='word_1_193' title='bbox 647 1497 794 1532; x_wconf 82' lang='lat' dir='ltr'>Ecclefiae</span> <span class='ocrx_word' id='word_1_194' title='bbox 810 1499 1017 1534; x_wconf 88' lang='lat' dir='ltr'>orationibus</span> <span class='ocrx_word' id='word_1_195' title='bbox 1038 1501 1132 1536; x_wconf 87' lang='lat' dir='ltr'>&amp;Sa-</span> 
     </span>
     <span class='ocr_line' id='line_1_32' title="bbox 243 1545 1130 1595; baseline 0.003 -14"><span class='ocrx_word' id='word_1_196' title='bbox 243 1547 415 1582; x_wconf 85' lang='lat' dir='ltr'>cerdotum</span> <span class='ocrx_word' id='word_1_197' title='bbox 444 1545 727 1581; x_wconf 72' lang='lat' dir='ltr'>benedistionibus</span> <span class='ocrx_word' id='word_1_198' title='bbox 747 1570 758 1586; x_wconf 92' lang='lat'>‚</span> <span class='ocrx_word' id='word_1_199' title='bbox 796 1548 912 1594; x_wconf 85' lang='lat' dir='ltr'>quibus</span> <span class='ocrx_word' id='word_1_200' title='bbox 954 1550 1031 1585; x_wconf 88' lang='lat' dir='ltr'>Deo</span> <span class='ocrx_word' id='word_1_201' title='bbox 1053 1551 1130 1595; x_wconf 88' lang='lat' dir='ltr'>Opt.</span> 
     </span>
     <span class='ocr_line' id='line_1_33' title="bbox 244 1595 1131 1649; baseline 0.006 -18"><span class='ocrx_word' id='word_1_202' title='bbox 244 1596 340 1631; x_wconf 86' lang='lat' dir='ltr'>Max.</span> <span class='ocrx_word' id='word_1_203' title='bbox 363 1595 566 1641; x_wconf 84' lang='lat' dir='ltr'>supplicant,</span> <span class='ocrx_word' id='word_1_204' title='bbox 593 1607 629 1635; x_wconf 90' lang='lat' dir='ltr'>ut</span> <span class='ocrx_word' id='word_1_205' title='bbox 645 1597 788 1643; x_wconf 87' lang='lat' dir='ltr'>ipsorum</span> <span class='ocrx_word' id='word_1_206' title='bbox 814 1599 929 1646; x_wconf 85' lang='lat' dir='ltr'>populi</span> <span class='ocrx_word' id='word_1_207' title='bbox 941 1600 1131 1649; x_wconf 70' lang='lat' dir='ltr'>restc&amp;pie</span> 
     </span>
     <span class='ocr_line' id='line_1_34' title="bbox 244 1656 383 1681; baseline -0.007 0"><span class='ocrx_word' id='word_1_208' title='bbox 244 1656 383 1681; x_wconf 84' lang='lat' dir='ltr'>vivant.</span> 
     </span>
    </p>

    <p class='ocr_par' dir='ltr' id='par_1_14' title="bbox 295 1695 1133 1749">
     <span class='ocr_line' id='line_1_35' title="bbox 295 1695 1133 1749; baseline 0.01 -18"><span class='ocrx_word' id='word_1_209' title='bbox 295 1696 440 1732; x_wconf 76' lang='lat' dir='ltr'>Decimo</span> <span class='ocrx_word' id='word_1_210' title='bbox 458 1721 470 1738; x_wconf 89' lang='lat'><strong>,</strong></span> <span class='ocrx_word' id='word_1_211' title='bbox 496 1695 668 1734; x_wconf 86' lang='lat' dir='ltr'>damnatur</span> <span class='ocrx_word' id='word_1_212' title='bbox 692 1711 800 1742; x_wconf 91' lang='lat' dir='ltr'>error,</span> <span class='ocrx_word' id='word_1_213' title='bbox 827 1712 894 1746; x_wconf 90' lang='lat' dir='ltr'>quo</span> <span class='ocrx_word' id='word_1_214' title='bbox 925 1702 1079 1749; x_wconf 83' lang='lat' dir='ltr'>Pelagius</span> <span class='ocrx_word' id='word_1_215' title='bbox 1099 1704 1133 1739; x_wconf 87' lang='lat'>&amp;</span> 
     </span>
    </p>

    <p class='ocr_par' dir='ltr' id='par_1_15' title="bbox 239 1746 1137 2140">
     <span class='ocr_line' id='line_1_36' title="bbox 243 1746 1133 1794; baseline 0.009 -14"><span class='ocrx_word' id='word_1_216' title='bbox 243 1746 404 1782; x_wconf 87' lang='lat' dir='ltr'>Celestius</span> <span class='ocrx_word' id='word_1_217' title='bbox 422 1748 513 1790; x_wconf 83' lang='lat' dir='ltr'>ajunt</span> <span class='ocrx_word' id='word_1_218' title='bbox 538 1750 572 1783; x_wconf 86' lang='lat' dir='ltr'>in</span> <span class='ocrx_word' id='word_1_219' title='bbox 595 1751 737 1793; x_wconf 89' lang='lat' dir='ltr'>parvulis</span> <span class='ocrx_word' id='word_1_220' title='bbox 761 1749 846 1786; x_wconf 87' lang='lat' dir='ltr'>nihil</span> <span class='ocrx_word' id='word_1_221' title='bbox 869 1754 930 1787; x_wconf 73' lang='lat' dir='ltr'>esse</span> <span class='ocrx_word' id='word_1_222' title='bbox 952 1754 1101 1790; x_wconf 88' lang='lat' dir='ltr'>vitiatum</span> <span class='ocrx_word' id='word_1_223' title='bbox 1122 1778 1133 1794; x_wconf 94' lang='lat'>‚</span> 
     </span>
     <span class='ocr_line' id='line_1_37' title="bbox 240 1796 1135 1846; baseline 0.004 -14"><span class='ocrx_word' id='word_1_224' title='bbox 240 1796 330 1833; x_wconf 82' lang='lat' dir='ltr'>nihil</span> <span class='ocrx_word' id='word_1_225' title='bbox 351 1798 451 1833; x_wconf 89' lang='lat' dir='ltr'>teneri</span> <span class='ocrx_word' id='word_1_226' title='bbox 473 1796 531 1833; x_wconf 89' lang='lat' dir='ltr'>sub</span> <span class='ocrx_word' id='word_1_227' title='bbox 552 1800 676 1835; x_wconf 85' lang='lat' dir='ltr'>diaboli</span> <span class='ocrx_word' id='word_1_228' title='bbox 688 1802 846 1844; x_wconf 83' lang='lat' dir='ltr'>potestate</span> <span class='ocrx_word' id='word_1_229' title='bbox 858 1804 1046 1846; x_wconf 87' lang='lat' dir='ltr'>captivum,</span> <span class='ocrx_word' id='word_1_230' title='bbox 1064 1803 1135 1837; x_wconf 91' lang='lat' dir='ltr'>nul-</span> 
     </span>
     <span class='ocr_line' id='line_1_38' title="bbox 239 1845 1132 1896; baseline 0.008 -16"><span class='ocrx_word' id='word_1_231' title='bbox 239 1845 313 1882; x_wconf 83' lang='lat' dir='ltr'>lum</span> <span class='ocrx_word' id='word_1_232' title='bbox 338 1847 401 1883; x_wconf 76' lang='lat' dir='ltr'>esse</span> <span class='ocrx_word' id='word_1_233' title='bbox 427 1848 589 1892; x_wconf 83' lang='lat' dir='ltr'>originale</span> <span class='ocrx_word' id='word_1_234' title='bbox 616 1861 786 1893; x_wconf 86' lang='lat' dir='ltr'>peccatum</span> <span class='ocrx_word' id='word_1_235' title='bbox 803 1876 814 1892; x_wconf 87' lang='lat'><em>,</em></span> <span class='ocrx_word' id='word_1_236' title='bbox 840 1853 1075 1896; x_wconf 87' lang='lat' dir='ltr'>adeoqueillos</span> <span class='ocrx_word' id='word_1_237' title='bbox 1098 1852 1132 1887; x_wconf 80' lang='lat' dir='ltr'>li·</span> 
     </span>
     <span class='ocr_line' id='line_1_39' title="bbox 240 1896 1061 1941; baseline 0.004 -8"><span class='ocrx_word' id='word_1_238' title='bbox 240 1896 294 1933; x_wconf 69' lang='lat' dir='ltr'>tet</span> <span class='ocrx_word' id='word_1_239' title='bbox 310 1908 379 1932; x_wconf 88' lang='lat' dir='ltr'>non</span> <span class='ocrx_word' id='word_1_240' title='bbox 404 1896 626 1941; x_wconf 82' lang='lat' dir='ltr'>baptizentur,</span> <span class='ocrx_word' id='word_1_241' title='bbox 653 1902 780 1935; x_wconf 87' lang='lat' dir='ltr'>futuros</span> <span class='ocrx_word' id='word_1_242' title='bbox 801 1902 835 1935; x_wconf 92' lang='lat' dir='ltr'>in</span> <span class='ocrx_word' id='word_1_243' title='bbox 851 1902 915 1937; x_wconf 87' lang='lat' dir='ltr'>vita</span> <span class='ocrx_word' id='word_1_244' title='bbox 927 1915 1061 1938; x_wconf 82' lang='lat' dir='ltr'>aeterna.</span> 
     </span>
     <span class='ocr_line' id='line_1_40' title="bbox 246 1944 1136 1988; baseline 0.01 -9"><span class='ocrx_word' id='word_1_245' title='bbox 246 1972 249 1974; x_wconf 87' lang='lat'><em>-</em></span> <span class='ocrx_word' id='word_1_246' title='bbox 294 1946 515 1988; x_wconf 79' lang='lat' dir='ltr'>Undecimo,</span> <span class='ocrx_word' id='word_1_247' title='bbox 541 1960 674 1983; x_wconf 90' lang='lat' dir='ltr'>notatur</span> <span class='ocrx_word' id='word_1_248' title='bbox 696 1951 746 1983; x_wconf 88' lang='lat' dir='ltr'>vel</span> <span class='ocrx_word' id='word_1_249' title='bbox 768 1952 985 1986; x_wconf 66' lang='lat' dir='ltr'>contradictio</span> <span class='ocrx_word' id='word_1_250' title='bbox 1010 1944 1061 1987; x_wconf 84' lang='lat' dir='ltr'>vel</span> <span class='ocrx_word' id='word_1_251' title='bbox 1072 1953 1136 1988; x_wconf 60' lang='lat' dir='ltr'>do‘</span> 
     </span>
     <span class='ocr_line' id='line_1_41' title="bbox 242 1995 1137 2043; baseline 0.009 -13"><span class='ocrx_word' id='word_1_252' title='bbox 242 1996 294 2030; x_wconf 88' lang='lat' dir='ltr'>lus</span> <span class='ocrx_word' id='word_1_253' title='bbox 316 1995 471 2037; x_wconf 85' lang='lat' dir='ltr'>Celestii,</span> <span class='ocrx_word' id='word_1_254' title='bbox 498 1998 613 2040; x_wconf 70' lang='lat' dir='ltr'>utpote</span> <span class='ocrx_word' id='word_1_255' title='bbox 631 1998 686 2041; x_wconf 92' lang='lat' dir='ltr'>qui</span> <span class='ocrx_word' id='word_1_256' title='bbox 715 2009 817 2041; x_wconf 87' lang='lat' dir='ltr'>nuper</span> <span class='ocrx_word' id='word_1_257' title='bbox 838 2000 872 2033; x_wconf 90' lang='lat' dir='ltr'>in</span> <span class='ocrx_word' id='word_1_258' title='bbox 887 2000 988 2043; x_wconf 87' lang='lat' dir='ltr'>prima</span> <span class='ocrx_word' id='word_1_259' title='bbox 1001 2002 1137 2037; x_wconf 85' lang='lat' dir='ltr'>Cartha-</span> 
     </span>
     <span class='ocr_line' id='line_1_42' title="bbox 242 2045 1134 2095; baseline 0.012 -17"><span class='ocrx_word' id='word_1_260' title='bbox 242 2045 368 2090; x_wconf 85' lang='lat' dir='ltr'>ginensi</span> <span class='ocrx_word' id='word_1_261' title='bbox 391 2047 529 2088; x_wconf 82' lang='lat' dir='ltr'>Synodo</span> <span class='ocrx_word' id='word_1_262' title='bbox 553 2046 714 2082; x_wconf 70' lang='lat' dir='ltr'>confessus</span> <span class='ocrx_word' id='word_1_263' title='bbox 726 2048 825 2083; x_wconf 89' lang='lat' dir='ltr'>fuerit</span> <span class='ocrx_word' id='word_1_264' title='bbox 840 2060 893 2092; x_wconf 86' lang='lat' dir='ltr'>per</span> <span class='ocrx_word' id='word_1_265' title='bbox 907 2050 1071 2095; x_wconf 85' lang='lat' dir='ltr'>Baptisma</span> <span class='ocrx_word' id='word_1_266' title='bbox 1082 2054 1134 2088; x_wconf 82' lang='lat' dir='ltr'>fle·</span> 
     </span>
     <span class='ocr_line' id='line_1_43' title="bbox 244 2095 909 2140; baseline 0.006 -11"><span class='ocrx_word' id='word_1_267' title='bbox 244 2095 273 2129; x_wconf 89' lang='lat' dir='ltr'>ri</span> <span class='ocrx_word' id='word_1_268' title='bbox 292 2096 548 2139; x_wconf 84' lang='lat' dir='ltr'>redemptionem</span> <span class='ocrx_word' id='word_1_269' title='bbox 568 2096 666 2131; x_wconf 84' lang='lat' dir='ltr'>etiam</span> <span class='ocrx_word' id='word_1_270' title='bbox 679 2098 909 2140; x_wconf 82' lang='lat' dir='ltr'>parvulorum.</span> 
     </span>
    </p>

    <p class='ocr_par' dir='ltr' id='par_1_16' title="bbox 242 2145 1137 2287">
     <span class='ocr_line' id='line_1_44' title="bbox 295 2145 1137 2185; baseline 0.007 -6"><span class='ocrx_word' id='word_1_271' title='bbox 295 2145 508 2180; x_wconf 66' lang='lat' dir='ltr'>Duodecim&amp;</span> <span class='ocrx_word' id='word_1_272' title='bbox 519 2169 529 2184; x_wconf 91' lang='lat'><strong>,</strong></span> <span class='ocrx_word' id='word_1_273' title='bbox 554 2145 743 2181; x_wconf 87' lang='lat' dir='ltr'>adseruntur</span> <span class='ocrx_word' id='word_1_274' title='bbox 762 2158 884 2181; x_wconf 88' lang='lat' dir='ltr'>errores</span> <span class='ocrx_word' id='word_1_275' title='bbox 897 2147 931 2181; x_wconf 88' lang='lat' dir='ltr'>hi</span> <span class='ocrx_word' id='word_1_276' title='bbox 942 2150 1062 2185; x_wconf 81' lang='lat' dir='ltr'>acriter</span> <span class='ocrx_word' id='word_1_277' title='bbox 1077 2151 1137 2185; x_wconf 88' lang='lat' dir='ltr'>ser-</span> 
     </span>
     <span class='ocr_line' id='line_1_45' title="bbox 242 2194 1134 2244; baseline 0.007 -15"><span class='ocrx_word' id='word_1_278' title='bbox 242 2205 319 2239; x_wconf 77' lang='lat' dir='ltr'>pere</span> <span class='ocrx_word' id='word_1_279' title='bbox 330 2217 340 2233; x_wconf 90' lang='lat'>,</span> <span class='ocrx_word' id='word_1_280' title='bbox 362 2194 397 2228; x_wconf 81' lang='grc' dir='ltr'>δε</span> <span class='ocrx_word' id='word_1_281' title='bbox 407 2195 425 2229; x_wconf 64' lang='lat' dir='ltr'>a</span> <span class='ocrx_word' id='word_1_282' title='bbox 438 2196 550 2229; x_wconf 88' lang='lat' dir='ltr'>multis</span> <span class='ocrx_word' id='word_1_283' title='bbox 562 2194 731 2240; x_wconf 84' lang='lat' dir='ltr'>Pelagii&amp;</span> <span class='ocrx_word' id='word_1_284' title='bbox 743 2196 877 2233; x_wconf 82' lang='lat' dir='ltr'>celestii</span> <span class='ocrx_word' id='word_1_285' title='bbox 890 2199 1056 2243; x_wconf 84' lang='lat' dir='ltr'>discipulis</span> <span class='ocrx_word' id='word_1_286' title='bbox 1069 2211 1134 2244; x_wconf 80' lang='lat' dir='ltr'>per-</span> 
     </span>
     <span class='ocr_line' id='line_1_46' title="bbox 244 2243 601 2287; baseline -0.003 -8"><span class='ocrx_word' id='word_1_287' title='bbox 244 2244 396 2279; x_wconf 89' lang='lat' dir='ltr'>tinaciter</span> <span class='ocrx_word' id='word_1_288' title='bbox 415 2243 577 2287; x_wconf 69' lang='lat' dir='ltr'>praedicari</span> <span class='ocrx_word' id='word_1_289' title='bbox 593 2270 601 2278; x_wconf 89' lang='lat'><em>.</em></span> 
     </span>
    </p>

    <p class='ocr_par' dir='ltr' id='par_1_17' title="bbox 295 2293 1137 2340">
     <span class='ocr_line' id='line_1_47' title="bbox 295 2293 1137 2340; baseline 0.008 -12"><span class='ocrx_word' id='word_1_290' title='bbox 295 2293 548 2328; x_wconf 76' lang='lat' dir='ltr'>Decimo-tertio</span> <span class='ocrx_word' id='word_1_291' title='bbox 567 2319 578 2335; x_wconf 88' lang='lat'>‚</span> <span class='ocrx_word' id='word_1_292' title='bbox 607 2305 674 2329; x_wconf 89' lang='lat' dir='ltr'>non</span> <span class='ocrx_word' id='word_1_293' title='bbox 705 2296 807 2331; x_wconf 85' lang='lat' dir='ltr'>solius</span> <span class='ocrx_word' id='word_1_294' title='bbox 831 2297 965 2333; x_wconf 81' lang='lat' dir='ltr'>Celestii</span> <span class='ocrx_word' id='word_1_295' title='bbox 987 2324 998 2340; x_wconf 89' lang='lat'>,</span> <span class='ocrx_word' id='word_1_296' title='bbox 1025 2300 1078 2334; x_wconf 86' lang='lat' dir='ltr'>sed</span> <span class='ocrx_word' id='word_1_297' title='bbox 1104 2301 1137 2334; x_wconf 91' lang='lat'>&amp;</span> 
     </span>
    </p>

    <p class='ocr_par' dir='ltr' id='par_1_18' title="bbox 238 2343 1137 2828">
     <span class='ocr_line' id='line_1_48' title="bbox 238 2343 1137 2393; baseline 0.009 -16"><span class='ocrx_word' id='word_1_298' title='bbox 238 2343 375 2388; x_wconf 51' lang='lat' dir='ltr'>¹Pelagii</span> <span class='ocrx_word' id='word_1_299' title='bbox 403 2345 569 2378; x_wconf 86' lang='lat' dir='ltr'>conversio</span> <span class='ocrx_word' id='word_1_300' title='bbox 599 2355 734 2380; x_wconf 88' lang='lat' dir='ltr'>vocatur</span> <span class='ocrx_word' id='word_1_301' title='bbox 754 2348 790 2381; x_wconf 92' lang='lat' dir='ltr'>in</span> <span class='ocrx_word' id='word_1_302' title='bbox 809 2345 948 2382; x_wconf 89' lang='lat' dir='ltr'>dubium</span> <span class='ocrx_word' id='word_1_303' title='bbox 964 2363 975 2383; x_wconf 93' lang='lat'>.·</span> <span class='ocrx_word' id='word_1_304' title='bbox 1003 2349 1137 2393; x_wconf 78' lang='lat' dir='ltr'>Utpote</span> 
     </span>
     <span class='ocr_line' id='line_1_49' title="bbox 245 2394 1137 2441; baseline 0.009 -14"><span class='ocrx_word' id='word_1_305' title='bbox 245 2394 303 2438; x_wconf 80' lang='lat' dir='ltr'>qui</span> <span class='ocrx_word' id='word_1_306' title='bbox 330 2395 385 2428; x_wconf 86' lang='lat' dir='ltr'>sua</span> <span class='ocrx_word' id='word_1_307' title='bbox 415 2396 526 2428; x_wconf 74' lang='lat' dir='ltr'>cuneta</span> <span class='ocrx_word' id='word_1_308' title='bbox 560 2395 593 2428; x_wconf 74' lang='grc' dir='ltr'>ὅ(</span> <span class='ocrx_word' id='word_1_309' title='bbox 621 2395 719 2430; x_wconf 68' lang='lat' dir='ltr'>Dicta</span> <span class='ocrx_word' id='word_1_310' title='bbox 745 2397 778 2430; x_wconf 90' lang='lat'>&amp;</span> <span class='ocrx_word' id='word_1_311' title='bbox 799 2397 924 2441; x_wconf 87' lang='lat' dir='ltr'>Scripta</span> <span class='ocrx_word' id='word_1_312' title='bbox 948 2399 1137 2434; x_wconf 88' lang='lat' dir='ltr'>inficientur</span> 
     </span>
     <span class='ocr_line' id='line_1_50' title="bbox 245 2443 1135 2494; baseline 0.007 -15"><span class='ocrx_word' id='word_1_313' title='bbox 245 2445 309 2479; x_wconf 84' lang='lat' dir='ltr'>effe</span> <span class='ocrx_word' id='word_1_314' title='bbox 336 2445 414 2484; x_wconf 86' lang='lat' dir='ltr'>sua,</span> <span class='ocrx_word' id='word_1_315' title='bbox 438 2443 578 2489; x_wconf 86' lang='lat' dir='ltr'>ideoque</span> <span class='ocrx_word' id='word_1_316' title='bbox 603 2445 645 2480; x_wconf 90' lang='lat' dir='ltr'>de</span> <span class='ocrx_word' id='word_1_317' title='bbox 672 2446 845 2482; x_wconf 85' lang='lat' dir='ltr'>mendacio</span> <span class='ocrx_word' id='word_1_318' title='bbox 870 2448 931 2483; x_wconf 76' lang='lat' dir='ltr'>sint</span> <span class='ocrx_word' id='word_1_319' title='bbox 953 2450 1060 2494; x_wconf 76' lang='lat' dir='ltr'>palam</span> <span class='ocrx_word' id='word_1_320' title='bbox 1072 2451 1135 2486; x_wconf 88' lang='lat' dir='ltr'>sus-</span> 
     </span>
     <span class='ocr_line' id='line_1_51' title="bbox 247 2494 349 2540; baseline 0 -14"><span class='ocrx_word' id='word_1_321' title='bbox 247 2494 349 2540; x_wconf 68' lang='lat' dir='ltr'>pesti.</span> 
     </span>
     <span class='ocr_line' id='line_1_52' title="bbox 244 2540 1135 2585; baseline 0.013 -12"><span class='ocrx_word' id='word_1_322' title='bbox 244 2571 246 2573; x_wconf 90' lang='lat'>.</span> <span class='ocrx_word' id='word_1_323' title='bbox 299 2540 593 2585; x_wconf 71' lang='lat' dir='ltr'>Decitno-quarto,</span> <span class='ocrx_word' id='word_1_324' title='bbox 618 2545 733 2579; x_wconf 90' lang='lat' dir='ltr'>eodem</span> <span class='ocrx_word' id='word_1_325' title='bbox 754 2557 793 2580; x_wconf 81' lang='lat' dir='ltr'>ex</span> <span class='ocrx_word' id='word_1_326' title='bbox 815 2547 1031 2584; x_wconf 83' lang='lat' dir='ltr'>fundamento</span> <span class='ocrx_word' id='word_1_327' title='bbox 1054 2551 1135 2584; x_wconf 90' lang='lat' dir='ltr'>Dio-</span> 
     </span>
     <span class='ocr_line' id='line_1_53' title="bbox 247 2591 1136 2636; baseline 0.008 -9"><span class='ocrx_word' id='word_1_328' title='bbox 247 2591 416 2635; x_wconf 82' lang='lat' dir='ltr'>spolitanae</span> <span class='ocrx_word' id='word_1_329' title='bbox 436 2595 535 2626; x_wconf 87' lang='lat' dir='ltr'>etiam</span> <span class='ocrx_word' id='word_1_330' title='bbox 557 2593 683 2635; x_wconf 86' lang='lat' dir='ltr'>Synodi</span> <span class='ocrx_word' id='word_1_331' title='bbox 703 2594 862 2636; x_wconf 80' lang='lat' dir='ltr'>judicium</span> <span class='ocrx_word' id='word_1_332' title='bbox 883 2600 1064 2634; x_wconf 84' lang='lat' dir='ltr'>vocatutin</span> <span class='ocrx_word' id='word_1_333' title='bbox 1076 2599 1136 2636; x_wconf 88' lang='lat' dir='ltr'>du·</span> 
     </span>
     <span class='ocr_line' id='line_1_54' title="bbox 247 2641 1134 2691; baseline 0.009 -15"><span class='ocrx_word' id='word_1_334' title='bbox 247 2641 340 2676; x_wconf 84' lang='lat' dir='ltr'>bium</span> <span class='ocrx_word' id='word_1_335' title='bbox 362 2656 370 2676; x_wconf 70' lang='grc' dir='ltr'><strong>ε</strong></span> <span class='ocrx_word' id='word_1_336' title='bbox 402 2643 456 2676; x_wconf 92' lang='lat' dir='ltr'>De</span> <span class='ocrx_word' id='word_1_337' title='bbox 479 2642 669 2685; x_wconf 86' lang='lat' dir='ltr'>obreptione</span> <span class='ocrx_word' id='word_1_338' title='bbox 700 2645 734 2678; x_wconf 90' lang='lat'>&amp;</span> <span class='ocrx_word' id='word_1_339' title='bbox 765 2647 1066 2691; x_wconf 82' lang='lat' dir='ltr'>circumscriptione</span> <span class='ocrx_word' id='word_1_340' title='bbox 1091 2652 1134 2684; x_wconf 87' lang='lat' dir='ltr'>est</span> 
     </span>
     <span class='ocr_line' id='line_1_55' title="bbox 246 2691 1132 2741; baseline 0.01 -15"><span class='ocrx_word' id='word_1_341' title='bbox 246 2693 425 2736; x_wconf 69' lang='lat' dir='ltr'>suspec&#39;tum</span> <span class='ocrx_word' id='word_1_342' title='bbox 445 2716 453 2724; x_wconf 90' lang='lat'><strong>.</strong></span> <span class='ocrx_word' id='word_1_343' title='bbox 489 2691 639 2736; x_wconf 86' lang='lat' dir='ltr'>Rogatur</span> <span class='ocrx_word' id='word_1_344' title='bbox 665 2693 822 2729; x_wconf 84' lang='lat' dir='ltr'>Pontifex</span> <span class='ocrx_word' id='word_1_345' title='bbox 845 2720 855 2736; x_wconf 91' lang='lat'>‚</span> <span class='ocrx_word' id='word_1_346' title='bbox 891 2706 927 2730; x_wconf 92' lang='lat' dir='ltr'>ut</span> <span class='ocrx_word' id='word_1_347' title='bbox 954 2699 1061 2741; x_wconf 85' lang='lat' dir='ltr'>ipsum</span> <span class='ocrx_word' id='word_1_348' title='bbox 1086 2700 1132 2734; x_wconf 88' lang='lat' dir='ltr'>di-</span> 
     </span>
     <span class='ocr_line' id='line_1_56' title="bbox 246 2742 1133 2787; baseline 0.009 -10"><span class='ocrx_word' id='word_1_349' title='bbox 246 2742 386 2782; x_wconf 79' lang='lat' dir='ltr'>sentiat,</span> <span class='ocrx_word' id='word_1_350' title='bbox 410 2753 448 2776; x_wconf 90' lang='lat' dir='ltr'>ac</span> <span class='ocrx_word' id='word_1_351' title='bbox 465 2742 592 2787; x_wconf 82' lang='lat' dir='ltr'>Pelagii</span> <span class='ocrx_word' id='word_1_352' title='bbox 617 2743 855 2782; x_wconf 81' lang='lat' dir='ltr'>absolutionem</span> <span class='ocrx_word' id='word_1_353' title='bbox 881 2748 1054 2784; x_wconf 89' lang='lat' dir='ltr'>confirmet</span> <span class='ocrx_word' id='word_1_354' title='bbox 1078 2759 1133 2785; x_wconf 88' lang='lat' dir='ltr'>aut</span> 
     </span>
     <span class='ocr_line' id='line_1_57' title="bbox 246 2793 424 2828; baseline -0.006 -1"><span class='ocrx_word' id='word_1_355' title='bbox 246 2793 397 2828; x_wconf 79' lang='lat' dir='ltr'>exsufflet</span> <span class='ocrx_word' id='word_1_356' title='bbox 416 2817 424 2825; x_wconf 91' lang='lat'><strong>.</strong></span> 
     </span>
    </p>
   </div>
   <div class='ocr_carea' id='block_1_10' title="bbox 296 2891 1083 2982">
    <p class='ocr_par' dir='ltr' id='par_1_19' title="bbox 296 2891 1083 2982">
     <span class='ocr_line' id='line_1_58' title="bbox 296 2891 1083 2933; baseline 0.006 -5"><span class='ocrx_word' id='word_1_357' title='bbox 296 2891 814 2931; x_wconf 84' lang='lat' dir='ltr'>INNOCENTII</span> <span class='ocrx_word' id='word_1_358' title='bbox 863 2897 1083 2933; x_wconf 83' lang='lat' dir='ltr'>PRIMI</span> 
     </span>
     <span class='ocr_line' id='line_1_59' title="bbox 495 2943 871 2982; baseline 0.011 -5"><span class='ocrx_word' id='word_1_359' title='bbox 495 2943 871 2982; x_wconf 82' lang='lat' dir='ltr'>PONTIFICIS.</span> 
     </span>
    </p>
   </div>
   <div class='ocr_carea' id='block_1_11' title="bbox 446 3043 918 3087">
    <p class='ocr_par' dir='ltr' id='par_1_20' title="bbox 446 3043 918 3087">
     <span class='ocr_line' id='line_1_60' title="bbox 446 3043 918 3087; baseline 0.008 -10"><span class='ocrx_word' id='word_1_360' title='bbox 446 3047 493 3077; x_wconf 86' lang='lat' dir='ltr'>De</span> <span class='ocrx_word' id='word_1_361' title='bbox 526 3043 581 3079; x_wconf 84' lang='lat' dir='ltr'>bac</span> <span class='ocrx_word' id='word_1_362' title='bbox 613 3047 722 3085; x_wconf 63' lang='lat' dir='ltr'>synodo</span> <span class='ocrx_word' id='word_1_363' title='bbox 748 3048 897 3087; x_wconf 69' lang='lat' dir='ltr'>‚iudicium</span> <span class='ocrx_word' id='word_1_364' title='bbox 910 3074 918 3082; x_wconf 92' lang='lat'>.</span> 
     </span>
    </p>
   </div>
   <div class='ocr_carea' id='block_1_12' title="bbox 248 3142 1130 3340">
    <p class='ocr_par' dir='ltr' id='par_1_21' title="bbox 343 3142 1130 3241">
     <span class='ocr_line' id='line_1_61' title="bbox 343 3142 1129 3191; baseline 0.009 -14"><span class='ocrx_word' id='word_1_365' title='bbox 343 3142 434 3178; x_wconf 89' lang='lat' dir='ltr'>Mnis</span> <span class='ocrx_word' id='word_1_366' title='bbox 455 3144 538 3179; x_wconf 87' lang='lat' dir='ltr'>circa</span> <span class='ocrx_word' id='word_1_367' title='bbox 552 3143 649 3180; x_wconf 84' lang='lat' dir='ltr'>fidem</span> <span class='ocrx_word' id='word_1_368' title='bbox 660 3147 791 3191; x_wconf 82' lang='lat' dir='ltr'>quaestio</span> <span class='ocrx_word' id='word_1_369' title='bbox 805 3149 925 3191; x_wconf 89' lang='lat' dir='ltr'>semper</span> <span class='ocrx_word' id='word_1_370' title='bbox 935 3149 999 3183; x_wconf 90' lang='lat' dir='ltr'>fuit</span> <span class='ocrx_word' id='word_1_371' title='bbox 1011 3148 1053 3183; x_wconf 88' lang='lat' dir='ltr'>de</span> <span class='ocrx_word' id='word_1_372' title='bbox 1064 3159 1129 3183; x_wconf 88' lang='lat' dir='ltr'>ma·</span> 
     </span>
     <span class='ocr_line' id='line_1_62' title="bbox 367 3193 1130 3241; baseline 0.009 -15"><span class='ocrx_word' id='word_1_373' title='bbox 367 3193 488 3235; x_wconf 84' lang='lat' dir='ltr'>joribus</span> <span class='ocrx_word' id='word_1_374' title='bbox 515 3196 663 3231; x_wconf 65' lang='lat' dir='ltr'>Ecclesiae</span> <span class='ocrx_word' id='word_1_375' title='bbox 696 3199 795 3232; x_wconf 86' lang='lat' dir='ltr'>causis</span> <span class='ocrx_word' id='word_1_376' title='bbox 812 3222 824 3238; x_wconf 91' lang='lat'><em>,</em></span> <span class='ocrx_word' id='word_1_377' title='bbox 854 3199 984 3241; x_wconf 76' lang='lat' dir='ltr'>ejusque</span> <span class='ocrx_word' id='word_1_378' title='bbox 1009 3199 1130 3233; x_wconf 82' lang='lat' dir='ltr'>decisio</span> 
     </span>
    </p>

    <p class='ocr_par' dir='ltr' id='par_1_22' title="bbox 248 3243 1128 3340">
     <span class='ocr_line' id='line_1_63' title="bbox 249 3243 1128 3291; baseline 0.008 -15"><span class='ocrx_word' id='word_1_379' title='bbox 249 3243 331 3277; x_wconf 76' lang='lat' dir='ltr'>adeo</span> <span class='ocrx_word' id='word_1_380' title='bbox 352 3243 472 3284; x_wconf 74' lang='lat' dir='ltr'>private</span> <span class='ocrx_word' id='word_1_381' title='bbox 496 3245 647 3288; x_wconf 67' lang='lat' dir='ltr'>spectavit</span> <span class='ocrx_word' id='word_1_382' title='bbox 668 3247 709 3280; x_wconf 85' lang='lat' dir='ltr'>ad</span> <span class='ocrx_word' id='word_1_383' title='bbox 732 3248 848 3282; x_wconf 87' lang='lat' dir='ltr'>Sedem</span> <span class='ocrx_word' id='word_1_384' title='bbox 870 3247 1096 3291; x_wconf 83' lang='lat' dir='ltr'>Apostolicam</span> <span class='ocrx_word' id='word_1_385' title='bbox 1118 3274 1128 3289; x_wconf 90' lang='lat'><em>,</em></span> 
     </span>
     <span class='ocr_line' id='line_1_64' title="bbox 248 3291 1127 3340; baseline 0.005 -14"><span class='ocrx_word' id='word_1_386' title='bbox 248 3303 286 3326; x_wconf 91' lang='lat' dir='ltr'>ut</span> <span class='ocrx_word' id='word_1_387' title='bbox 311 3303 370 3326; x_wconf 91' lang='lat' dir='ltr'>nec</span> <span class='ocrx_word' id='word_1_388' title='bbox 392 3292 459 3325; x_wconf 84' lang='lat' dir='ltr'>ulla</span> <span class='ocrx_word' id='word_1_389' title='bbox 479 3291 702 3331; x_wconf 72' lang='lat' dir='ltr'>patriarchalis</span> <span class='ocrx_word' id='word_1_390' title='bbox 728 3298 880 3340; x_wconf 87' lang='lat' dir='ltr'>Synodus</span> <span class='ocrx_word' id='word_1_391' title='bbox 898 3299 965 3332; x_wconf 86' lang='lat' dir='ltr'>fine</span> <span class='ocrx_word' id='word_1_392' title='bbox 984 3300 1066 3333; x_wconf 63' lang='lat' dir='ltr'>facia</span> <span class='ocrx_word' id='word_1_393' title='bbox 1089 3298 1127 3332; x_wconf 88' lang='lat' dir='ltr'>ad</span> 
     </span>
    </p>
   </div>
   <div class='ocr_carea' id='block_1_13' title="bbox 248 3342 1295 3391">
    <p class='ocr_par' dir='ltr' id='par_1_23' title="bbox 248 3342 1295 3391">
     <span class='ocr_line' id='line_1_65' title="bbox 248 3342 1295 3391; baseline 0.011 -15"><span class='ocrx_word' id='word_1_394' title='bbox 248 3343 351 3385; x_wconf 84' lang='lat' dir='ltr'>ipsam</span> <span class='ocrx_word' id='word_1_395' title='bbox 372 3342 531 3376; x_wconf 86' lang='lat' dir='ltr'>relatione</span> <span class='ocrx_word' id='word_1_396' title='bbox 550 3347 691 3386; x_wconf 86' lang='lat' dir='ltr'>potuerit</span> <span class='ocrx_word' id='word_1_397' title='bbox 715 3348 849 3382; x_wconf 88' lang='lat' dir='ltr'>definire</span> <span class='ocrx_word' id='word_1_398' title='bbox 863 3372 870 3380; x_wconf 94' lang='lat'><strong><em>.</em></strong></span> <span class='ocrx_word' id='word_1_399' title='bbox 898 3348 990 3382; x_wconf 91' lang='lat' dir='ltr'>Hinc</span> <span class='ocrx_word' id='word_1_400' title='bbox 1011 3350 1044 3383; x_wconf 89' lang='lat'>&amp;</span> <span class='ocrx_word' id='word_1_401' title='bbox 1057 3360 1124 3391; x_wconf 61' lang='lat' dir='ltr'>prae&gt;</span> <span class='ocrx_word' id='word_1_402' title='bbox 1184 3347 1256 3385; x_wconf 74' lang='lat' dir='ltr'>stros</span> <span class='ocrx_word' id='word_1_403' title='bbox 1283 3372 1295 3387; x_wconf 76' lang='grc'><strong>»</strong></span> 
     </span>
    </p>
   </div>
   <div class='ocr_carea' id='block_1_14' title="bbox 1150 2275 1154 2476">
    <p class='ocr_par' dir='ltr' id='par_1_24' title="bbox 1150 2275 1154 2476">
     <span class='ocr_line' id='line_1_66' title="bbox 1150 2275 1154 2476; baseline 0 1260"><span class='ocrx_word' id='word_1_404' title='bbox 1150 2275 1154 2476; x_wconf 95' lang='lat' dir='ltr'> </span> 
     </span>
    </p>
   </div>
   <div class='ocr_carea' id='block_1_15' title="bbox 1149 2477 1154 2662">
    <p class='ocr_par' dir='ltr' id='par_1_25' title="bbox 1149 2477 1154 2662">
     <span class='ocr_line' id='line_1_67' title="bbox 1149 2477 1154 2662; baseline 0 1074"><span class='ocrx_word' id='word_1_405' title='bbox 1149 2477 1154 2662; x_wconf 95' lang='lat' dir='ltr'> </span> 
     </span>
    </p>
   </div>
   <div class='ocr_carea' id='block_1_16' title="bbox 1146 2664 1153 2913">
    <p class='ocr_par' dir='ltr' id='par_1_26' title="bbox 1146 2664 1153 2913">
     <span class='ocr_line' id='line_1_68' title="bbox 1146 2664 1153 2913; baseline 0 823"><span class='ocrx_word' id='word_1_406' title='bbox 1146 2664 1153 2913; x_wconf 95' lang='lat' dir='ltr'> </span> 
     </span>
    </p>
   </div>
   <div class='ocr_carea' id='block_1_17' title="bbox 1189 347 2087 1892">
    <p class='ocr_par' dir='ltr' id='par_1_27' title="bbox 1189 347 2087 1892">
     <span class='ocr_line' id='line_1_69' title="bbox 1193 347 2080 396; baseline 0.005 -13"><span class='ocrx_word' id='word_1_407' title='bbox 1193 362 1242 383; x_wconf 87' lang='lat' dir='ltr'>nec</span> <span class='ocrx_word' id='word_1_408' title='bbox 1267 351 1350 382; x_wconf 78' lang='lat' dir='ltr'>illum</span> <span class='ocrx_word' id='word_1_409' title='bbox 1375 347 1555 389; x_wconf 71' lang='lat' dir='ltr'>considerant</span> <span class='ocrx_word' id='word_1_410' title='bbox 1571 375 1581 389; x_wconf 92' lang='lat'>,</span> <span class='ocrx_word' id='word_1_411' title='bbox 1608 355 1691 392; x_wconf 78' lang='lat' dir='ltr'>cujus</span> <span class='ocrx_word' id='word_1_412' title='bbox 1719 355 1846 394; x_wconf 77' lang='lat' dir='ltr'>quotidie</span> <span class='ocrx_word' id='word_1_413' title='bbox 1866 356 2001 396; x_wconf 75' lang='lat' dir='ltr'>gratiam</span> <span class='ocrx_word' id='word_1_414' title='bbox 2015 366 2080 387; x_wconf 85' lang='lat' dir='ltr'>con-</span> 
     </span>
     <span class='ocr_line' id='line_1_70' title="bbox 1189 398 2080 442; baseline 0.006 -9"><span class='ocrx_word' id='word_1_415' title='bbox 1189 398 1379 442; x_wconf 79' lang='lat' dir='ltr'>sequuntur?</span> <span class='ocrx_word' id='word_1_416' title='bbox 1409 400 1539 441; x_wconf 83' lang='lat' dir='ltr'>Dogma</span> <span class='ocrx_word' id='word_1_417' title='bbox 1564 399 1646 434; x_wconf 85' lang='lat' dir='ltr'>istud</span> <span class='ocrx_word' id='word_1_418' title='bbox 1668 401 1836 437; x_wconf 85' lang='lat' dir='ltr'>barbarum</span> <span class='ocrx_word' id='word_1_419' title='bbox 1860 415 1897 438; x_wconf 86' lang='lat' dir='ltr'>ac</span> <span class='ocrx_word' id='word_1_420' title='bbox 1921 405 2023 437; x_wconf 85' lang='lat' dir='ltr'>totius</span> <span class='ocrx_word' id='word_1_421' title='bbox 2037 416 2080 438; x_wconf 88' lang='lat' dir='ltr'>te·</span> 
     </span>
     <span class='ocr_line' id='line_1_71' title="bbox 1194 447 2080 494; baseline 0.006 -12"><span class='ocrx_word' id='word_1_422' title='bbox 1194 449 1327 494; x_wconf 83' lang='lat' dir='ltr'>ligionis</span> <span class='ocrx_word' id='word_1_423' title='bbox 1354 447 1526 493; x_wconf 86' lang='lat' dir='ltr'>ignarum,</span> <span class='ocrx_word' id='word_1_424' title='bbox 1554 460 1590 481; x_wconf 86' lang='lat' dir='ltr'>ac</span> <span class='ocrx_word' id='word_1_425' title='bbox 1612 451 1677 492; x_wconf 73' lang='lat' dir='ltr'>ejus</span> <span class='ocrx_word' id='word_1_426' title='bbox 1704 452 1881 487; x_wconf 85' lang='lat' dir='ltr'>adsertores</span> <span class='ocrx_word' id='word_1_427' title='bbox 1903 454 1949 487; x_wconf 84' lang='lat' dir='ltr'>ait</span> <span class='ocrx_word' id='word_1_428' title='bbox 1962 452 2003 487; x_wconf 91' lang='lat' dir='ltr'>ab</span> <span class='ocrx_word' id='word_1_429' title='bbox 2013 466 2080 487; x_wconf 86' lang='lat' dir='ltr'>om-</span> 
     </span>
     <span class='ocr_line' id='line_1_72' title="bbox 1194 498 2080 538; baseline 0.007 -6"><span class='ocrx_word' id='word_1_430' title='bbox 1194 499 1228 532; x_wconf 85' lang='lat' dir='ltr'>ni</span> <span class='ocrx_word' id='word_1_431' title='bbox 1250 498 1376 533; x_wconf 87' lang='lat' dir='ltr'>Divina</span> <span class='ocrx_word' id='word_1_432' title='bbox 1402 498 1517 531; x_wconf 87' lang='lat' dir='ltr'>Gratia</span> <span class='ocrx_word' id='word_1_433' title='bbox 1539 509 1658 533; x_wconf 85' lang='lat' dir='ltr'>vacuos</span> <span class='ocrx_word' id='word_1_434' title='bbox 1680 501 1742 534; x_wconf 77' lang='lat' dir='ltr'>esse</span> <span class='ocrx_word' id='word_1_435' title='bbox 1763 513 1967 537; x_wconf 84' lang='lat' dir='ltr'>acextorres.</span> <span class='ocrx_word' id='word_1_436' title='bbox 1998 505 2080 538; x_wconf 83' lang='lat' dir='ltr'>Gra-</span> 
     </span>
     <span class='ocr_line' id='line_1_73' title="bbox 1192 547 2079 596; baseline 0.007 -14"><span class='ocrx_word' id='word_1_437' title='bbox 1192 550 1270 583; x_wconf 88' lang='lat' dir='ltr'>tiam</span> <span class='ocrx_word' id='word_1_438' title='bbox 1298 547 1446 581; x_wconf 83' lang='lat' dir='ltr'>adfirmat</span> <span class='ocrx_word' id='word_1_439' title='bbox 1470 548 1531 583; x_wconf 79' lang='lat' dir='ltr'>esse</span> <span class='ocrx_word' id='word_1_440' title='bbox 1553 559 1621 581; x_wconf 86' lang='lat' dir='ltr'>non</span> <span class='ocrx_word' id='word_1_441' title='bbox 1636 560 1780 584; x_wconf 86' lang='lat' dir='ltr'>naturam</span> <span class='ocrx_word' id='word_1_442' title='bbox 1794 576 1806 591; x_wconf 88' lang='lat'><em>‚</em></span> <span class='ocrx_word' id='word_1_443' title='bbox 1831 564 1886 586; x_wconf 92' lang='lat' dir='ltr'>aut</span> <span class='ocrx_word' id='word_1_444' title='bbox 1899 554 1999 587; x_wconf 89' lang='lat' dir='ltr'>ullam</span> <span class='ocrx_word' id='word_1_445' title='bbox 2011 554 2079 596; x_wconf 78' lang='lat' dir='ltr'>ejus</span> 
     </span>
     <span class='ocr_line' id='line_1_74' title="bbox 1194 598 2080 642; baseline 0.005 -9"><span class='ocrx_word' id='word_1_446' title='bbox 1194 598 1439 642; x_wconf 86' lang='lat' dir='ltr'>poffibilitatem</span> <span class='ocrx_word' id='word_1_447' title='bbox 1466 598 1518 633; x_wconf 88' lang='lat' dir='ltr'>seu</span> <span class='ocrx_word' id='word_1_448' title='bbox 1548 598 1651 637; x_wconf 84' lang='lat' dir='ltr'>vires.</span> <span class='ocrx_word' id='word_1_449' title='bbox 1678 599 1781 634; x_wconf 73' lang='lat' dir='ltr'>immo</span> <span class='ocrx_word' id='word_1_450' title='bbox 1793 612 1850 634; x_wconf 87' lang='lat' dir='ltr'>nec</span> <span class='ocrx_word' id='word_1_451' title='bbox 1863 603 2080 638; x_wconf 84' lang='lat' dir='ltr'>remissionem</span> 
     </span>
     <span class='ocr_line' id='line_1_75' title="bbox 1195 647 2080 695; baseline 0.006 -13"><span class='ocrx_word' id='word_1_452' title='bbox 1195 659 1402 692; x_wconf 87' lang='lat' dir='ltr'>peccatorum</span> <span class='ocrx_word' id='word_1_453' title='bbox 1416 672 1426 688; x_wconf 94' lang='lat'><strong><em>,</em></strong></span> <span class='ocrx_word' id='word_1_454' title='bbox 1455 647 1679 689; x_wconf 85' lang='lat' dir='ltr'>autjustitiam</span> <span class='ocrx_word' id='word_1_455' title='bbox 1691 649 1910 688; x_wconf 85' lang='lat' dir='ltr'>habitualem,</span> <span class='ocrx_word' id='word_1_456' title='bbox 1937 651 1989 685; x_wconf 90' lang='lat' dir='ltr'>sed</span> <span class='ocrx_word' id='word_1_457' title='bbox 2003 665 2080 695; x_wconf 90' lang='lat' dir='ltr'>quo-</span> 
     </span>
     <span class='ocr_line' id='line_1_76' title="bbox 1194 697 2083 743; baseline 0.004 -11"><span class='ocrx_word' id='word_1_458' title='bbox 1194 697 1355 733; x_wconf 88' lang='lat' dir='ltr'>tidianum</span> <span class='ocrx_word' id='word_1_459' title='bbox 1384 697 1424 732; x_wconf 84' lang='lat' dir='ltr'>ad</span> <span class='ocrx_word' id='word_1_460' title='bbox 1444 698 1586 742; x_wconf 85' lang='lat' dir='ltr'>singulos</span> <span class='ocrx_word' id='word_1_461' title='bbox 1607 699 1695 731; x_wconf 63' lang='lat' dir='ltr'>aecus</span> <span class='ocrx_word' id='word_1_462' title='bbox 1719 700 1929 733; x_wconf 84' lang='lat' dir='ltr'>necessarium</span> <span class='ocrx_word' id='word_1_463' title='bbox 1955 700 2083 743; x_wconf 80' lang='lat' dir='ltr'>adJuto·</span> 
     </span>
     <span class='ocr_line' id='line_1_77' title="bbox 1195 747 2083 792; baseline 0.005 -11"><span class='ocrx_word' id='word_1_464' title='bbox 1195 749 1276 782; x_wconf 90' lang='lat' dir='ltr'>rium</span> <span class='ocrx_word' id='word_1_465' title='bbox 1301 774 1311 790; x_wconf 90' lang='lat'>‚</span> <span class='ocrx_word' id='word_1_466' title='bbox 1340 749 1373 781; x_wconf 71' lang='grc' dir='ltr'>ὅς</span> <span class='ocrx_word' id='word_1_467' title='bbox 1401 747 1572 781; x_wconf 86' lang='lat' dir='ltr'>concludit</span> <span class='ocrx_word' id='word_1_468' title='bbox 1593 760 1601 780; x_wconf 74' lang='grc' dir='ltr'>ε</span> <span class='ocrx_word' id='word_1_469' title='bbox 1631 748 1746 791; x_wconf 84' lang='lat' dir='ltr'>Neceffe</span> <span class='ocrx_word' id='word_1_470' title='bbox 1770 749 1829 788; x_wconf 80' lang='lat' dir='ltr'>est,</span> <span class='ocrx_word' id='word_1_471' title='bbox 1855 759 1888 782; x_wconf 84' lang='lat' dir='ltr'>ut</span> <span class='ocrx_word' id='word_1_472' title='bbox 1915 762 1969 792; x_wconf 86' lang='lat' dir='ltr'>quo</span> <span class='ocrx_word' id='word_1_473' title='bbox 1994 759 2083 785; x_wconf 71' lang='lat' dir='ltr'>auxi·</span> 
     </span>
     <span class='ocr_line' id='line_1_78' title="bbox 1193 800 2082 841; baseline 0.004 -10"><span class='ocrx_word' id='word_1_474' title='bbox 1193 801 1286 831; x_wconf 81' lang='lat' dir='ltr'>liame</span> <span class='ocrx_word' id='word_1_475' title='bbox 1311 803 1485 840; x_wconf 79' lang='lat' dir='ltr'>vincimus,</span> <span class='ocrx_word' id='word_1_476' title='bbox 1512 810 1545 833; x_wconf 83' lang='lat' dir='ltr'>eo</span> <span class='ocrx_word' id='word_1_477' title='bbox 1568 802 1676 832; x_wconf 81' lang='lat' dir='ltr'>iterum</span> <span class='ocrx_word' id='word_1_478' title='bbox 1701 809 1758 832; x_wconf 83' lang='lat' dir='ltr'>non</span> <span class='ocrx_word' id='word_1_479' title='bbox 1785 800 1957 841; x_wconf 77' lang='lat' dir='ltr'>adjuvante</span> <span class='ocrx_word' id='word_1_480' title='bbox 1971 807 2082 836; x_wconf 86' lang='lat' dir='ltr'>vinca-</span> 
     </span>
     <span class='ocr_line' id='line_1_79' title="bbox 1193 860 2032 882; baseline 0 -1"><span class='ocrx_word' id='word_1_481' title='bbox 1193 860 1274 882; x_wconf 89' lang='lat' dir='ltr'>mur.</span> <span class='ocrx_word' id='word_1_482' title='bbox 2030 861 2032 863; x_wconf 96' lang='lat'>·</span> 
     </span>
     <span class='ocr_line' id='line_1_80' title="bbox 1244 897 2081 943; baseline 0.007 -12"><span class='ocrx_word' id='word_1_483' title='bbox 1244 897 1380 943; x_wconf 85' lang='lat' dir='ltr'>Pelagio</span> <span class='ocrx_word' id='word_1_484' title='bbox 1404 898 1437 932; x_wconf 78' lang='grc' dir='ltr'>δι</span> <span class='ocrx_word' id='word_1_485' title='bbox 1457 898 1601 934; x_wconf 86' lang='lat' dir='ltr'>Celestio</span> <span class='ocrx_word' id='word_1_486' title='bbox 1631 899 1789 936; x_wconf 72' lang='lat' dir='ltr'>inflistam</span> <span class='ocrx_word' id='word_1_487' title='bbox 1815 903 2081 937; x_wconf 85' lang='lat' dir='ltr'>excommunica-</span> 
     </span>
     <span class='ocr_line' id='line_1_81' title="bbox 1195 949 2082 994; baseline 0.001 -9"><span class='ocrx_word' id='word_1_488' title='bbox 1195 949 1320 985; x_wconf 88' lang='lat' dir='ltr'>tionem</span> <span class='ocrx_word' id='word_1_489' title='bbox 1343 949 1444 982; x_wconf 87' lang='lat' dir='ltr'>etiam</span> <span class='ocrx_word' id='word_1_490' title='bbox 1465 949 1641 983; x_wconf 86' lang='lat' dir='ltr'>confirmat</span> <span class='ocrx_word' id='word_1_491' title='bbox 1660 974 1671 990; x_wconf 89' lang='lat'><strong>,</strong></span> <span class='ocrx_word' id='word_1_492' title='bbox 1696 951 1729 984; x_wconf 78' lang='grc' dir='ltr'>δε</span> <span class='ocrx_word' id='word_1_493' title='bbox 1748 951 1788 985; x_wconf 86' lang='lat' dir='ltr'>de</span> <span class='ocrx_word' id='word_1_494' title='bbox 1803 951 1872 994; x_wconf 85' lang='lat' dir='ltr'>ipsis</span> <span class='ocrx_word' id='word_1_495' title='bbox 1890 976 1901 991; x_wconf 88' lang='lat'>‚</span> <span class='ocrx_word' id='word_1_496' title='bbox 1930 953 1951 985; x_wconf 85' lang='lat' dir='ltr'>si</span> <span class='ocrx_word' id='word_1_497' title='bbox 1973 951 2082 986; x_wconf 83' lang='lat' dir='ltr'>forsan</span> 
     </span>
     <span class='ocr_line' id='line_1_82' title="bbox 1194 998 2082 1046; baseline 0.002 -13"><span class='ocrx_word' id='word_1_498' title='bbox 1194 1011 1235 1034; x_wconf 84' lang='lat' dir='ltr'>ex</span> <span class='ocrx_word' id='word_1_499' title='bbox 1256 998 1369 1032; x_wconf 91' lang='lat' dir='ltr'>animo</span> <span class='ocrx_word' id='word_1_500' title='bbox 1390 999 1549 1041; x_wconf 83' lang='lat' dir='ltr'>poenitere</span> <span class='ocrx_word' id='word_1_501' title='bbox 1560 1002 1762 1045; x_wconf 87' lang='lat' dir='ltr'>contigerit,</span> <span class='ocrx_word' id='word_1_502' title='bbox 1786 1001 1971 1046; x_wconf 86' lang='lat' dir='ltr'>subjungit:</span> <span class='ocrx_word' id='word_1_503' title='bbox 1997 1005 2082 1035; x_wconf 76' lang='lat' dir='ltr'>Veris</span> 
     </span>
     <span class='ocr_line' id='line_1_83' title="bbox 1190 1047 2082 1094; baseline 0.004 -14"><span class='ocrx_word' id='word_1_504' title='bbox 1190 1048 1223 1093; x_wconf 88' lang='lat' dir='ltr'>se</span> <span class='ocrx_word' id='word_1_505' title='bbox 1248 1047 1404 1091; x_wconf 85' lang='lat' dir='ltr'>sanandos</span> <span class='ocrx_word' id='word_1_506' title='bbox 1426 1050 1565 1083; x_wconf 74' lang='lat' dir='ltr'>Conciliis</span> <span class='ocrx_word' id='word_1_507' title='bbox 1597 1051 1733 1083; x_wconf 77' lang='lat' dir='ltr'>tribuant</span> <span class='ocrx_word' id='word_1_508' title='bbox 1753 1061 1844 1093; x_wconf 83' lang='lat' dir='ltr'>atque</span> <span class='ocrx_word' id='word_1_509' title='bbox 1860 1051 2053 1094; x_wconf 77' lang='lat' dir='ltr'>submittant¹</span> <span class='ocrx_word' id='word_1_510' title='bbox 2073 1077 2082 1084; x_wconf 89' lang='lat'>.</span> 
     </span>
     <span class='ocr_line' id='line_1_84' title="bbox 1197 1097 2081 1144; baseline 0.003 -13"><span class='ocrx_word' id='word_1_511' title='bbox 1197 1099 1289 1142; x_wconf 76' lang='lat' dir='ltr'>‚Quod</span> <span class='ocrx_word' id='word_1_512' title='bbox 1300 1097 1329 1139; x_wconf 86' lang='lat' dir='ltr'><em>fi</em></span> <span class='ocrx_word' id='word_1_513' title='bbox 1337 1098 1472 1140; x_wconf 74' lang='lat' dir='ltr'>fecerint</span> <span class='ocrx_word' id='word_1_514' title='bbox 1492 1123 1503 1140; x_wconf 89' lang='lat'>‚</span> <span class='ocrx_word' id='word_1_515' title='bbox 1527 1105 1585 1132; x_wconf 78' lang='lat' dir='ltr'>erit</span> <span class='ocrx_word' id='word_1_516' title='bbox 1607 1105 1640 1134; x_wconf 79' lang='lat' dir='ltr'>in</span> <span class='ocrx_word' id='word_1_517' title='bbox 1660 1100 1798 1142; x_wconf 78' lang='lat' dir='ltr'>potestate</span> <span class='ocrx_word' id='word_1_518' title='bbox 1821 1101 1995 1144; x_wconf 80' lang='lat' dir='ltr'>Pontificum</span> <span class='ocrx_word' id='word_1_519' title='bbox 2008 1101 2081 1141; x_wconf 53' lang='lat' dir='ltr'>&gt;istit</span> 
     </span>
     <span class='ocr_line' id='line_1_85' title="bbox 1195 1147 2080 1194; baseline 0.002 -12"><span class='ocrx_word' id='word_1_520' title='bbox 1195 1150 1383 1192; x_wconf 64' lang='lat' dir='ltr'>aliquatemis</span> <span class='ocrx_word' id='word_1_521' title='bbox 1409 1147 1569 1190; x_wconf 82' lang='lat' dir='ltr'>subvenire</span> <span class='ocrx_word' id='word_1_522' title='bbox 1593 1173 1604 1189; x_wconf 87' lang='lat'>,</span> <span class='ocrx_word' id='word_1_523' title='bbox 1631 1153 1665 1185; x_wconf 65' lang='grc' dir='ltr'>Θ·</span> <span class='ocrx_word' id='word_1_524' title='bbox 1698 1151 1956 1194; x_wconf 78' lang='lat' dir='ltr'>talibus-aliquam</span> <span class='ocrx_word' id='word_1_525' title='bbox 1977 1162 2080 1184; x_wconf 86' lang='lat' dir='ltr'>curam</span> 
     </span>
     <span class='ocr_line' id='line_1_86' title="bbox 1192 1198 2082 1244; baseline 0.004 -13"><span class='ocrx_word' id='word_1_526' title='bbox 1192 1198 1332 1241; x_wconf 80' lang='lat' dir='ltr'>praestare</span> <span class='ocrx_word' id='word_1_527' title='bbox 1344 1199 1544 1239; x_wconf 82' lang='lat' dir='ltr'>vulneribus,</span> <span class='ocrx_word' id='word_1_528' title='bbox 1568 1211 1659 1242; x_wconf 84' lang='lat' dir='ltr'>quam</span> <span class='ocrx_word' id='word_1_529' title='bbox 1667 1199 1739 1244; x_wconf 80' lang='lat' dir='ltr'>fhlet</span> <span class='ocrx_word' id='word_1_530' title='bbox 1750 1200 1860 1242; x_wconf 75' lang='lat' dir='ltr'>lapsis,</span> <span class='ocrx_word' id='word_1_531' title='bbox 1887 1202 1951 1234; x_wconf 61' lang='lat' dir='ltr'>ciam</span> <span class='ocrx_word' id='word_1_532' title='bbox 1963 1201 2082 1243; x_wconf 63' lang='lat' dir='ltr'>refipuee</span> 
     </span>
     <span class='ocr_line' id='line_1_87' title="bbox 1195 1246 2081 1295; baseline 0.001 -12"><span class='ocrx_word' id='word_1_533' title='bbox 1195 1255 1276 1290; x_wconf 80' lang='lat' dir='ltr'>rint,</span> <span class='ocrx_word' id='word_1_534' title='bbox 1304 1246 1431 1289; x_wconf 79' lang='lat' dir='ltr'>Ecclesia</span> <span class='ocrx_word' id='word_1_535' title='bbox 1453 1261 1511 1282; x_wconf 86' lang='lat' dir='ltr'>non</span> <span class='ocrx_word' id='word_1_536' title='bbox 1535 1260 1656 1292; x_wconf 85' lang='lat' dir='ltr'>negare.</span> <span class='ocrx_word' id='word_1_537' title='bbox 1688 1251 1952 1293; x_wconf 88' lang='lat' dir='ltr'>Diospolitanam</span> <span class='ocrx_word' id='word_1_538' title='bbox 1972 1274 1983 1290; x_wconf 88' lang='lat'><strong>,</strong></span> <span class='ocrx_word' id='word_1_539' title='bbox 2009 1261 2081 1295; x_wconf 79' lang='lat' dir='ltr'>quae</span> 
     </span>
     <span class='ocr_line' id='line_1_88' title="bbox 1195 1297 2080 1343; baseline 0.002 -11"><span class='ocrx_word' id='word_1_540' title='bbox 1195 1298 1276 1337; x_wconf 69' lang='lat' dir='ltr'>adeo</span> <span class='ocrx_word' id='word_1_541' title='bbox 1306 1297 1419 1342; x_wconf 70' lang='lat' dir='ltr'>misere</span> <span class='ocrx_word' id='word_1_542' title='bbox 1439 1298 1470 1330; x_wconf 82' lang='lat' dir='ltr'>se</span> <span class='ocrx_word' id='word_1_543' title='bbox 1489 1301 1573 1343; x_wconf 73' lang='lat' dir='ltr'>passa</span> <span class='ocrx_word' id='word_1_544' title='bbox 1596 1301 1673 1333; x_wconf 73' lang='lat' dir='ltr'>esset</span> <span class='ocrx_word' id='word_1_545' title='bbox 1694 1300 1807 1334; x_wconf 76' lang='lat' dir='ltr'>deludi</span> <span class='ocrx_word' id='word_1_546' title='bbox 1832 1324 1844 1339; x_wconf 94' lang='lat'>,</span> <span class='ocrx_word' id='word_1_547' title='bbox 1870 1300 2042 1342; x_wconf 89' lang='lat' dir='ltr'>Synodum</span> <span class='ocrx_word' id='word_1_548' title='bbox 2069 1324 2080 1339; x_wconf 92' lang='lat'>‚</span> 
     </span>
     <span class='ocr_line' id='line_1_89' title="bbox 1196 1345 2081 1391; baseline 0.001 -9"><span class='ocrx_word' id='word_1_549' title='bbox 1196 1347 1335 1391; x_wconf 70' lang='lat' dir='ltr'>ideoque</span> <span class='ocrx_word' id='word_1_550' title='bbox 1353 1346 1452 1383; x_wconf 81' lang='lat' dir='ltr'>etiam</span> <span class='ocrx_word' id='word_1_551' title='bbox 1465 1345 1589 1391; x_wconf 88' lang='lat' dir='ltr'>Pelagii</span> <span class='ocrx_word' id='word_1_552' title='bbox 1601 1357 1697 1391; x_wconf 89' lang='lat' dir='ltr'>atque</span> <span class='ocrx_word' id='word_1_553' title='bbox 1712 1348 1843 1382; x_wconf 85' lang='lat' dir='ltr'>Celestii</span> <span class='ocrx_word' id='word_1_554' title='bbox 1855 1349 2081 1384; x_wconf 81' lang='lat' dir='ltr'>innocentiam</span> 
     </span>
     <span class='ocr_line' id='line_1_90' title="bbox 1195 1396 2086 1442; baseline 0.001 -10"><span class='ocrx_word' id='word_1_555' title='bbox 1195 1400 1227 1432; x_wconf 76' lang='grc' dir='ltr'>δε</span> <span class='ocrx_word' id='word_1_556' title='bbox 1248 1396 1487 1433; x_wconf 79' lang='lat' dir='ltr'>absolutionem</span> <span class='ocrx_word' id='word_1_557' title='bbox 1507 1408 1566 1440; x_wconf 89' lang='lat' dir='ltr'>pro</span> <span class='ocrx_word' id='word_1_558' title='bbox 1589 1408 1657 1431; x_wconf 91' lang='lat' dir='ltr'>non</span> <span class='ocrx_word' id='word_1_559' title='bbox 1675 1398 1756 1431; x_wconf 87' lang='lat' dir='ltr'>veris</span> <span class='ocrx_word' id='word_1_560' title='bbox 1779 1396 1878 1432; x_wconf 87' lang='lat' dir='ltr'>habet</span> <span class='ocrx_word' id='word_1_561' title='bbox 1899 1423 1909 1439; x_wconf 94' lang='lat'><em>,</em></span> <span class='ocrx_word' id='word_1_562' title='bbox 1936 1400 2020 1442; x_wconf 89' lang='lat' dir='ltr'>ipsos</span> <span class='ocrx_word' id='word_1_563' title='bbox 2043 1410 2086 1433; x_wconf 86' lang='lat' dir='ltr'>ta·</span> 
     </span>
     <span class='ocr_line' id='line_1_91' title="bbox 1197 1447 2087 1492; baseline -0.001 -10"><span class='ocrx_word' id='word_1_564' title='bbox 1197 1459 1271 1482; x_wconf 89' lang='lat' dir='ltr'>men</span> <span class='ocrx_word' id='word_1_565' title='bbox 1285 1471 1295 1487; x_wconf 90' lang='lat'>‚</span> <span class='ocrx_word' id='word_1_566' title='bbox 1321 1447 1342 1479; x_wconf 86' lang='lat' dir='ltr'>fi</span> <span class='ocrx_word' id='word_1_567' title='bbox 1366 1459 1408 1481; x_wconf 86' lang='lat' dir='ltr'>ex</span> <span class='ocrx_word' id='word_1_568' title='bbox 1421 1447 1534 1481; x_wconf 90' lang='lat' dir='ltr'>animo</span> <span class='ocrx_word' id='word_1_569' title='bbox 1546 1447 1726 1492; x_wconf 89' lang='lat' dir='ltr'>contigerit</span> <span class='ocrx_word' id='word_1_570' title='bbox 1737 1447 1857 1492; x_wconf 85' lang='lat' dir='ltr'>corrigi</span> <span class='ocrx_word' id='word_1_571' title='bbox 1874 1473 1884 1488; x_wconf 94' lang='lat'>,</span> <span class='ocrx_word' id='word_1_572' title='bbox 1909 1460 1962 1491; x_wconf 84' lang='lat' dir='ltr'>per</span> <span class='ocrx_word' id='word_1_573' title='bbox 1974 1459 2087 1491; x_wconf 85' lang='lat' dir='ltr'>quam-</span> 
     </span>
     <span class='ocr_line' id='line_1_92' title="bbox 1196 1495 2087 1541; baseline 0 -9"><span class='ocrx_word' id='word_1_574' title='bbox 1196 1499 1243 1532; x_wconf 83' lang='lat' dir='ltr'>vis</span> <span class='ocrx_word' id='word_1_575' title='bbox 1264 1495 1438 1540; x_wconf 87' lang='lat' dir='ltr'>Synodum</span> <span class='ocrx_word' id='word_1_576' title='bbox 1455 1496 1605 1541; x_wconf 87' lang='lat' dir='ltr'>indulget</span> <span class='ocrx_word' id='word_1_577' title='bbox 1619 1497 1653 1531; x_wconf 93' lang='lat' dir='ltr'>in</span> <span class='ocrx_word' id='word_1_578' title='bbox 1667 1498 1801 1534; x_wconf 88' lang='lat' dir='ltr'>Laicam</span> <span class='ocrx_word' id='word_1_579' title='bbox 1815 1498 2087 1532; x_wconf 86' lang='lat' dir='ltr'>communionem</span> 
     </span>
     <span class='ocr_line' id='line_1_93' title="bbox 1196 1546 2087 1592; baseline 0.003 -13"><span class='ocrx_word' id='word_1_580' title='bbox 1196 1548 1353 1592; x_wconf 78' lang='lat' dir='ltr'>reparari.</span> <span class='ocrx_word' id='word_1_581' title='bbox 1380 1546 1672 1582; x_wconf 84' lang='lat' dir='ltr'>Haeresiarcharum</span> <span class='ocrx_word' id='word_1_582' title='bbox 1699 1547 1941 1584; x_wconf 76' lang='lat' dir='ltr'>Reconciliatio</span> <span class='ocrx_word' id='word_1_583' title='bbox 1963 1550 2087 1591; x_wconf 86' lang='lat' dir='ltr'>semper</span> 
     </span>
     <span class='ocr_line' id='line_1_94' title="bbox 1196 1596 2086 1641; baseline 0.001 -10"><span class='ocrx_word' id='word_1_584' title='bbox 1196 1599 1258 1633; x_wconf 87' lang='lat' dir='ltr'>fuit</span> <span class='ocrx_word' id='word_1_585' title='bbox 1281 1599 1438 1637; x_wconf 82' lang='lat' dir='ltr'>reservata</span> <span class='ocrx_word' id='word_1_586' title='bbox 1462 1596 1663 1641; x_wconf 80' lang='lat' dir='ltr'>Apostolicae</span> <span class='ocrx_word' id='word_1_587' title='bbox 1687 1596 1784 1635; x_wconf 87' lang='lat' dir='ltr'>Sedi,</span> <span class='ocrx_word' id='word_1_588' title='bbox 1810 1608 1908 1640; x_wconf 85' lang='lat' dir='ltr'>atque</span> <span class='ocrx_word' id='word_1_589' title='bbox 1939 1599 1981 1631; x_wconf 82' lang='lat' dir='ltr'>ita</span> <span class='ocrx_word' id='word_1_590' title='bbox 2001 1597 2086 1636; x_wconf 73' lang='lat' dir='ltr'>istud</span> 
     </span>
     <span class='ocr_line' id='line_1_95' title="bbox 1196 1646 2086 1692; baseline 0 -10"><span class='ocrx_word' id='word_1_591' title='bbox 1196 1647 1365 1687; x_wconf 86' lang='lat' dir='ltr'>Indultum</span> <span class='ocrx_word' id='word_1_592' title='bbox 1392 1646 1456 1681; x_wconf 82' lang='lat' dir='ltr'>fuit</span> <span class='ocrx_word' id='word_1_593' title='bbox 1476 1646 1579 1692; x_wconf 84' lang='lat' dir='ltr'>gratia</span> <span class='ocrx_word' id='word_1_594' title='bbox 1601 1659 1738 1692; x_wconf 89' lang='lat' dir='ltr'>magna.</span> <span class='ocrx_word' id='word_1_595' title='bbox 1769 1646 1878 1681; x_wconf 85' lang='lat' dir='ltr'>Etiam</span> <span class='ocrx_word' id='word_1_596' title='bbox 1908 1648 1940 1681; x_wconf 89' lang='lat' dir='ltr'>in</span> <span class='ocrx_word' id='word_1_597' title='bbox 1966 1650 2023 1681; x_wconf 90' lang='lat' dir='ltr'>suo</span> <span class='ocrx_word' id='word_1_598' title='bbox 2046 1648 2086 1682; x_wconf 84' lang='lat' dir='ltr'>ad</span> 
     </span>
     <span class='ocr_line' id='line_1_96' title="bbox 1197 1696 2087 1744; baseline -0.002 -10"><span class='ocrx_word' id='word_1_599' title='bbox 1197 1701 1343 1744; x_wconf 90' lang='lat' dir='ltr'>quinque</span> <span class='ocrx_word' id='word_1_600' title='bbox 1382 1696 1619 1742; x_wconf 86' lang='lat' dir='ltr'>Episcoporum</span> <span class='ocrx_word' id='word_1_601' title='bbox 1665 1697 1879 1731; x_wconf 82' lang='lat' dir='ltr'>Conventum</span> <span class='ocrx_word' id='word_1_602' title='bbox 1915 1698 2087 1740; x_wconf 77' lang='lat' dir='ltr'>Rescripto</span> 
     </span>
     <span class='ocr_line' id='line_1_97' title="bbox 1197 1746 2085 1792; baseline -0.005 -8"><span class='ocrx_word' id='word_1_603' title='bbox 1197 1748 1460 1792; x_wconf 87' lang='lat' dir='ltr'>Diospolitanam</span> <span class='ocrx_word' id='word_1_604' title='bbox 1474 1746 1645 1789; x_wconf 85' lang='lat' dir='ltr'>Synodum</span> <span class='ocrx_word' id='word_1_605' title='bbox 1660 1771 1669 1785; x_wconf 94' lang='lat'>,</span> <span class='ocrx_word' id='word_1_606' title='bbox 1698 1757 1765 1780; x_wconf 88' lang='lat' dir='ltr'>non</span> <span class='ocrx_word' id='word_1_607' title='bbox 1780 1757 1884 1780; x_wconf 79' lang='lat' dir='ltr'>veram</span> <span class='ocrx_word' id='word_1_608' title='bbox 1899 1772 1908 1786; x_wconf 93' lang='lat'><em>,</em></span> <span class='ocrx_word' id='word_1_609' title='bbox 1939 1748 1987 1780; x_wconf 84' lang='lat' dir='ltr'>sed</span> <span class='ocrx_word' id='word_1_610' title='bbox 1998 1748 2014 1779; x_wconf 68' lang='lat' dir='ltr'>it</span> <span class='ocrx_word' id='word_1_611' title='bbox 2028 1749 2085 1780; x_wconf 88' lang='lat' dir='ltr'>Pe-</span> 
     </span>
     <span class='ocr_line' id='line_1_98' title="bbox 1198 1796 2083 1844; baseline 0.001 -13"><span class='ocrx_word' id='word_1_612' title='bbox 1198 1800 1286 1844; x_wconf 83' lang='lat' dir='ltr'>lagio</span> <span class='ocrx_word' id='word_1_613' title='bbox 1307 1798 1412 1831; x_wconf 65' lang='lat' dir='ltr'>fidiam</span> <span class='ocrx_word' id='word_1_614' title='bbox 1435 1807 1532 1839; x_wconf 87' lang='lat' dir='ltr'>atque</span> <span class='ocrx_word' id='word_1_615' title='bbox 1546 1797 1757 1840; x_wconf 83' lang='lat' dir='ltr'>suppositam,</span> <span class='ocrx_word' id='word_1_616' title='bbox 1786 1807 1841 1832; x_wconf 88' lang='lat' dir='ltr'>aut</span> <span class='ocrx_word' id='word_1_617' title='bbox 1863 1796 1936 1838; x_wconf 55' lang='lat' dir='ltr'>sanc</span> <span class='ocrx_word' id='word_1_618' title='bbox 1958 1798 2083 1834; x_wconf 68' lang='lat' dir='ltr'>misera·</span> 
     </span>
     <span class='ocr_line' id='line_1_99' title="bbox 1197 1844 2036 1892; baseline -0.006 -8"><span class='ocrx_word' id='word_1_619' title='bbox 1197 1849 1306 1888; x_wconf 81' lang='lat' dir='ltr'>biliter</span> <span class='ocrx_word' id='word_1_620' title='bbox 1326 1846 1604 1892; x_wconf 78' lang='lat' dir='ltr'>circumscriptam</span> <span class='ocrx_word' id='word_1_621' title='bbox 1623 1846 1818 1886; x_wconf 82' lang='lat' dir='ltr'>existimavit</span> <span class='ocrx_word' id='word_1_622' title='bbox 1830 1871 1838 1883; x_wconf 78' lang='lat'><em>,</em></span> <span class='ocrx_word' id='word_1_623' title='bbox 2031 1844 2036 1847; x_wconf 84' lang='grc'><strong>’</strong></span> 
     </span>
    </p>
   </div>
   <div class='ocr_carea' id='block_1_18' title="bbox 1273 1922 2078 1987">
    <p class='ocr_par' dir='ltr' id='par_1_28' title="bbox 1273 1922 2078 1987">
     <span class='ocr_line' id='line_1_100' title="bbox 1273 1922 2078 1987; baseline 0.001 -3"><span class='ocrx_word' id='word_1_624' title='bbox 1273 1923 1563 1984; x_wconf 71' lang='grc' dir='ltr'>εῨΝοῡυε</span> <span class='ocrx_word' id='word_1_625' title='bbox 1589 1933 2020 1987; x_wconf 76' lang='lat' dir='ltr'>MiLEVtTANA.</span> <span class='ocrx_word' id='word_1_626' title='bbox 2074 1922 2078 1977; x_wconf 68' lang='lat' dir='ltr'>s</span> 
     </span>
    </p>
   </div>
   <div class='ocr_carea' id='block_1_19' title="bbox 1190 2049 2084 2492">
    <p class='ocr_par' dir='ltr' id='par_1_29' title="bbox 1190 2049 2084 2492">
     <span class='ocr_line' id='line_1_101' title="bbox 1260 2049 2083 2093; baseline 0.001 -8"><span class='ocrx_word' id='word_1_627' title='bbox 1260 2049 1353 2085; x_wconf 90' lang='lat' dir='ltr'>Uam</span> <span class='ocrx_word' id='word_1_628' title='bbox 1375 2049 1644 2093; x_wconf 86' lang='lat' dir='ltr'>Diospolitanam</span> <span class='ocrx_word' id='word_1_629' title='bbox 1678 2051 1845 2086; x_wconf 67' lang='lat' dir='ltr'>victoriam</span> <span class='ocrx_word' id='word_1_630' title='bbox 1875 2051 2083 2088; x_wconf 83' lang='lat' dir='ltr'>abuccinavit</span> 
     </span>
     <span class='ocr_line' id='line_1_102' title="bbox 1286 2100 2084 2146; baseline 0.004 -13"><span class='ocrx_word' id='word_1_631' title='bbox 1286 2100 1406 2143; x_wconf 90' lang='lat' dir='ltr'>ubique</span> <span class='ocrx_word' id='word_1_632' title='bbox 1420 2100 1572 2145; x_wconf 88' lang='lat' dir='ltr'>Pelagius</span> <span class='ocrx_word' id='word_1_633' title='bbox 1587 2127 1594 2134; x_wconf 95' lang='lat'>.</span> <span class='ocrx_word' id='word_1_634' title='bbox 1615 2102 1748 2136; x_wconf 88' lang='lat' dir='ltr'>Etenim</span> <span class='ocrx_word' id='word_1_635' title='bbox 1758 2103 1796 2136; x_wconf 92' lang='lat' dir='ltr'>ad</span> <span class='ocrx_word' id='word_1_636' title='bbox 1810 2103 1951 2136; x_wconf 87' lang='lat' dir='ltr'>amicum</span> <span class='ocrx_word' id='word_1_637' title='bbox 1963 2127 1972 2142; x_wconf 90' lang='lat'><em>,</em></span> <span class='ocrx_word' id='word_1_638' title='bbox 1985 2103 2003 2136; x_wconf 79' lang='grc' dir='ltr'>ὲ</span> <span class='ocrx_word' id='word_1_639' title='bbox 2017 2113 2084 2146; x_wconf 90' lang='lat' dir='ltr'>quo</span> 
     </span>
     <span class='ocr_line' id='line_1_103' title="bbox 1199 2149 2083 2185; baseline 0.002 -3"><span class='ocrx_word' id='word_1_640' title='bbox 1199 2149 1291 2183; x_wconf 64' lang='lat' dir='ltr'>antea</span> <span class='ocrx_word' id='word_1_641' title='bbox 1314 2151 1355 2183; x_wconf 89' lang='lat' dir='ltr'>de</span> <span class='ocrx_word' id='word_1_642' title='bbox 1376 2151 1518 2183; x_wconf 85' lang='lat' dir='ltr'>cavenda</span> <span class='ocrx_word' id='word_1_643' title='bbox 1541 2149 1642 2185; x_wconf 80' lang='lat' dir='ltr'>haerefi</span> <span class='ocrx_word' id='word_1_644' title='bbox 1661 2152 1693 2184; x_wconf 89' lang='lat'>&amp;</span> <span class='ocrx_word' id='word_1_645' title='bbox 1714 2164 1782 2185; x_wconf 91' lang='lat' dir='ltr'>non</span> <span class='ocrx_word' id='word_1_646' title='bbox 1799 2151 1959 2185; x_wconf 89' lang='lat' dir='ltr'>turbanda</span> <span class='ocrx_word' id='word_1_647' title='bbox 1975 2152 2083 2185; x_wconf 87' lang='lat' dir='ltr'>Eccle-</span> 
     </span>
     <span class='ocr_line' id='line_1_104' title="bbox 1198 2198 2083 2243; baseline 0.005 -12"><span class='ocrx_word' id='word_1_648' title='bbox 1198 2198 1238 2232; x_wconf 85' lang='lat' dir='ltr'>sia</span> <span class='ocrx_word' id='word_1_649' title='bbox 1251 2198 1443 2232; x_wconf 88' lang='lat' dir='ltr'>admonitus</span> <span class='ocrx_word' id='word_1_650' title='bbox 1453 2223 1463 2238; x_wconf 94' lang='lat'>,</span> <span class='ocrx_word' id='word_1_651' title='bbox 1491 2200 1603 2235; x_wconf 89' lang='lat' dir='ltr'>nescio</span> <span class='ocrx_word' id='word_1_652' title='bbox 1619 2211 1713 2243; x_wconf 87' lang='lat' dir='ltr'>quem</span> <span class='ocrx_word' id='word_1_653' title='bbox 1726 2200 1955 2243; x_wconf 85' lang='lat' dir='ltr'>Presbyterum</span> <span class='ocrx_word' id='word_1_654' title='bbox 1967 2200 2007 2234; x_wconf 87' lang='lat' dir='ltr'>de</span> <span class='ocrx_word' id='word_1_655' title='bbox 2019 2202 2083 2235; x_wconf 89' lang='lat' dir='ltr'>suis</span> 
     </span>
     <span class='ocr_line' id='line_1_105' title="bbox 1198 2248 2083 2294; baseline 0.002 -12"><span class='ocrx_word' id='word_1_656' title='bbox 1198 2248 1394 2291; x_wconf 81' lang='lat' dir='ltr'>capitalibus</span> <span class='ocrx_word' id='word_1_657' title='bbox 1414 2249 1577 2284; x_wconf 88' lang='lat' dir='ltr'>erroribus</span> <span class='ocrx_word' id='word_1_658' title='bbox 1604 2251 1648 2284; x_wconf 90' lang='lat' dir='ltr'>ita</span> <span class='ocrx_word' id='word_1_659' title='bbox 1673 2251 1790 2293; x_wconf 81' lang='lat' dir='ltr'>scripsit</span> <span class='ocrx_word' id='word_1_660' title='bbox 1812 2264 1823 2284; x_wconf 74' lang='grc' dir='ltr'><em>ι</em></span> <span class='ocrx_word' id='word_1_661' title='bbox 1851 2252 2083 2294; x_wconf 72' lang='lat' dir='ltr'>,Quatuordecim</span> 
     </span>
     <span class='ocr_line' id='line_1_106' title="bbox 1198 2297 2081 2343; baseline 0.003 -12"><span class='ocrx_word' id='word_1_662' title='bbox 1198 2297 1408 2342; x_wconf 70' lang='lat' dir='ltr'>Episcoporum</span> <span class='ocrx_word' id='word_1_663' title='bbox 1438 2297 1591 2341; x_wconf 71' lang='lat' dir='ltr'>sententis:</span> <span class='ocrx_word' id='word_1_664' title='bbox 1618 2301 1750 2343; x_wconf 78' lang='lat' dir='ltr'>definitio</span> <span class='ocrx_word' id='word_1_665' title='bbox 1781 2300 1875 2340; x_wconf 83' lang='lat' dir='ltr'>nostra</span> <span class='ocrx_word' id='word_1_666' title='bbox 1897 2301 2081 2341; x_wconf 85' lang='lat' dir='ltr'>comprobata</span> 
     </span>
     <span class='ocr_line' id='line_1_107' title="bbox 1197 2347 2081 2392; baseline 0.003 -12"><span class='ocrx_word' id='word_1_667' title='bbox 1197 2349 1233 2389; x_wconf 71' lang='lat' dir='ltr'>eft</span> <span class='ocrx_word' id='word_1_668' title='bbox 1249 2373 1258 2380; x_wconf 75' lang='grc'>,</span> <span class='ocrx_word' id='word_1_669' title='bbox 1285 2351 1365 2392; x_wconf 70' lang='lat' dir='ltr'><em>,211ae</em></span> <span class='ocrx_word' id='word_1_670' title='bbox 1381 2347 1531 2391; x_wconf 82' lang='lat' dir='ltr'>sententia</span> <span class='ocrx_word' id='word_1_671' title='bbox 1550 2351 1792 2385; x_wconf 55' lang='lat' dir='ltr'>contradifflionis</span> <span class='ocrx_word' id='word_1_672' title='bbox 1804 2362 1836 2383; x_wconf 88' lang='lat' dir='ltr'>os</span> <span class='ocrx_word' id='word_1_673' title='bbox 1846 2348 2003 2390; x_wconf 78' lang='lat' dir='ltr'>confusione</span> <span class='ocrx_word' id='word_1_674' title='bbox 2010 2359 2081 2391; x_wconf 76' lang='lat' dir='ltr'>per·</span> 
     </span>
     <span class='ocr_line' id='line_1_108' title="bbox 1190 2397 2080 2443; baseline 0.002 -12"><span class='ocrx_word' id='word_1_675' title='bbox 1190 2398 1278 2439; x_wconf 85' lang='lat' dir='ltr'>fudit</span> <span class='ocrx_word' id='word_1_676' title='bbox 1291 2423 1302 2439; x_wconf 93' lang='lat'>‚</span> <span class='ocrx_word' id='word_1_677' title='bbox 1329 2401 1362 2433; x_wconf 64' lang='lat'>(9</span> <span class='ocrx_word' id='word_1_678' title='bbox 1380 2411 1492 2433; x_wconf 81' lang='lat' dir='ltr'>omnem</span> <span class='ocrx_word' id='word_1_679' title='bbox 1514 2406 1546 2433; x_wconf 75' lang='lat' dir='ltr'>in</span> <span class='ocrx_word' id='word_1_680' title='bbox 1556 2402 1668 2434; x_wconf 82' lang='lat' dir='ltr'>malum</span> <span class='ocrx_word' id='word_1_681' title='bbox 1679 2400 1909 2443; x_wconf 71' lang='lat' dir='ltr'>conspirantium</span> <span class='ocrx_word' id='word_1_682' title='bbox 1914 2397 2080 2440; x_wconf 68' lang='lat' dir='ltr'>societatem</span> 
     </span>
     <span class='ocr_line' id='line_1_109' title="bbox 1197 2447 2081 2492; baseline 0.003 -11"><span class='ocrx_word' id='word_1_683' title='bbox 1197 2449 1235 2481; x_wconf 86' lang='lat' dir='ltr'>ab</span> <span class='ocrx_word' id='word_1_684' title='bbox 1270 2454 1399 2483; x_wconf 76' lang='lat' dir='ltr'>invicem</span> <span class='ocrx_word' id='word_1_685' title='bbox 1426 2448 1585 2491; x_wconf 82' lang='lat' dir='ltr'>separavit</span> <span class='ocrx_word' id='word_1_686' title='bbox 1606 2475 1614 2483; x_wconf 93' lang='lat'><strong><em>.</em></strong></span> <span class='ocrx_word' id='word_1_687' title='bbox 1643 2451 1750 2483; x_wconf 79' lang='lat' dir='ltr'>Etiam</span> <span class='ocrx_word' id='word_1_688' title='bbox 1773 2447 1988 2492; x_wconf 82' lang='lat' dir='ltr'>synodalium</span> <span class='ocrx_word' id='word_1_689' title='bbox 2008 2472 2019 2489; x_wconf 89' lang='lat'><strong>,</strong></span> <span class='ocrx_word' id='word_1_690' title='bbox 2045 2450 2081 2484; x_wconf 74' lang='grc' dir='ltr'>ἀ</span> 
     </span>
    </p>
   </div>
   <div class='ocr_carea' id='block_1_20' title="bbox 1196 2499 2148 2543">
    <p class='ocr_par' dir='ltr' id='par_1_30' title="bbox 1196 2499 2148 2543">
     <span class='ocr_line' id='line_1_110' title="bbox 1196 2499 2148 2543; baseline 0 -11"><span class='ocrx_word' id='word_1_691' title='bbox 1196 2499 1327 2542; x_wconf 86' lang='lat' dir='ltr'>quidem</span> <span class='ocrx_word' id='word_1_692' title='bbox 1350 2499 1519 2542; x_wconf 85' lang='lat' dir='ltr'>insigniter</span> <span class='ocrx_word' id='word_1_693' title='bbox 1540 2500 1725 2533; x_wconf 87' lang='lat' dir='ltr'>vitiatorum</span> <span class='ocrx_word' id='word_1_694' title='bbox 1740 2500 1898 2533; x_wconf 69' lang='lat' dir='ltr'>Asterum</span> <span class='ocrx_word' id='word_1_695' title='bbox 1915 2499 2081 2543; x_wconf 82' lang='lat' dir='ltr'>Compen-</span> <span class='ocrx_word' id='word_1_696' title='bbox 2146 2511 2148 2519; x_wconf 46' lang='lat' dir='ltr'><strong><em>s</em></strong></span> 
     </span>
    </p>
   </div>
   <div class='ocr_carea' id='block_1_21' title="bbox 1188 2549 2080 3389">
    <p class='ocr_par' dir='ltr' id='par_1_31' title="bbox 1188 2549 2080 3389">
     <span class='ocr_line' id='line_1_111' title="bbox 1196 2549 2080 2593; baseline 0.002 -11"><span class='ocrx_word' id='word_1_697' title='bbox 1196 2550 1288 2583; x_wconf 86' lang='lat' dir='ltr'>dium</span> <span class='ocrx_word' id='word_1_698' title='bbox 1313 2549 1514 2591; x_wconf 87' lang='lat' dir='ltr'>composuit,</span> <span class='ocrx_word' id='word_1_699' title='bbox 1544 2559 1600 2592; x_wconf 90' lang='lat' dir='ltr'>per</span> <span class='ocrx_word' id='word_1_700' title='bbox 1619 2549 1747 2586; x_wconf 71' lang='lat' dir='ltr'>asseclas</span> <span class='ocrx_word' id='word_1_701' title='bbox 1771 2549 1914 2592; x_wconf 87' lang='lat' dir='ltr'>dispersit</span> <span class='ocrx_word' id='word_1_702' title='bbox 1937 2559 2080 2593; x_wconf 63' lang='lat' dir='ltr'>quaqua,-</span> 
     </span>
     <span class='ocr_line' id='line_1_112' title="bbox 1197 2598 2078 2642; baseline 0.001 -10"><span class='ocrx_word' id='word_1_703' title='bbox 1197 2599 1323 2633; x_wconf 74' lang='lat' dir='ltr'>versum</span> <span class='ocrx_word' id='word_1_704' title='bbox 1345 2623 1355 2639; x_wconf 89' lang='lat'>‚</span> <span class='ocrx_word' id='word_1_705' title='bbox 1382 2608 1478 2642; x_wconf 88' lang='lat' dir='ltr'>atque</span> <span class='ocrx_word' id='word_1_706' title='bbox 1504 2598 1549 2633; x_wconf 87' lang='lat' dir='ltr'>ita</span> <span class='ocrx_word' id='word_1_707' title='bbox 1573 2599 1696 2633; x_wconf 88' lang='lat' dir='ltr'>multos</span> <span class='ocrx_word' id='word_1_708' title='bbox 1718 2598 1859 2634; x_wconf 87' lang='lat' dir='ltr'>firmavit</span> <span class='ocrx_word' id='word_1_709' title='bbox 1877 2598 1912 2632; x_wconf 89' lang='lat' dir='ltr'>in</span> <span class='ocrx_word' id='word_1_710' title='bbox 1933 2609 2040 2633; x_wconf 89' lang='lat' dir='ltr'>errore</span> <span class='ocrx_word' id='word_1_711' title='bbox 2066 2622 2078 2639; x_wconf 86' lang='lat'>‚</span> 
     </span>
     <span class='ocr_line' id='line_1_113' title="bbox 1196 2648 2078 2691; baseline 0.002 -10"><span class='ocrx_word' id='word_1_712' title='bbox 1196 2650 1300 2682; x_wconf 73' lang='lat' dir='ltr'>immo</span> <span class='ocrx_word' id='word_1_713' title='bbox 1319 2650 1354 2683; x_wconf 74' lang='grc' dir='ltr'>ὃ(</span> <span class='ocrx_word' id='word_1_714' title='bbox 1375 2648 1408 2680; x_wconf 90' lang='lat' dir='ltr'>in</span> <span class='ocrx_word' id='word_1_715' title='bbox 1432 2648 1536 2690; x_wconf 88' lang='lat' dir='ltr'>ipsum</span> <span class='ocrx_word' id='word_1_716' title='bbox 1559 2648 1713 2683; x_wconf 85' lang='lat' dir='ltr'>induxit.</span> <span class='ocrx_word' id='word_1_717' title='bbox 1742 2649 1854 2682; x_wconf 88' lang='lat' dir='ltr'>Etiam</span> <span class='ocrx_word' id='word_1_718' title='bbox 1879 2649 2078 2691; x_wconf 63' lang='lat' dir='ltr'>Sansti„Au·</span> 
     </span>
     <span class='ocr_line' id='line_1_114' title="bbox 1195 2697 2075 2742; baseline 0.001 -12"><span class='ocrx_word' id='word_1_719' title='bbox 1195 2698 1316 2742; x_wconf 87' lang='lat' dir='ltr'>gustini</span> <span class='ocrx_word' id='word_1_720' title='bbox 1340 2697 1381 2731; x_wconf 91' lang='lat' dir='ltr'>ad</span> <span class='ocrx_word' id='word_1_721' title='bbox 1402 2698 1432 2731; x_wconf 89' lang='lat' dir='ltr'>se</span> <span class='ocrx_word' id='word_1_722' title='bbox 1452 2698 1572 2732; x_wconf 87' lang='lat' dir='ltr'>amicas</span> <span class='ocrx_word' id='word_1_723' title='bbox 1593 2699 1718 2734; x_wconf 86' lang='lat' dir='ltr'>litteras</span> <span class='ocrx_word' id='word_1_724' title='bbox 1740 2698 1934 2742; x_wconf 82' lang='lat' dir='ltr'>produxerat</span> <span class='ocrx_word' id='word_1_725' title='bbox 1955 2699 1988 2732; x_wconf 89' lang='lat' dir='ltr'>in</span> <span class='ocrx_word' id='word_1_726' title='bbox 2010 2698 2075 2741; x_wconf 85' lang='lat' dir='ltr'>ipsa</span> 
     </span>
     <span class='ocr_line' id='line_1_115' title="bbox 1195 2747 2075 2792; baseline -0.001 -11"><span class='ocrx_word' id='word_1_727' title='bbox 1195 2747 1333 2790; x_wconf 88' lang='lat' dir='ltr'>Synodo</span> <span class='ocrx_word' id='word_1_728' title='bbox 1347 2771 1358 2787; x_wconf 94' lang='lat'>‚</span> <span class='ocrx_word' id='word_1_729' title='bbox 1378 2747 1522 2782; x_wconf 90' lang='lat' dir='ltr'>clamans</span> <span class='ocrx_word' id='word_1_730' title='bbox 1544 2747 1592 2781; x_wconf 87' lang='lat' dir='ltr'>vel</span> <span class='ocrx_word' id='word_1_731' title='bbox 1614 2749 1682 2792; x_wconf 85' lang='lat' dir='ltr'>ejus</span> <span class='ocrx_word' id='word_1_732' title='bbox 1694 2749 1794 2783; x_wconf 81' lang='lat' dir='ltr'>solam</span> <span class='ocrx_word' id='word_1_733' title='bbox 1806 2747 2075 2782; x_wconf 89' lang='lat' dir='ltr'>communionem</span> 
     </span>
     <span class='ocr_line' id='line_1_116' title="bbox 1193 2797 2075 2842; baseline 0.001 -12"><span class='ocrx_word' id='word_1_734' title='bbox 1193 2799 1254 2831; x_wconf 81' lang='lat' dir='ltr'>effe</span> <span class='ocrx_word' id='word_1_735' title='bbox 1274 2797 1405 2831; x_wconf 85' lang='lat' dir='ltr'>firmum</span> <span class='ocrx_word' id='word_1_736' title='bbox 1427 2797 1488 2831; x_wconf 82' lang='lat' dir='ltr'>suae</span> <span class='ocrx_word' id='word_1_737' title='bbox 1510 2799 1599 2832; x_wconf 66' lang='lat' dir='ltr'>restat</span> <span class='ocrx_word' id='word_1_738' title='bbox 1615 2797 1691 2832; x_wconf 80' lang='lat' dir='ltr'>fidei</span> <span class='ocrx_word' id='word_1_739' title='bbox 1705 2808 1934 2842; x_wconf 87' lang='lat' dir='ltr'>argumentum</span> <span class='ocrx_word' id='word_1_740' title='bbox 1949 2822 1956 2829; x_wconf 93' lang='lat'>.</span> <span class='ocrx_word' id='word_1_741' title='bbox 1982 2797 2075 2832; x_wconf 90' lang='lat' dir='ltr'>Pela-</span> 
     </span>
     <span class='ocr_line' id='line_1_117' title="bbox 1192 2845 2073 2892; baseline 0 -12"><span class='ocrx_word' id='word_1_742' title='bbox 1192 2847 1239 2891; x_wconf 88' lang='lat' dir='ltr'>gii</span> <span class='ocrx_word' id='word_1_743' title='bbox 1259 2850 1350 2881; x_wconf 85' lang='lat' dir='ltr'>enim</span> <span class='ocrx_word' id='word_1_744' title='bbox 1372 2846 1543 2892; x_wconf 81' lang='lat' dir='ltr'>ingenium</span> <span class='ocrx_word' id='word_1_745' title='bbox 1565 2872 1577 2888; x_wconf 89' lang='lat'><strong>,</strong></span> <span class='ocrx_word' id='word_1_746' title='bbox 1601 2845 1841 2886; x_wconf 86' lang='lat' dir='ltr'>eruditionem,</span> <span class='ocrx_word' id='word_1_747' title='bbox 1867 2857 1904 2880; x_wconf 89' lang='lat' dir='ltr'>ac</span> <span class='ocrx_word' id='word_1_748' title='bbox 1927 2846 2073 2890; x_wconf 88' lang='lat' dir='ltr'>probabi·</span> 
     </span>
     <span class='ocr_line' id='line_1_118' title="bbox 1195 2895 2072 2941; baseline 0.001 -11"><span class='ocrx_word' id='word_1_749' title='bbox 1195 2899 1238 2930; x_wconf 87' lang='lat' dir='ltr'>les</span> <span class='ocrx_word' id='word_1_750' title='bbox 1260 2898 1294 2931; x_wconf 89' lang='lat' dir='ltr'>in</span> <span class='ocrx_word' id='word_1_751' title='bbox 1311 2899 1378 2932; x_wconf 78' lang='lat' dir='ltr'>vita</span> <span class='ocrx_word' id='word_1_752' title='bbox 1401 2897 1580 2932; x_wconf 87' lang='lat' dir='ltr'>monastica</span> <span class='ocrx_word' id='word_1_753' title='bbox 1592 2907 1698 2931; x_wconf 89' lang='lat' dir='ltr'>mores</span> <span class='ocrx_word' id='word_1_754' title='bbox 1718 2897 1903 2941; x_wconf 81' lang='lat' dir='ltr'>frequenter</span> <span class='ocrx_word' id='word_1_755' title='bbox 1915 2895 2072 2941; x_wconf 87' lang='lat' dir='ltr'>Augusti-</span> 
     </span>
     <span class='ocr_line' id='line_1_119' title="bbox 1194 2946 2071 2993; baseline 0.003 -14"><span class='ocrx_word' id='word_1_756' title='bbox 1194 2957 1253 2980; x_wconf 90' lang='lat' dir='ltr'>nus</span> <span class='ocrx_word' id='word_1_757' title='bbox 1275 2947 1436 2981; x_wconf 27' lang='lat' dir='ltr'>laudarats.</span> <span class='ocrx_word' id='word_1_758' title='bbox 1462 2947 1545 2993; x_wconf 75' lang='lat' dir='ltr'>Quae</span> <span class='ocrx_word' id='word_1_759' title='bbox 1564 2947 1677 2981; x_wconf 90' lang='lat' dir='ltr'>omnia</span> <span class='ocrx_word' id='word_1_760' title='bbox 1689 2957 1766 2981; x_wconf 89' lang='lat' dir='ltr'>cum</span> <span class='ocrx_word' id='word_1_761' title='bbox 1777 2946 1914 2981; x_wconf 88' lang='lat' dir='ltr'>Herotis</span> <span class='ocrx_word' id='word_1_762' title='bbox 1927 2969 1937 2986; x_wconf 90' lang='lat'>,</span> <span class='ocrx_word' id='word_1_763' title='bbox 1963 2948 1997 2981; x_wconf 77' lang='grc' dir='ltr'>δε</span> <span class='ocrx_word' id='word_1_764' title='bbox 2011 2947 2071 2982; x_wconf 86' lang='lat' dir='ltr'>La-</span> 
     </span>
     <span class='ocr_line' id='line_1_120' title="bbox 1191 2995 2071 3041; baseline 0.002 -11"><span class='ocrx_word' id='word_1_765' title='bbox 1191 2997 1256 3031; x_wconf 89' lang='lat' dir='ltr'>zari</span> <span class='ocrx_word' id='word_1_766' title='bbox 1278 2997 1377 3031; x_wconf 88' lang='lat' dir='ltr'>literis</span> <span class='ocrx_word' id='word_1_767' title='bbox 1387 2997 1485 3031; x_wconf 84' lang='lat' dir='ltr'>etiam</span> <span class='ocrx_word' id='word_1_768' title='bbox 1497 2997 1614 3030; x_wconf 72' lang='lat' dir='ltr'>Sancto</span> <span class='ocrx_word' id='word_1_769' title='bbox 1626 2995 1817 3041; x_wconf 81' lang='lat' dir='ltr'>Augustino</span> <span class='ocrx_word' id='word_1_770' title='bbox 1827 2997 1978 3040; x_wconf 82' lang='lat' dir='ltr'>exposuit</span> <span class='ocrx_word' id='word_1_771' title='bbox 1988 2997 2071 3032; x_wconf 86' lang='lat' dir='ltr'>Pau-</span> 
     </span>
     <span class='ocr_line' id='line_1_121' title="bbox 1192 3046 2070 3090; baseline 0.001 -10"><span class='ocrx_word' id='word_1_772' title='bbox 1192 3047 1240 3081; x_wconf 91' lang='lat' dir='ltr'>lus</span> <span class='ocrx_word' id='word_1_773' title='bbox 1266 3048 1399 3082; x_wconf 83' lang='lat' dir='ltr'>Orosius</span> <span class='ocrx_word' id='word_1_774' title='bbox 1418 3071 1428 3087; x_wconf 92' lang='lat'><strong>,</strong></span> <span class='ocrx_word' id='word_1_775' title='bbox 1455 3055 1552 3090; x_wconf 83' lang='lat' dir='ltr'>atque</span> <span class='ocrx_word' id='word_1_776' title='bbox 1581 3046 1626 3080; x_wconf 91' lang='lat' dir='ltr'>ita</span> <span class='ocrx_word' id='word_1_777' title='bbox 1644 3047 1825 3090; x_wconf 85' lang='lat' dir='ltr'>Sylvanum</span> <span class='ocrx_word' id='word_1_778' title='bbox 1846 3047 2070 3081; x_wconf 87' lang='lat' dir='ltr'>Summensem</span> 
     </span>
     <span class='ocr_line' id='line_1_122' title="bbox 1193 3094 2070 3140; baseline -0.001 -9"><span class='ocrx_word' id='word_1_779' title='bbox 1193 3097 1388 3140; x_wconf 87' lang='lat' dir='ltr'>Episcopum</span> <span class='ocrx_word' id='word_1_780' title='bbox 1405 3122 1417 3138; x_wconf 87' lang='lat'>‚</span> <span class='ocrx_word' id='word_1_781' title='bbox 1441 3094 1610 3130; x_wconf 64' lang='lat' dir='ltr'>Numidia</span> <span class='ocrx_word' id='word_1_782' title='bbox 1633 3094 1809 3131; x_wconf 86' lang='lat' dir='ltr'>Primatem</span> <span class='ocrx_word' id='word_1_783' title='bbox 1831 3120 1842 3136; x_wconf 95' lang='lat'>,</span> <span class='ocrx_word' id='word_1_784' title='bbox 1868 3097 2000 3130; x_wconf 81' lang='lat' dir='ltr'>induxit</span> <span class='ocrx_word' id='word_1_785' title='bbox 2028 3097 2070 3131; x_wconf 86' lang='lat' dir='ltr'>ad</span> 
     </span>
     <span class='ocr_line' id='line_1_123' title="bbox 1191 3145 2068 3189; baseline -0.002 -8"><span class='ocrx_word' id='word_1_786' title='bbox 1191 3146 1273 3182; x_wconf 89' lang='lat' dir='ltr'>hanc</span> <span class='ocrx_word' id='word_1_787' title='bbox 1295 3147 1475 3182; x_wconf 80' lang='lat' dir='ltr'>Provinciae</span> <span class='ocrx_word' id='word_1_788' title='bbox 1497 3146 1559 3179; x_wconf 84' lang='lat' dir='ltr'>suae</span> <span class='ocrx_word' id='word_1_789' title='bbox 1579 3145 1753 3189; x_wconf 86' lang='lat' dir='ltr'>Synodum</span> <span class='ocrx_word' id='word_1_790' title='bbox 1774 3171 1785 3188; x_wconf 90' lang='lat'><strong>,</strong></span> <span class='ocrx_word' id='word_1_791' title='bbox 1812 3147 2001 3180; x_wconf 87' lang='lat' dir='ltr'>scribentem</span> <span class='ocrx_word' id='word_1_792' title='bbox 2027 3146 2068 3179; x_wconf 87' lang='lat' dir='ltr'>ad</span> 
     </span>
     <span class='ocr_line' id='line_1_124' title="bbox 1189 3195 2067 3233; baseline -0.005 -2"><span class='ocrx_word' id='word_1_793' title='bbox 1189 3197 1417 3233; x_wconf 85' lang='lat' dir='ltr'>Innocentium</span> <span class='ocrx_word' id='word_1_794' title='bbox 1443 3195 1642 3231; x_wconf 86' lang='lat' dir='ltr'>Pontificem</span> <span class='ocrx_word' id='word_1_795' title='bbox 1673 3208 1682 3229; x_wconf 71' lang='grc' dir='ltr'><strong><em>ε</em></strong></span> <span class='ocrx_word' id='word_1_796' title='bbox 1719 3200 1789 3231; x_wconf 77' lang='lat' dir='ltr'>Haec</span> <span class='ocrx_word' id='word_1_797' title='bbox 1807 3199 1852 3229; x_wconf 84' lang='lat' dir='ltr'>ad</span> <span class='ocrx_word' id='word_1_798' title='bbox 1872 3197 2067 3230; x_wconf 65' lang='lat' dir='ltr'>sanHitatem</span> 
     </span>
     <span class='ocr_line' id='line_1_125' title="bbox 1189 3246 2066 3288; baseline -0.003 -9"><span class='ocrx_word' id='word_1_799' title='bbox 1189 3258 1270 3280; x_wconf 84' lang='lat' dir='ltr'>tuam</span> <span class='ocrx_word' id='word_1_800' title='bbox 1308 3249 1343 3280; x_wconf 87' lang='lat' dir='ltr'>de</span> <span class='ocrx_word' id='word_1_801' title='bbox 1380 3246 1541 3278; x_wconf 76' lang='lat' dir='ltr'>Nnmidt‘ae</span> <span class='ocrx_word' id='word_1_802' title='bbox 1567 3248 1694 3279; x_wconf 75' lang='lat' dir='ltr'>Concilio</span> <span class='ocrx_word' id='word_1_803' title='bbox 1718 3249 1835 3288; x_wconf 74' lang='lat' dir='ltr'>Scripta</span> <span class='ocrx_word' id='word_1_804' title='bbox 1862 3248 2028 3279; x_wconf 80' lang='lat' dir='ltr'>direximus</span> <span class='ocrx_word' id='word_1_805' title='bbox 2053 3269 2066 3285; x_wconf 93' lang='lat'>‚</span> 
     </span>
     <span class='ocr_line' id='line_1_126' title="bbox 1188 3294 2066 3338; baseline -0.003 -10"><span class='ocrx_word' id='word_1_806' title='bbox 1188 3303 1341 3331; x_wconf 79' lang='lat' dir='ltr'>imitantes</span> <span class='ocrx_word' id='word_1_807' title='bbox 1369 3294 1615 3338; x_wconf 76' lang='lat' dir='ltr'>Carthaginensi:</span> <span class='ocrx_word' id='word_1_808' title='bbox 1638 3298 1808 3330; x_wconf 64' lang='lat' dir='ltr'>Provinctae</span> <span class='ocrx_word' id='word_1_809' title='bbox 1820 3295 2005 3337; x_wconf 69' lang='lat' dir='ltr'>Coepzscopos</span> <span class='ocrx_word' id='word_1_810' title='bbox 2018 3299 2066 3326; x_wconf 79' lang='lat' dir='ltr'>no-</span> 
     </span>
     <span class='ocr_line' id='line_1_127' title="bbox 1333 3342 2066 3389; baseline -0.004 -10"><span class='ocrx_word' id='word_1_811' title='bbox 1333 3357 1402 3389; x_wconf 82' lang='lat' dir='ltr'>quos</span> <span class='ocrx_word' id='word_1_812' title='bbox 1428 3346 1471 3377; x_wconf 78' lang='lat' dir='ltr'>aa</span> <span class='ocrx_word' id='word_1_813' title='bbox 1495 3346 1596 3378; x_wconf 79' lang='lat' dir='ltr'>Sedem</span> <span class='ocrx_word' id='word_1_814' title='bbox 1624 3345 1810 3386; x_wconf 72' lang='lat' dir='ltr'>Apostoltcam</span> <span class='ocrx_word' id='word_1_815' title='bbox 1837 3347 1872 3377; x_wconf 82' lang='lat' dir='ltr'>de</span> <span class='ocrx_word' id='word_1_816' title='bbox 1897 3345 1952 3376; x_wconf 83' lang='lat' dir='ltr'>bac</span> <span class='ocrx_word' id='word_1_817' title='bbox 1977 3342 2066 3386; x_wconf 82' lang='lat' dir='ltr'>causa</span> 
     </span>
    </p>
   </div>
   <div class='ocr_carea' id='block_1_22' title="bbox 247 3391 2064 3441">
    <p class='ocr_par' dir='ltr' id='par_1_32' title="bbox 247 3391 2064 3441">
     <span class='ocr_line' id='line_1_128' title="bbox 247 3391 2064 3441; baseline 0.001 -15"><span class='ocrx_word' id='word_1_818' title='bbox 247 3394 321 3426; x_wconf 72' lang='lat' dir='ltr'>sens</span> <span class='ocrx_word' id='word_1_819' title='bbox 343 3391 495 3434; x_wconf 88' lang='lat' dir='ltr'>Synodus</span> <span class='ocrx_word' id='word_1_820' title='bbox 513 3403 580 3427; x_wconf 91' lang='lat' dir='ltr'>non</span> <span class='ocrx_word' id='word_1_821' title='bbox 604 3395 708 3429; x_wconf 74' lang='lat' dir='ltr'>solum</span> <span class='ocrx_word' id='word_1_822' title='bbox 731 3408 785 3440; x_wconf 85' lang='lat' dir='ltr'>per</span> <span class='ocrx_word' id='word_1_823' title='bbox 807 3398 936 3439; x_wconf 90' lang='lat' dir='ltr'>literas,</span> <span class='ocrx_word' id='word_1_824' title='bbox 962 3399 1013 3432; x_wconf 88' lang='lat' dir='ltr'>sed</span> <span class='ocrx_word' id='word_1_825' title='bbox 1029 3399 1128 3441; x_wconf 86' lang='lat' dir='ltr'>&amp;per</span> <span class='ocrx_word' id='word_1_826' title='bbox 1183 3396 1318 3440; x_wconf 76' lang='lat' dir='ltr'>scripfisse</span> <span class='ocrx_word' id='word_1_827' title='bbox 1342 3399 1550 3436; x_wconf 74' lang='lat' dir='ltr'>comperimus.</span> <span class='ocrx_word' id='word_1_828' title='bbox 1576 3396 1672 3431; x_wconf 63' lang='lat' dir='ltr'>Fadia</span> <span class='ocrx_word' id='word_1_829' title='bbox 1697 3407 1778 3440; x_wconf 90' lang='lat' dir='ltr'>ergo</span> <span class='ocrx_word' id='word_1_830' title='bbox 1802 3394 1863 3428; x_wconf 88' lang='lat' dir='ltr'>fuit</span> <span class='ocrx_word' id='word_1_831' title='bbox 1875 3394 1981 3427; x_wconf 85' lang='lat' dir='ltr'>statim</span> <span class='ocrx_word' id='word_1_832' title='bbox 1993 3393 2064 3436; x_wconf 89' lang='lat' dir='ltr'>post</span> 
     </span>
    </p>
   </div>
   <div class='ocr_carea' id='block_1_23' title="bbox 245 3441 1126 3536">
    <p class='ocr_par' dir='ltr' id='par_1_33' title="bbox 245 3441 1126 3536">
     <span class='ocr_line' id='line_1_129' title="bbox 245 3441 1126 3492; baseline 0.012 -19"><span class='ocrx_word' id='word_1_833' title='bbox 245 3441 411 3488; x_wconf 78' lang='lat' dir='ltr'>Legatum</span> <span class='ocrx_word' id='word_1_834' title='bbox 438 3441 559 3485; x_wconf 88' lang='lat' dir='ltr'>Julium</span> <span class='ocrx_word' id='word_1_835' title='bbox 586 3442 780 3488; x_wconf 84' lang='lat' dir='ltr'>Episcopum</span> <span class='ocrx_word' id='word_1_836' title='bbox 798 3448 926 3486; x_wconf 81' lang='lat' dir='ltr'>retulit.</span> <span class='ocrx_word' id='word_1_837' title='bbox 955 3449 1032 3492; x_wconf 83' lang='lat' dir='ltr'>Ejus</span> <span class='ocrx_word' id='word_1_838' title='bbox 1057 3459 1126 3484; x_wconf 87' lang='lat' dir='ltr'>om·</span> 
     </span>
     <span class='ocr_line' id='line_1_130' title="bbox 346 3491 809 3536; baseline 0.004 -8"><span class='ocrx_word' id='word_1_839' title='bbox 346 3491 455 3533; x_wconf 78' lang='lat' dir='ltr'>Christ.</span> <span class='ocrx_word' id='word_1_840' title='bbox 468 3495 549 3535; x_wconf 79' lang='lat' dir='ltr'>Lupi</span> <span class='ocrx_word' id='word_1_841' title='bbox 559 3496 657 3536; x_wconf 66' lang='lat' dir='ltr'>Opera</span> <span class='ocrx_word' id='word_1_842' title='bbox 667 3497 809 3530; x_wconf 70' lang='lat' dir='ltr'>Tole.</span> 
     </span>
    </p>
   </div>
   <div class='ocr_carea' id='block_1_24' title="bbox 1186 3443 2067 3491">
    <p class='ocr_par' dir='ltr' id='par_1_34' title="bbox 1186 3443 2067 3491">
     <span class='ocr_line' id='line_1_131' title="bbox 1186 3443 2067 3491; baseline -0.008 -6"><span class='ocrx_word' id='word_1_843' title='bbox 1186 3447 1361 3491; x_wconf 87' lang='lat' dir='ltr'>Synodum</span> <span class='ocrx_word' id='word_1_844' title='bbox 1388 3443 1678 3490; x_wconf 83' lang='lat' dir='ltr'>Carthaginensem</span> <span class='ocrx_word' id='word_1_845' title='bbox 1701 3470 1709 3477; x_wconf 94' lang='lat'>.</span> <span class='ocrx_word' id='word_1_846' title='bbox 1736 3443 1861 3479; x_wconf 90' lang='lat' dir='ltr'>Habuit</span> <span class='ocrx_word' id='word_1_847' title='bbox 1889 3443 2067 3487; x_wconf 85' lang='lat' dir='ltr'>Episcopos</span> 
     </span>
    </p>
   </div>
   <div class='ocr_carea' id='block_1_25' title="bbox 1637 3493 2019 3539">
    <p class='ocr_par' dir='ltr' id='par_1_35' title="bbox 1637 3493 2019 3539">
     <span class='ocr_line' id='line_1_132' title="bbox 1637 3493 2019 3539; baseline -0.008 -9"><span class='ocrx_word' id='word_1_848' title='bbox 1637 3495 1664 3530; x_wconf 84' lang='lat' dir='ltr'>P</span> <span class='ocrx_word' id='word_1_849' title='bbox 1715 3507 1735 3532; x_wconf 92' lang='lat'>2</span> <span class='ocrx_word' id='word_1_850' title='bbox 1935 3493 2019 3539; x_wconf 46' lang='lat' dir='ltr'>sexa}</span> 
     </span>
    </p>
   </div>
  </div>
 </body>
</html>
