2366 3736
1887 181 1976 230 371

307 400 1048 543 ORA

1210 401 1905 544 TIO

418 617 1817 735 PANEGYRICA

741 779 869 847 ΙΝ
971 784 1471 835 LAUDEM

185 871 1318 1008 ‘SACROSANCTAE
1414 897 1994 990 HosTrAE

331 1046 894 1088 MIRACULOSAE
953 1051 1031 1087 1N
1078 1050 1400 1088 CARNEM
1447 1049 1884 1088 CONVERSAE

261 1141 1093 1204 MIDDELBURGI

1176 1147 1957 1205 ZELANDORUM

776 1253 815 1292 A
842 1266 965 1295 mro
1020 1257 1075 1291 Μ.
1122 1255 1230 1291 cco
1284 1255 1449 1294 Lxxiv.
1500 1245 1506 1247 “

300 1348 408 1408 Qae
436 1352 601 1397 Lovanii
619 1355 660 1397 in
692 1355 869 1398 Ecclefia
898 1354 979 1397 FF.
1011 1355 1175 1398 Eremit.
1201 1354 1242 1399 AS.
1276 1354 1318 1396 P.
1344 1353 1678 1398 AUGUSTIN
1691 1364 1708 1397 I
1741 1352 1912 1409 religiose

864 1414 1081 1456 asservatur
1108 1413 1156 1455 ὃς
1181 1413 1348 1457 colitur.

299 1516 426 1557 Dib't'a
451 1521 491 1559 in
518 1519 673 1562 Solemni
700 1519 950 1578 Tri-soeculari
972 1520 1120 1574 jubilaeo
1130 1554 1143 1573 ,
1169 1523 1284 1562 Anno
1315 1523 1371 1560 M.
1384 1523 1437 1560 D.
1447 1522 1524 1559 CC.
1536 1522 1618 1560 LX
1621 1523 1664 1559 X
1665 1523 1734 1562 IV,
1765 1519 1827 1560 die
1862 1522 1922 1558 16.

582 1578 761 1631 Septemb.
788 1593 872 1632 quae
898 1589 983 1619 erat
1011 1577 1165 1637 ejtffdem
1189 1576 1437 1619 ,Solemnitatis
1463 1575 1637 1614 offla-va.

334 1779 365 1819 ‘⁴
416 1788 440 1814 »J
485 1778 652 1811 honorant
686 1779 921 1813 sublimissimis
956 1782 1080 1815 titulis.

377 1837 391 1877 g
432 1837 447 1871 «ι
481 1826 590 1869 Ipsum
603 1827 767 1870 appellant
780 1828 901 1866 vitam,
926 1832 1078 1872 gratiam,

483 1877 737 1919 perfectionem,
765 1888 883 1920 panem
912 1877 1080 1920 caelestem,

481 1926 657 1969 mysticam
696 1938 733 1961 ac
760 1928 925 1962 vivificam
952 1927 1082 1962 benedi·

183 1950 235 1974 ”a

184 1976 331 2012 &ionem
361 2002 372 2018 ‚

186 2038 300 2068 mum,
322 2027 565 2061 Sacramentum
581 2028 887 2068 Sacramentorum,
912 2029 1078 2071 Sanstum3

184 2073 254 2111 hoc
281 2077 326 2111 est
350 2100 360 2116 ‚
386 2077 489 2120 ipsum
515 2077 700 2120 supremum
724 2078 760 2112 ὅ(
776 2077 986 2112 substantiale
1011 2080 1079 2113 san-

185 2128 301 2167 stum,
323 2125 367 2161 de
393 2138 460 2170 quo
486 2126 526 2160 ad
554 2128 800 2162 sacratiffimam
828 2127 1004 2172 Virginem
1032 2128 1077 2163 di-

185 2176 241 2210 xit
270 2176 498 2221 Archangelus
522 2177 684 2213 Gabriel.-
712 2179 806 2221 ‚Quod
827 2189 868 2211 ex
894 2187 924 2212 te
943 2177 1079 2221 nascetur

190 2226 358 2267 scandum,
385 2227 539 2260 vocabitur
565 2229 667 2260 Filius
692 2231 775 2261 Dei.
806 2228 888 2271 Ejus
916 2228 1075 2262 veritasin

184 2275 371 2321 Evangelio
391 2276 441 2310 -est
468 2274 551 2310 adeo
579 2276 684 2312 lucida
706 2302 717 2317 ‚
757 2287 792 2311 ut
819 2278 921 2321 ipsam
948 2289 989 2312 ex
1017 2279 1075 2322 pri-

182 2336 240 2360 ma
270 2327 400 2365 statim,
427 2325 503 2359 licet
528 2326 729 2368 obscuriori,
760 2328 901 2361 Domini
931 2328 1076 2371 praedica-

182 2376 277 2409 tione
301 2376 404 2409 etiam
432 2375 563 2418 Judaica
585 2378 623 2410 ὃ(
647 2377 791 2411 carnalia
823 2378 1073 2421 Discipulorum

184 2423 322 2468 ingenia
347 2424 588 2459 intellexerint.
618 2427 754 2461 Etenim
770 2427 919 2462 abierunt
947 2428 1074 2467 offensi,

186 2475 225 2509 isc
250 2473 459 2507 scandalizati
487 2475 641 2509 dixerunt
663 2490 670 2510 ε
700 2480 805 2510 Durus
827 2477 868 2518 est
894 2477 944 2510 hic
965 2475 1071 2520 sermo,

187 2528 255 2566 quis·
278 2524 358 2564 poffit
383 2523 473 2556 illum
499 2525 603 2558 audire
620 2527 635 2558 2
672 2527 916 2559 Existimabant
943 2526 1084 2570 Schyti-¹

184 2584 258 2608 cam
284 2572 464 2607 barbariem
488 2574 592 2616 juberi
626 2575 644 2608 ὲ
671 2575 822 2609 Domino
841 2600 848 2607 .
885 2576 967 2609 Item
1004 2585 1071 2609 tre-

182 2623 304 2658 menda
331 2623 686 2658 transelementationis
728 2625 877 2659 sanctitas
912 2624 957 2658 est
984 2626 1072 2668 aeque

183 2672 293 2707 lucida
315 2698 322 2706 .
360 2674 463 2716 Ipsam
490 2674 657 2708 sceleratus
683 2675 720 2708 δε
747 2685 857 2709 mente
884 2686 992 2709 coecus
1019 2677 1071 2719 Ju-

184 2722 241 2757 das
266 2723 364 2758 etiam
393 2723 571 2758 intellexit.
596 2723 703 2772 Qod
728 2726 981 2759 consecratama
998 2726 1068 2759 Do·

184 2773 279 2808 mino
306 2773 465 2808 bucellam
491 2775 578 2808 foras
604 2775 780 2815 extulerit,
804 2775 936 2819 perfidis
950 2776 1068 2818 Judaeis

183 2823 400 2858 enuntiaverit
429 2834 528 2857 omne
540 2824 762 2865 Mysterium,
788 2836 885 2869 atque
911 2827 954 2859 ita
975 2825 1068 2859 Chri-

169 2872 269 2908 *ssum
298 2874 481 2907 Dominum
508 2875 656 2908 nostrum
684 2876 882 2910 accusaverit
909 2875 949 2908 de
975 2874 1068 2908 Para-

183 2922 274 2957 doxo
301 2925 468 2967 Dogmate
487 2949 498 2964 ,
535 2925 567 2957 in
611 2925 727 2969 Magni
757 2926 864 2959 Bafilii
891 2937 929 2958 ac
968 2926 1066 2959 sansti

182 2973 318 3016 Joannis
344 2974 572 3016 Chrysostomi
601 2974 748 3020 Licurgia
789 2976 958 3019 profitetur
998 2987 1067 3009 orn-

182 3022 235 3056 nis
262 3023 396 3057 Ecclesia
421 3024 604 3058 Orientalis
624 3050 631 3056 .
671 3025 768 3058 lstam
803 3026 868 3059 esse
903 3026 998 3059 nobis
1023 3026 1068 3058 es·

180 3083 255 3106 cam
277 3096 288 3112 ,
324 3071 402 3107 licet
431 3075 594 3117 primitiva
633 3075 863 3109 Christianitas
888 3076 980 3109 omni
1007 3075 1068 3108 stu·

185 3122 242 3156 dio
268 3122 473 3165 occultaret,
508 3126 605 3157 etiam
639 3126 775 3168 antiqua
801 3126 834 3159 δε
873 3126 1068 3168 persecutrix

180 3172 362 3206 Gentilitas
390 3183 454 3205 non
483 3175 667 3218 ignoravit.
701 3176 790 3222 Qia
819 3186 872 3218 per
900 3177 971 3209 suos
1001 3175 1067 3208 Cu-

180 3221 282 3256 riosos
320 3223 354 3255 &
388 3222 630 3258 Frumentarios
658 3225 808 3258 audiebat
836 3225 854 3258 ἐι
885 3226 982 3259 nobis
1008 3225 1060 3259 edi

178 3282 311 3306 carnem
341 3272 415 3304 Filii
446 3273 603 3308 Hominis
625 3300 635 3315 ,
676 3277 708 3309 δε
738 3274 802 3308 bibi
830 3275 898 3318 ejus
926 3277 1061 3320 sangui·-

182 3332 282 3363 nem,
307 3321 484 3355 firmissime
510 3324 660 3358 credebat
687 3325 870 3367 Thyesteas
894 3325 1006 3369 epulas
1028 3326 1061 3358 δε

182 3370 377 3416 quotidiana
403 3371 608 3407 infanticidia
635 3374 653 3407 a
681 3376 775 3409 nobis
799 3376 986 3410 'facinorose
1013 3386 1067 3417 pa·

180 3421 281 3455 trari.
309 3422 401 3455 Hinc
427 3433 488 3456 nos
515 3434 550 3456 ut
580 3423 723 3458 Romani
747 3425 877 3468 Imperii
901 3426 936 3459 ἀ
962 3425 1065 3459 totius

181 3468 320 3506 humani
354 3472 481 3516 generis
515 3472 754 3510 abominandas
792 3476 893 3519 pestes
927 3474 1062 3510 aversati

408 1974 522 2009 cibum
557 1977 798 2011 Sanffiffimum
834 1989 873 2012 ac
910 1979 1083 2012 Diviniffi·
1123 2015 1125 2018 ,

1116 2624 1118 2626 ’
1142 2626 1347 2660 paradoxum
1371 2624 1493 2657 intueri
1520 2649 1526 2656 .

427 1715 433 1725 ,
467 1684 703 1720 Acrosanstum
740 1685 953 1720 Eucharistiae
976 1687 1083 1721 Sacra·
1129 1704 1132 1710 ¹
1153 1687 1250 1726 sunt,
1275 1685 1310 1719 &
1336 1683 1370 1717 in
1396 1679 1867 1723 amphitheatrisaProvinciae
1887 1688 1942 1714 aut
1955 1679 2039 1714 1¹1ae·

480 1741 630 1764 mentum
652 1736 786 1772 antiqui
815 1736 962 1767 Ecclesiae
973 1736 1082 1769 Patres
1152 1735 1228 1767 torii
1256 1732 1406 1766 Praefecto
1423 1752 1435 1768 ‚
1460 1739 1517 1762 aut
1543 1730 1613 1773 ipso
1639 1731 1737 1764 etiam
1763 1729 1916 1774 Augusto
1943 1728 2036 1764 Prin·

1150 1778 1289 1823 cipe·ad
1318 1779 1466 1812 Leonem
1489 1780 1639 1812 unanimi
1662 1781 1699 1814 ἀ
1720 1780 1970 1824 frequentissima
1980 1791 2036 1814 vo-

1149 1840 1187 1863 ce
1211 1828 1434 1873 postularunt.
1464 1828 1623 1871 Joannem
1651 1829 1828 1863 Calvinum
1858 1830 2034 1872 pudeatin·

1149 1879 1252 1913 ficiari
1278 1878 1370 1913 istam
1394 1888 1552 1918 carnem,
1577 1890 1637 1922 pro
1659 1890 1727 1922 qua
1753 1889 1804 1913 tot
1833 1878 2035 1914 Christiano·

1149 1940 1219 1963 rum
1246 1929 1351 1963 millia
1379 1928 1631 1962 Romanoolim
1657 1928 1770 1973 gladio
1784 1928 2030 1964 occubuerunt.

1198 1979 1335 2013 Coecam
1361 1978 1560 2012 calumniam
1574 1980 1697 2013 sanstus
1711 1978 1878 2022 Justinus,
1910 1979 2033 2014 sanetus

1147 2028 1351 2074 Quadratus,
1373 2029 1497 2062 sanstus
1523 2028 1706 2070 Aristides,
1735 2030 1860 2063 sanstus
1886 2027 2035 2062 Athena·

1146 2090 1259 2122 goras,
1287 2078 1517 2112 Tertullianus
1542 2103 1553 2119 ‚
1573 2080 1742 2123 *Origenes
1764 2104 1774 2119 ‚
1802 2080 1921 2122 aliique
1949 2079 2033 2113 anti·

1147 2130 1203 2171 qui
1230 2129 1344 2163 nostrae
1370 2128 1469 2173 Legis
1483 2128 1644 2162 Doctores
1672 2140 1725 2173 per
1746 2129 1892 2163 eruditas
1918 2129 2031 2172 apolo-

1145 2179 1214 2222 gias
1248 2178 1382 2213 tandem
1422 2189 1597 2223 purgarunt
1631 2180 1670 2213 ἃ
1697 2177 1791 2222 plene
1826 2178 2029 2213 abraserunt.

1146 2228 1336 2263 Gentilibus
1359 2230 1578 2272 persuaserunt
1606 2230 1624 2262 a
1652 2229 1748 2263 nobis
1772 2228 2031 2262 manducariFi-

1147 2279 1226 2312 lium
1251 2278 1400 2312 hominis
1425 2303 1436 2318 ,
1466 2279 1524 2312 sed
1548 2279 1616 2312 fine
1640 2277 1853 2311 infanticidio
1876 2290 1885 2320 ;
1923 2276 2029 2319 potari

1145 2329 1339 2372 sanguinem
1354 2352 1364 2368 ,
1391 2326 1447 2360 sed
1469 2328 1537 2361 sine
1559 2338 1697 2361 cruenta
1717 2328 1887 2360 effusione.
1919 2325 2026 2359 Etisti

1144 2379 1317 2412 audierunt
1348 2376 1480 2421 quidem
1497 2402 1507 2417 ,
1530 2377 1733 2420 sedaenigma
1761 2387 1828 2409 non
1858 2375 2027 2410 intellexe-

1144 2438 1236 2461 runt.
1268 2428 1362 2460 Hinc
1389 2426 1476 2458 illius
1500 2427 1633 2458 fuerunt
1659 2424 1859 2459 curiofiffimi
1877 2448 1884 2455 .
1912 2424 2024 2459 Nobis

1142 2477 1266 2510 amicus
1291 2477 1468 2518 Imperator
1492 2475 1712 2508 Numerianus
1737 2475 1755 2508 ὲ
1779 2475 1888 2508 sancto
1916 2473 2024 2515 Baby-

1143 2526 1169 2560 la
1182 2549 1193 2564 ,
1205 2525 1392 2560 Antiochiae
1406 2523 1590 2558 patriarcha
1602 2549 1615 2565 ,
1626 2525 1766 2568 gratiose
1781 2524 1911 2558 admitti
1931 2524 2021 2558 volu·

1143 2577 1167 2610 it
1204 2575 1244 2610 ad
1282 2574 1429 2608 Ecclefiae
1455 2574 1669 2608 conventum
1687 2599 1696 2614 ,
1717 2573 1850 2608 &istud
1874 2573 2022 2608 nostrum

1566 2624 1691 2658 Verum
1726 2623 1871 2666 Babylas
1905 2623 2021 2667 rejecit

1141 2675 1349 2718 Principem,
1376 2685 1475 2717 atque
1511 2674 1555 2707 ita
1582 2675 1637 2707 ille
1662 2685 1702 2708 ex
1727 2675 1839 2707 amico
1865 2673 2019 2707 demuta-

1139 2735 1187 2760 tus
1217 2727 1248 2759 in
1278 2725 1426 2765 hostem,
1450 2723 1576 2757 occidit
1602 2723 1803 2766 Episcopum
1827 2746 1838 2763 ,
1865 2723 1900 2756 ἀ
1926 2721 2017 2756 Mar-

1139 2786 1241 2819 tyrem
1270 2775 1396 2808 effecit.
1427 2773 1479 2807 Ex
1502 2773 1619 2807 eadem
1631 2772 1811 2806 curiofitate
1837 2770 2018 2816 nescioqui

1139 2836 1216 2859 tunc
1245 2823 1388 2858 Romani
1414 2824 1450 2857 in
1476 2824 1620 2857 sanctum
1644 2822 1852 2856 Tharfitium
1893 2822 2018 2856 Roma-

1141 2886 1188 2908 nae
1218 2875 1363 2908 Ecclesiae
1388 2872 1595 2916 Acolythum
1624 2881 1814 2915 patrarunt,
1839 2871 1927 2915 quod
1956 2870 2017 2906 ha-

1138 2924 1189 2958 bet
1213 2925 1355 2967 ejusdem
1373 2922 1827 2966 Ecclefiae'Martyrologium:
1855 2925 1933 2954 Cum
1956 2924 2016 2955 Pa·
2034 2915 2126 2964 Aug.
2139 2927 2184 2968 15·

1131 2980 1208 3019 gant
1237 2974 1418 3016 'Tharfitium
1450 2972 1629 3014 invenissent
1649 2976 1792 3014 corporis
1821 2970 1936 3012 Christi
1962 2974 2016 3005 Sa-

1111 3033 1287 3058 *cramenta
1318 3032 1490 3066 portantem
1512 3047 1523 3063 ,
1556 3030 1706 3064 coeperunt
1736 3020 1903 3064 disquirere
1938 3023 2017 3064 quid

1131 3084 1269 3119 gereret.
1293 3079 1331 3106 At
1353 3075 1405 3106 ‚ille
1426 3073 1589 3115 indignum
1611 3073 1762 3113 judicans
1787 3076 1882 3112 porcis
1907 3073 2011 3112 prode-

1132 3137 1166 3158 re
1193 3130 1396 3168 margaritas,
1414 3123 1533 3155 tamdiu
1556 3121 1598 3154 ab
1620 3123 1685 3155 illis
1706 3121 1857 3154 manaim
1883 3121 1921 3163 est
1940 3120 2011 3164 fufi-

1133 3175 1239 3214 tibur,
1264 3177 1355 3207 donec
1375 3171 1533 3206 exhalaret
1554 3170 1698 3214 splritum
1712 3196 1719 3203 .
1745 3175 1792 3204 Et
1802 3173 1930 3204 revoluto
1942 3172 2010 3211 eJus

1132 3234 1246 3264 corpore
1277 3223 1413 3267 sacrilegi
1446 3219 1612 3264 discussores
1653 3221 1731 3255 nihil
1753 3224 2009 3255 sacramentorum

1131 3273 1243 3313 Christi
1266 3280 1301 3306 in
1326 3275 1391 3313 ejas
1415 3272 1556 3304 manibus
1578 3279 1635 3305 aut
1656 3271 1783 3311 vestibus
1809 3276 2006 3305 invenerunt.

1135 3324 1237 3371 Qod
1266 3323 1331 3356 sola
1358 3324 1442 3356 sacra
1469 3322 1591 3362 lintea,
1619 3321 1656 3354 in
1679 3321 1799 3364 quibus
1827 3318 2007 3354 Christiani

1131 3375 1236 3408 solent
1263 3373 1383 3407 deferre
1397 3370 1655 3412 Euchar-istiarn,
1682 3369 1886 3409 invenerint,
1912 3368 2006 3402 testa-

1130 3435 1183 3458 tur
1210 3425 1242 3456 in
1269 3423 1365 3457 tertio
1379 3420 1732 3466 contraBerengarium
1759 3418 1843 3453 libro
1871 3418 2004 3452 S.Guit.

1130 3472 1271 3509 mundus
1290 3498 1299 3507 .
1337 3471 1552 3507 Horrendum
1576 3469 1761 3515 exemplum
1787 3467 2002 3554 habextgi‘in
