2366 3736
349 175 447 221 104

305 256 390 283 cutus
405 271 416 288 ,
428 244 495 289 ‘solo
502 243 618 288 sellim
630 244 748 275 nomine
762 262 773 279 ,
801 239 972 272 militavit.
1003 239 1087 285 Qae
1100 238 1196 273 verba
1211 244 1218 264 ·“

295 298 453 332 -altiffime
479 297 622 329 clamant
661 289 846 322 Martinum
877 288 943 324 haec
965 288 1195 330 dispensatorie

305 350 404 392 egifle
417 342 730 390 praeterconsuetum
754 350 881 373 morem
907 338 1169 372 Christianorum
1184 365 1191 372 .

304 392 573 440 Nequeimpegit
587 391 620 424 in
637 388 769 423 tertium
783 390 891 433 primae
917 389 1113 423 Arelatensis
1137 390 1194 431 Sy-

305 448 386 483 nodi
401 446 591 478 Canonern:
607 463 610 467 -
626 444 672 474 De
685 439 732 472 his
741 446 892 482 quiarma
902 441 1063 480 projiciunt
1088 444 1120 471 in
1136 446 1194 480 pa-

303 509 334 531 ce
347 520 358 535 ,
380 496 495 536 placuit
517 490 655 529 abstineri
678 501 724 523 eos
748 493 768 522 ὰ
790 494 997 525 communione
1022 513 1028 520 .
1057 489 1190 522 Etenim

304 547 426 579 Canon
441 545 475 576 in
514 541 634 585 Magni
659 539 894 579 Constantini,
921 539 977 582 qui
1015 549 1093 573 tunc
1115 538 1192 572 lieet

299 605 371 629 ‘non
386 594 590 638 baptizatus,
617 602 726 625 tamen
750 590 1022 629 cathecumenus,
1064 599 1120 623 aut
1157 591 1191 622 in

300 645 452 688 prox-ima
463 652 530 677 esat
557 643 635 682 via,
662 641 801 686 gratiam
822 639 866 674 est
889 640 995 673 editus
1012 661 1022 677 ‚
1054 639 1192 680 ideoque

300 695 389 731 nulli
401 693 520 738 gentili
533 717 543 732 ,
565 690 641 725 licet
655 703 723 725 non
737 691 977 733 persequeretur
990 699 1050 722 nos
1065 713 1074 728 ‚
1098 688 1190 721 Prin-

301 745 465 788 ojpifavit
488 767 495 775 .
523 742 675 776 Praeterea
699 741 787 774 aliud
801 739 845 773 est
873 750 962 773 arma
999 738 1154 781 projicere
1180 762 1190 778 ,

298 794 390 828 aliud
403 794 565 837 deponere
576 791 747 835 cingulum
759 814 769 830 ,
791 790 825 822 &
836 790 963 824 militiae
978 789 1163 822 renuntiare
1181 811 1185 818 .

299 844 487 879 Discrimen
511 844 569 876 suo
588 842 673 875 ,loco
700 849 900 883 exponetur.
930 839 997 872 Sub
1011 839 1191 883 gentilibus

299 895 415 929 mereri
427 894 472 928 est
487 891 671 928 obnoxium
685 891 833 934 plurimis
845 889 977 935 labendi
991 889 1188 932 &.praevari-
1220 918 1222 920 .

300 945 396 979 candi
411 943 562 989 periculis
578 955 588 974 :
618 942 695 975 binc
709 939 894 973 istiusmodi
906 938 1024 974 m'iiitia
1048 938 1189 983 baptiza-

299 993 472 1030 t-ismerito
484 991 631 1027 suadetur
642 991 817 1025 deserenda
829 1013 837 1022 .

298 1066 301 1070 ·
350 1043 579 1078 Tertullianus
599 1040 748 1085 adjungit
762 1040 973 1074 moderamen
988 1052 1002 1072 .··
1026 1043 1195 1083 Aut-omnir*

298 1095 359 1129 >bus
384 1096 480 1128 modis
500 1093 725 1130 cavillandum,
756 1102 793 1124 ne
816 1091 892 1132 quid
914 1091 1066 1124 adversus
1091 1091 1184 1122 Deum

299 1151 529 1182 *committatun
559 1142 744 1184 Baptizatos
758 1152 824 1173 non
849 1140 1017 1182 compellit
1038 1139 1080 1173 ad
1107 1139 1185 1173 vale·

299 1194 475 1227 dicendum
489 1191 614 1226 militia:
629 1214 647 1230 ,f
666 1189 718 1223 sed
733 1191 910 1223 dumtaxat
925 1199 980 1223 aut
1005 1186 1045 1220 ad
1065 1187 1183 1221 valedir

298 1243 463 1282 cendum,
490 1250 546 1275 aut
558 1241 598 1274 ad
614 1239 790 1278 istomodo
803 1237 1046 1273 cavillandum.
1077 1238 1118 1271 Et
1132 1236 1186 1270 dat

297 1294 377 1328 duas
402 1290 575 1336 praesertim
602 1290 732 1322 causas.
762 1286 907 1332 Primo„
926 1286 1187 1332 quod-adversus

298 1344 409 1378 Deum
423 1367 434 1382 ,
460 1353 497 1375 ac
508 1339 667 1374 Divinam
681 1348 801 1373 naturae
814 1337 1058 1382 auu'Evangelii
1072 1338 1187 1381 legem,

299 1406 361 1430 nec
376 1391 494 1426 militia
513 1389 677 1434 permittat
691 1388 814 1431 aliquid
827 1388 1054 1423 committere.
1083 1387 1197 1433 Quod*

299 1436 442 1479 militare
455 1442 700 1485 Sacramentum
718 1449 784 1472 non
809 1437 847 1473 fit
871 1438 1005 1472 licentia
1023 1436 1182 1478 quidlibet

301 1491 466 1539 patrandi.
499 1491 548 1524 Ex
562 1500 628 1533 quo
643 1487 731 1522 vides
757 1487 954 1524 hodiernum
969 1485 1185 1530 quorumdam

299 1542 575 1580 sceleratissimum
587 1550 728 1574 errorem
740 1538 841 1572 etiam
853 1549 932 1573 tunc
949 1538 1047 1572 'fuisse
1074 1537 1187 1582 graffa-

300 1605 371 1628 tum
386 1595 470 1626 inter
490 1592 662 1629 Romanos
675 1589 813 1622 milites.
843 1589 989 1625 Secunda
1004 1588 1098 1621 causa
1121 1587 1188 1626 est,

300 1643 390 1688 quod
405 1639 490 1685 apud
504 1639 689 1677 Dominum
709 1639 819 1673 Deum
832 1661 843 1677 ‚
871 1639 918 1673 uti
934 1638 1016 1673 inter
1027 1638 1186 1680 ··Judaeum

300 1697 333 1731 ἃ
347 1693 499 1732 Graecum
514 1715 525 1731 ,
552 1691 596 1723 ita
612 1692 695 1724 inter
709 1689 850 1734 militem
862 1688 895 1720 ὅ(
908 1698 1072 1732 paganum
1086 1712 1097 1727 ,
1124 1686 1188 1721 hoc

300 1744 347 1781 est
362 1768 372 1784 ‚
399 1743 485 1776 inter
497 1739 680 1783 militem&
693 1738 798 1775 civem
813 1737 912 1773 nulia>
924 1737 963 1774 fit
982 1737 1150 1772 distinctio
1178 1761 1188 1778 ,

213 1827 215 1829 .
301 1795 444 1837 ideoque
456 1786 1084 1832 ambojifflemlegibusobstringantur.
1116 1787 1185 1820 Ete-

306 1837 375 1881 nim
399 1854 453 1886 per
464 1841 589 1875 militiae
612 1837 840 1882 profeffionem
868 1845 967 1872 nemo
988 1834 1104 1875 definit
1127 1838 1190 1871 elie

262 1924 281 1928 ,.
303 1893 531 1934 Christianus.
550 1904 563 1921 ·.
708 1911 711 1915 »
858 1919 860 1921 .
893 1910 897 1913 ,
928 1897 945 1923 ·.
1000 1907 1001 1911 =
1074 1896 1075 1899 ’
1181 1910 1183 1913 ι

321 1965 334 1982 2·
358 1946 410 1980 De
421 1944 494 1982 casu
507 1953 598 1988 ‚quo
611 1939 819 1988 Christianus
831 1940 924 1975 miles
935 1938 1079 1975 cavillari
1091 1963 1102 1981 ,
1129 1939 1184 1973 seu

306 1995 458 2038 sacrilega
474 1986 724 2034 P‘rincipisju'ffa
738 2003 792 2034 per
814 1991 1058 2025 cavillationem
1078 1990 1191 2024 evade-

306 2057 341 2085 re
357 2055 422 2077 non
437 2042 529 2085 possit
544 2067 555 2082 ,
581 2040 807 2074 Tertullianus
819 2042 1045 2084 prosequitur:
1072 2043 1130 2073 Aut
1144 2049 1192 2071 no-

308 2086 416 2134 'viffime
437 2092 661 2134 Perpetiendum
682 2099 739 2132 pro
764 2094 839 2122 Deo.
880 2089 986 2124 Tunc
1009 2101 1097 2123 arma
1119 2091 1191 2123 sunt

308 2143 451 2182 omniuo
468 2141 682 2183 projicienda.
712 2141 760 2173 lta
776 2141 854 2177 fecit
876 2141 1000 2175 sanc'ius
1012 2141 1142 2180 Martyr
1161 2140 1192 2172 ἃ

310 2195 473 2228 Centurio
485 2190 645 2224 Gordius.
675 2189 751 2232 Ejus
772 2191 806 2222 in
820 2190 974 2225 encomio
999 2189 1124 2222 Licinii
1146 2189 1191 2230 ju‘

312 2245 416 2278 nioris
437 2242 693 2285 persecutionem
719 2238 868 2273 describit
883 2238 1029 2282 Magnus
1045 2238 1194 2275 Basilius,

313 2305 410 2336 atque
432 2292 599 2336 adjungit:
629 2295 700 2322 Haec
711 2291 845 2330 exempla
857 2290 1062 2323 crudelius-um
1088 2293 1195 2320 Centu-

314 2351 359 2378 rio
375 2341 526 2387 generosus
565 2339 739 2383 conspiceret
754 2363 764 2378 ‚
795 2340 976 2380 judiciorum
1013 2339 1196 2377 neceffitatem

315 2403 530 2430 antevertens,
554 2390 677 2432 abjecit
703 2392 822 2422 militiae
846 2391 982 2433 cingulo-0<
1017 2387 1122 2431 sponte
1140 2386 1198 2430 fua

316 2445 437 2479 exilium
458 2442 580 2484 delegit.
611 2439 754 2482 Proiecit
777 2450 899 2479 arnna,¹
923 2440 956 2474 δε
981 2439 1197 2480 semet-ipsum

317 2495 436 2528 creavit
460 2491 612 2534 Martyrii
633 2514 643 2530 ,
669 2490 754 2526 certe
783 2488 1007 2528 illustrissimi,
1048 2487 1198 2520 candida-

319 2554 410 2577 tum.
439 2542 482 2574 Et
508 2540 546 2573 ad
569 2541 719 2582 quintam
741 2538 938 2582 Septembris
975 2537 1062 2571 diem
1090 2537 1199 2571 scribit

321 2593 512 2627 Romanum
524 2589 801 2634 Martyrologium
816 2602 822 2621 :
848 2589 992 2622 Melitinae
1004 2593 1038 2620 in
1062 2592 1200 2620 Armenia

322 2641 423 2676 Sanc‘li
446 2641 555 2672 Milites
572 2663 581 2678 ,
605 2642 783 2679 Eudoxias,
823 2642 905 2671 Zeno
927 2663 938 2678 ,
965 2641 1117 2672 Macarius
1131 2662 1140 2678 ‚
1168 2639 1202 2671 (θ’

323 2695 396 2726 Socii
410 2691 488 2722 mille
510 2698 625 2722 centum
650 2690 684 2722 (9·
710 2698 832 2730 quatuor
855 2713 866 2728 ,
892 2688 1063 2727 abjicientes
1084 2689 1202 2721 militiae

324 2742 473 2784 cingulum
484 2745 517 2771 in
525 2737 722 2782 persecutione
737 2740 936 2778 Diocletiani,
961 2747 1017 2780 pro
1039 2737 1200 2779 confeffione

323 2790 434 2830 Christi
446 2795 539 2823 necati
547 2788 617 2831 sunt
629 2812 636 2820 .
667 2788 709 2821 Et
721 2788 760 2821 ad
775 2789 936 2822 decimam
948 2790 1094 2822 octavam
1116 2788 1203 2821 diem

324 2839 543 2876 Novembris:
573 2837 734 2871 Antiocln'ae
744 2836 866 2879 sanc‘lus
893 2836 1045 2880 Hesjrchius
1065 2842 1201 2878 Martyr,

327 2893 389 2925 cum
401 2891 465 2932 esset
486 2889 571 2922 miles
585 2913 593 2927 ,
623 2891 655 2921 (ς
664 2897 846 2929 praeceptum
860 2889 981 2930 audtffet
994 2913 1003 2928 ‚
1030 2897 1063 2921 ut
1075 2886 1204 2930 quisquis

327 2952 384 2975 non
395 2939 574 2982 sacrificaret
588 2939 676 2970 Idolis
691 2963 700 2977 ,
726 2941 870 2981 cingulum
882 2939 1000 2971 militiae
1026 2941 1180 2980 deponeret
1196 2961 1206 2976 ,

327 2991 447 3032 repente
457 2989 602 3032 cingulum
610 2987 703 3030 solvit
716 3012 723 3019 .
753 2988 797 3020 Ob
810 3000 900 3030 quam
924 2987 1045 3030 causam
1069 2989 1163 3030 ligato
1175 2993 1206 3018 in

328 3041 454 3073 dextera
467 3041 530 3077 ejus
551 3044 661 3081 ingenti
677 3036 777 3080 saxo,
806 3046 838 3071 in
858 3038 986 3079 fluvium
1016 3042 1207 3079 praecipnari

325 3089 417 3132 jussus
431 3088 467 3127 est
478 3113 485 3120 .
513 3089 657 3121 Plurima
672 3090 745 3121 sunt
769 3088 952 3122 istiusmodi
967 3088 1114 3131 exempla
1128 3111 1136 3118 .
1165 3088 1206 3120 Et

329 3138 414 3173 certe
425 3139 503 3171 dum
517 3137 613 3180 coepit
628 3139 803 3180 persecutio
816 3162 826 3177 ‚
852 3139 998 3172 Romani
1021 3138 1143 3171 milites
1155 3137 1206 3170 de-

329 3189 473 3224 buerunt
487 3187 526 3220 ad
541 3187 659 3220 variam
674 3189 879 3228 iniquitatem
900 3187 1087 3231 cooperari.
1115 3188 1207 3219 Hinc

331 3240 388 3283 qui
402 3249 469 3272 non
488 3246 633 3280 poterant
646 3237 810 3278 cavillari,
837 3238 1016 3272 debuerunt
1039 3247 1125 3271 arma
1139 3249 1207 3279 pro·

333 3290 447 3333 ficere.
475 3287 517 3321 Et
533 3286 617 3320 hanc
630 3288 717 3321 suam
729 3288 912 3321 dostrinam
933 3287 1161 3322 Tertullianus
1174 3287 1209 3319 in

336 3339 466 3381 praefato
479 3337 562 3371 libro
574 3335 614 3370 de
636 3337 772 3371 Corona
798 3338 918 3371 Militis
942 3338 1089 3372 extendit
1109 3338 1208 3371 etiam

334 3389 374 3421 ad
386 3389 568 3421 Palatinam
578 3387 730 3421 militiam
744 3400 751 3419 τ
777 3386 831 3426 Est
844 3389 877 3420 (9·
889 3389 952 3422 alia
966 3390 1076 3422 militia
1103 3391 1211 3429 Regia-

335 3447 399 3484 rum
406 3437 613 3476 familiarum.
639 3438 768 3470 Nam&
793 3436 962 3479 castrenses
987 3438 1176 3480 appellantur
1203 3462 1211 3469 .

325 3485 476 3526 Munificae
488 3490 520 3520 (5
531 3486 602 3530 ipsae
614 3485 787 3530 solemnium
810 3485 1050 3529 Caesarianorum
1067 3514 1075 3522 .
1104 3488 1163 3523 sed
1178 3488 1212 3522 (3·

1246 1439 1410 1483 Origenes
1425 1441 1458 1472 in
1472 1441 1589 1474 ottavo
1603 1440 1686 1474 libro
1698 1450 1814 1475 contra
1823 1441 1962 1476 Celsum
1975 1456 1993 1479 ,¹
2013 1433 2134 1486 Epicu·
2232 1449 2236 1458 ¹
2256 1452 2267 1465 ι

900 147 1542 201 DrsSERsAT1o
1699 166 1828 195 ⁹·'-·

1236 246 1290 312 Itu
1298 243 1426 282 proinde
1437 243 1520 275 miles
1531 252 1565 274 ac
1573 238 1684 284 servus
1695 241 1822 275 alterius
1833 243 1864 276 es
1874 255 1886 277 .-
1911 242 1980 286 Θή
1985 245 2106 278 duorum
2117 255 2128 286 ·‚

1257 292 1357 324 Dei&
1381 291 1534 335 Caesaris,
1562 293 1642 331 certe.
1659 301 1729 325 tune
1757 303 1815 324 non
1835 291 1967 335 Caesaeris
1980 320 1991 336 ,
2015 306 2078 329 cum
2099 303 2130 329 te

1254 342 1318 374 Deo
1328 342 1434 382 debes,
1445 348 1536 375 etiam
1547 343 1725 378 in-,omnibus
1740 366 1750 381 ,
1776 343 1880 380 credo,
1901 350 2029 384 potior-h
2050 345 2128 379 Hos

1256 391 1440 425 Castrenses
1452 392 1598 425 Romani
1620 392 1730 435 paffim
1752 393 1956 435 appellarunt
1977 394 2131 429 domesti-

1252 451 1314 474 cos
1346 442 1552 475 >Proteci0res
1565 466 1572 473 .
1602 442 1710 476 Etiam
1738 442 1795 485 ipfi
1822 442 1863 476 ad
1891 444 2129 485 persecutiones

1257 501 1324 524 non
1338 500 1514 535 potuerunt
1528 501 1595 524 non
1608 492 1793 535 cooperari.
1823 492 1916 526 Hinc
1932 491 2129 528 Arelatensis

1255 540 1374 575 Canon
1386 553 1480 587 agere
1493 541 1585 586 poffit
1598 542 1697 574 etiam
1709 543 1750 576 de
1761 543 1879 586 gentili
1893 543 2013 576 militia
2030 567 2036 574 .
2054 542 2131 577 Pos-

1256 591 1291 624 fir
1300 593 1467 636 praecipere
1480 616 1490 632 ‚
1517 602 1552 625 ut
1565 589 1770 626 Christianus
1783 593 1876 626 miles
1887 604 1977 627 extra
1989 594 2133 636 persecu-

1256 641 1461 676 tionemnon
1475 642 1621 685 projiciat
1634 652 1721 674 arma
1734 665 1745 681 ‚
1770 652 1869 686 atque
1882 643 1926 676 ita
1946 642 2013 677 fine
2037 644 2133 678 causa

1254 690 1398 724 offendat
1413 692 1589 735 Imperium
1604 717 1613 732 ,
1641 692 1673 725 δι
1687 692 1808 726 excitet
1823 693 1862 725 ad
1876 699 1934 727 no's
1946 694 2133 736 persequen-

1219 755 1223 773 ε
1253 741 1331 775 dos.
1350 742 1403 775 *Et
1424 739 1501 778 hinc
1527 739 1707 783 docemur,
1734 742 1904 785 quomodo
1934 743 2132 777 Catholicus

1255 791 1347 834 poffit
1360 792 1500 826 militare
1512 791 1669 825 haereticis
1681 817 1688 824 .
1718 791 1844 835 Nequit
1857 794 1887 825 se
1898 792 1974 826 dare
1989 795 2022 838 in
2032 794 2132 827 talem
2207 818 2209 820 >
2273 789 2300 817 Ἰ

1253 842 1405 875 militiam
1420 867 1427 875 .
1456 841 1631 877 Praesertim
1642 843 1663 875 fi
1675 842 1743 885 ejus
1758 841 1903 885 Principi
1918 849 1995 875 non*
2011 844 2048 876 fit
2060 843 2132 877 sub-

1253 890 1359 925 ditus.
1389 892 1520 927 Etenim
1529 892 1585 927 hic
1597 894 1707 926 locum
1719 890 1816 925 habet
1830 903 1883 935 per
1903 893 2048 926 sanstum
2061 892 2132 926 Au-

1221 954 1225 991 ⁵.
1253 941 1421 984 gossinum
1434 942 1545 976 fixain
1573 943 1670 979 simili
1691 943 1765 976 casu
1788 942 1917 987 regula:
1946 943 2036 986 ,Quid
2058 950 2130 984 opus
2148 940 2220 977 Libi
2236 940 2278 977 de

1253 991 1294 1029 est
1303 992 1339 1023 ‘in
1349 1001 1467 1026 tantum
1479 992 1632 1036 discrimen
1644 993 1850 1037 ambiguitatis
1874 1001 1963 1034 caput
1984 998 2101 1026 mittere
2114 993 2130 1025 ἓ
2147 991 2211 1026 fide
2223 993 2256 1027 &

1255 1040 1323 1082 Jam
1339 1040 1510 1085 inscriptus
1524 1053 1711 1086 permanere
1723 1043 1828 1085 potest
1839 1067 1850 1082 ,
1878 1039 2063 1086 usquessdum
2075 1048 2130 1086 opi
2146 1053 2235 1085 oper.

1221 1117 1224 1122 .
1243 1100 1395 1133 —portunn
1406 1092 1592 1134 deponendi
1607 1092 1733 1137 cinguli
1755 1101 1902 1136 captetur
1918 1094 2071 1127 occasio:
2097 1094 2131 1127 ὅτ
2148 1103 2217 1136 cap.
2246 1101 2298 1138 19.

1221 1155 1225 1183 ς
1244 1141 1385 1174 inierim
1395 1139 1418 1180 ξ
1433 1140 1511 1175 dum
1524 1144 1573 1177 'vel
1587 1144 1725 1176 minima
1748 1142 1899 1177 adversus
1919 1142 2132 1192 Catholicam

1222 1204 1225 1220 ς
1253 1191 1478 1233 professionem
1490 1191 1623 1237 {figendi
1631 1209 1638 1218 =
1651 1193 1794 1227 occurritv
1810 1193 1976 1228 necessitas
1986 1199 2010 1234 ‚2'
2018 1200 2025 1215 ³
2035 1192 2133 1228 debet

2229 1218 2302 1252 m}

1247 1240 1417 1275 cavillari«.
1444 1241 1658 1287 Q'odflnon
1684 1243 1801 1287 poffir,
1829 1242 1934 1288 rigide
1955 1243 2133 1287 obstringi·
2174 1259 2180 1263 ·

1249 1302 1300 1324 rur
1314 1290 1470 1333 projicere
1482 1302 1569 1325 arma
1584 1315 1594 1331 ,
1621 1303 1658 1326 ac
1671 1293 1770 1326 etiam
1784 1293 1817 1325 in
1843 1293 1958 1326 infami
1972 1293 2067 1337 ligno
2078 1294 2134 1328 stt-2

1251 1342 1319 1374 bire
1329 1342 1541 1383 martyrium.
1568 1341 1649 1374 Haec
1660 1342 1704 1375 est
1721 1341 1891 1376 certissima
1914 1343 2083 1376 doeh-ina.
2126 1359 2129 1362 -

1300 1389 1502 1424 Tertulliani
1527 1391 1722 1425 sententiam
1743 1393 1851 1425 firmat
1874 1391 2134 1436 atque-illustrat

2274 1436 2306 1466 ψ

1251 1490 1291 1522 ri:
1304 1491 1492 1524 sectatorem
1512 1513 1520 1521 .
1563 1491 1664 1524 Suum
1700 1501 1783 1534 opus
1818 1491 1947 1525 Celsus*
1971 1492 2131 1527 conclusit

1253 1538 1414 1573 hortando
1428 1564 1438 1580 ‚
1464 1550 1499 1574 ut
1512 1550 1607 1583 opem
1620 1541 1760 1575 feramus
1782 1541 1982 1584 imperatori.
1993 1543 2074 1576 totis
2087 1541 2134 1576 vi*-

1253 1590 1360 1631 ribus,
1387 1589 1498 1631 &ejus
1514 1590 1664 1633 auspiciis
1676 1599 1826 1634 geramus
1837 1591 1965 1633 justa‘ac
1989 1592 2044 1636 pia
2066 1591 2135 1626 bel-

1253 1641 1282 1673 la'
1296 1664 1307 1680 ‚
1334 1640 1415 1674 neve
1428 1639 1800 1675 detrectemusmilitiam
1814 1667 1824 1681 ‚
1852 1642 1873 1674 ss
1895 1653 1942 1675 res
1961 1642 2004 1675 ita
2028 1635 2135 1686 postu*-

1254 1691 1315 1724 let.
1344 1691 1388 1723 Et
1411 1691 1573 1735 Origenes
1590 1691 1754 1734 respondit
1769 1705 1779 1725 .·
1812 1690 2036 1733 Respondemus
2047 1690 2134 1733 ferre

1253 1751 1305 1773 nos
1320 1744 1495 1781 Imperatori
1508 1741 1625 1773 auxilia
1645 1739 1701 1783 suo·
1721 1750 1852 1783 tempore
1866 1767 1876 1781 ‚
1899 1741 1958 1784 sed
1979 1745 2098 1775 Divina
2123 1765 2136 1782 ‚

1253 1789 1342 1823 uitta
1363 1789 1490 1832 loquar,
1517 1787 1656 1823 nimirum
1681 1801 1841 1824 armatura
1859 1791 1972 1833 fretos,
2001 1796 2058 1824 non
2079 1789 2134 1824 bu·

1252 1851 1362 1872 mana.
1391 1842 1485 1882 quue
1490 1839 1624 1882 facimus
1637 1840 1758 1883 Apostoli
1782 1847 1902 1874 monitis
1922 1842 2093 1875 obedientes
2119 1862 2133 1881 ‚

1253 1893 1336 1931 qu'us
1347 1888 1410 1923 haec
1429 1891 1524 1924 verba
1541 1890 1633 1934 sunt:
1663 1916 1686 1932 „
1716 1892 1861 1926 Obsecro
1898 1891 2040 1936 primum
2063 1898 2135 1925 om·

1251 1955 1279 1983 „⁴
1300 1942 1398 1976 nium
1413 1942 1478 1975 fieti
1492 1941 1731 1976 obsecrationes
1744 1967 1754 1982 ,
1779 1943 1945 1976 orationes
1957 1966 1968 1982 ,
1995 1941 2137 1985 postula-

1252 2005 1279 2031 ·„
1304 1993 1412 2025 tiones
1426 2016 1435 2030 ,
1458 1993 1792 2034 'gratiarum‘affiones
1816 2000 1875 2036 pro
1897 1984 2056 2025 omnibus
2068 1989 2132 2023 hor*

1254 2066 1276 2082 ‚,
1303 2040 1472 2082 minibus;
1503 2051 1560 2083 pro
1576 2039 1753 2084 Regibus,
1778 2039 1813 2074 ’ἀ
1834 2040 1999 2074 omnibus·
2015 2040 2072 2084 qui
2099 2040 2137 2073 in

2166 1701 2200 1733 μ
2219 1689 2298 1732 .-·μ·’)

1256 2091 1619 2132 ‚,·.Sub1imita‹esunt.
1643 2093 1687 2122 Et
1699 2093 1755 2133 quo
1779 2089 1914 2133 cuiusque
1931 2089 2075 2134 ‘infignior
2096 2088 2136 2132 est

1251 2147 1375 2182 pietas„
1401 2143 1432 2172 eri
1454 2142 1596 2179 majorem
1617 2149 1700 2180 opem
1726 2145 1901 2182 Imperatori
1914 2136 2000 2182 firt',
2037 2144 2136 2182 magis

1236 2185 1239 2188 ’
1255 2189 1466 2231 qubmstantes
1480 2196 1517 2222 itt
1545 2189 1699 2231 procine‘lu
1737 2191 1847 2222 milites
1864 2215 1875 2230 ,
1900 2193 1935 2224 Θ
1970 2191 2134 2223 occidentes

1256 2246 1395 2281 quotquot
1402 2240 1515 2281 poffunt
1533 2250 1570 2271 ex
1583 2238 1707 2278 hostibus
1724 2263 1731 2269 .
1759 2240 1908 2281 Poffumus
1920 2244 2011 2271 etiam
2028 2238 2067 2279 fic
2076 2236 2136 2279 res·

1254 2290 1384 2331 'pondere
1394 2290 1500 2321 alienis
1516 2291 1535 2320 ἃ
1547 2287 1642 2328 nostra
1657 2288 1718 2330 fide
1731 2299 1742 2328 ς
1763 2291 1797 2322 o·
1809 2291 1854 2321 ad
1865 2290 2004 2322 militiam
2011 2297 2068 2330 pro
2079 2291 2137 2320 Re-

1254 2339 1377 2381 publica
1390 2362 1400 2378 ,
1426 2337 1574 2380 caedesque
1595 2337 1746 2371 hominum
1764 2351 1815 2371 nos
1837 2339 2026 2382 urgentibus.
2053 2340 2130 2369 Ecce
2180 2364 2184 2367 .

1258 2387 1417 2427 vestrorum
1427 2400 1538 2430 quoque
1551 2393 1717 2420 Numisium
1730 2390 1900 2421 sacerdotes
1913 2413 1923 2428 ‚
1951 2390 1985 2422 (9
2008 2386 2138 2420 delubro·

1259 2451 1326 2472 rum
1360 2436 1485 2477 custodes
1508 2438 1649 2472 dexteras
1660 2437 1787 2479 servant
1812 2447 1906 2480 puras
1924 2440 1943 2470 ἃ
1953 2437 2097 2482 sanguine
2122 2461 2135 2478 ‚
2191 2433 2194 2439 '

1259 2486 1346 2531 causa
1373 2490 1547 2528 Sacrorum,
1573 2497 1606 2520 ut
1619 2493 1780 2521 incruentis
1807 2500 1840 2521 ac
1867 2490 2028 2530 impollutis
2052 2487 2137 2522 ,caede

1261 2537 1549 2571 manibusvvtfflmas
1563 2537 1688 2577 offerant
1697 2537 1837 2580 solemnes
1854 2540 1903 2579 jis
1917 2562 1927 2577 ,
1953 2549 2023 2580 quos
2047 2536 2140 2582 habe-

1263 2594 1302 2622 tis
1311 2596 1366 2630 pro
1378 2591 1448 2620 Diis
1461 2612 1472 2628 ,
1499 2599 1550 2622 nec
1559 2589 1614 2620 ullo
1627 2588 1698 2621 bello
1709 2589 1837 2621 delec‘lus
1861 2587 1976 2620 babens
1989 2590 2005 2621 ὲ
2017 2585 2138 2633 >Sacrifi-

1262 2650 1359 2672 corum
1369 2639 1489 2671 ordine.
1518 2640 1620 2679 Hujus
1642 2645 1732 2670 moris
1740 2638 1768 2680 fi
1782 2639 1867 2671 vobis
1889 2636 1998 2678 constat
2018 2642 2101 2669 ‘ratio
2126 2657 2138 2676 ,

1262 2691 1373 2731 quanto
1385 2694 1482 2732 magis
1500 2711 1511 2727 ,
1535 2694 1650 2721 caeterls
1674 2688 1877 2721 militantibus
1891 2711 1902 2727 ,
1929 2698 1987 2719 non
2008 2695 2139 2719 contem·-

1265 2740 1365 2771 nenda
1384 2738 1421 2778 est
1447 2737 1603 2777 nostrorum
1620 2737 1773 2771 hominum
1788 2738 1897 2771 militia
1909 2761 1920 2777 ,
1945 2747 2055 2768 mames
2075 2740 2140 2776 qui-

1264 2790 1332 2822 dem
1338 2796 1437 2830 puras
1444 2787 1631 2830 servantium
1641 2813 1651 2829 ,
1677 2790 1893 2821 decertantium
1902 2784 2084 2826 autemfufis
2096 2784 2140 2815 ad

1265 2841 1361 2871 Deum
1366 2837 1504 2878 precihus
1514 2847 1570 2879 pro
1581 2840 1706 2881 legitImo
1719 2843 1900 2879 Imperatore
1910 2854 1927 2876 ,=
1945 2838 1978 2869 t&
1996 2837 2140 2877 piumju·

1267 2889 1395 2929 liumque
1406 2887 1513 2920 bellum
1534 2898 1657 2931 gerente
1676 2890 1790 2926 milite,
1817 2895 1848 2920 ut
1870 2886 2031 2927 destruatur
2055 2885 2140 2926 quid·

1267 2939 1343 2981 quid
1358 2938 1394 2978 eJl
1400 2938 1476 2977 juste
1483 2937 1668 2977 facientibus
1681 2936 1889 2980 adversarium
1901 2962 1908 2968 .
1935 2940 2039 2977 Ita'que
2045 2939 2141 2975 preci·

1267 2988 1320 3022 bus
1343 2987 1444 3027 nostris
1463 2987 1659 3030 profligantes
1675 2999 1774 3020 omnes
1793 2987 1929 3020 bellorum
1964 2991 2141 3018 excitatores

1267 3041 1419 3072 daemonas
1431 3062 1442 3078 ,
1469 3039 1503 3069 ὁ·
1511 3038 1736 3079 perturbatores
1746 3043 1834 3082 pacis
1849 3048 1882 3069 ac
1887 3036 2040 3078 faederum
2051 3060 2060 3074 ,
2069 3035 2141 3076 plus

1266 3088 1442 3129 conferimus
1457 3088 1584 3131 Regibus
1599 3112 1609 3128 ,
1636 3089 1726 3129 qucim
1737 3093 1786 3129 qui
1798 3099 1884 3119 arma
1891 3085 2008 3130 gestant
2017 3094 2074 3127 pro
2086 3089 2143 3117 Re-

1261 3139 1384 3181 publica
1399 3162 1405 3169 .
1433 3136 1474 3170 Et
1493 3141 1526 3170 in
1544 3137 1756 3182 quartolibro
1765 3138 1902 3179 exponit
1912 3138 2031 3169 variam
2044 3145 2143 3178 apum
2174 3164 2179 3173 ,

1267 3188 1475 3227 industriam,
1501 3190 1535 3221 ὃ(
1557 3187 1732 3231 adjungit:
1763 3188 1901 3226 Fortaffis
1927 3191 2018 3219 etiam
2040 3196 2142 3219 earum

1266 3239 1342 3272 bella
1353 3239 1455 3270 docent
1467 3249 1518 3269 nos
1525 3238 1602 3277 juste
1614 3238 1721 3270 bellum
1727 3249 1828 3279 gerere
1843 3261 1853 3276 ,
1874 3235 1902 3278 fi
1912 3247 1956 3269 res
1980 3242 2024 3270 ita
2046 3235 2143 3278 postu·

1266 3291 1326 3323 let.
1351 3286 1463 3320 Docet
1478 3286 1565 3321 varia
1579 3312 1586 3318 .
1606 3286 1746 3327 Primo,
1773 3286 1863 3329 quod
1890 3285 2067 3320 Christiani
2090 3282 2144 3317 de-

1267 3337 1470 3373 treuaverint
1492 3336 1663 3370 militiam.
1693 3335 1867 3378 Secundo,
1893 3337 1980 3380 quod
2004 3334 2143 3381 gentiles

1270 3400 1307 3425 ea
1326 3387 1366 3421 de
1392 3387 1485 3420 causa
1508 3397 1568 3420 nos
1589 3386 1749 3426 odissent,
1776 3397 1931 3431 tanquam
1953 3386 2105 3428 inimicos
2131 3405 2144 3422 ‚

1270 3448 1327 3474 aut
1345 3435 1430 3471 certe
1453 3435 1586 3471 inutiles
1611 3436 1767 3470 Romano
1786 3437 1926 3481 Imperio
1938 3461 1945 3468 .
1957 3431 2142 3467 *Eamdem

1286 3487 1485 3524 calumniam
1523 3487 1613 3530 supra
1648 3487 1833 3523 audivimus
1857 3488 1876 3523 a
1901 3483 2110 3522 Tertulliano
2135 3506 2144 3515 .

1985 3535 2109 3570 Tertio
