2366 3736
604 163 690 209 DE
727 161 999 206 S1MON1A
1035 160 1569 209 MoNAsTERmRuM.

211 253 314 291 noni,
341 248 455 286 Caroli
477 248 606 292 quarti,
642 243 901 280 Constantiensis
924 241 1051 284 Synodi
1076 267 1087 283 ,

211 305 244 339 ἀ
256 302 431 337 Bafiliensis
444 298 588 334 Concilii
599 295 745 331 adversus
758 304 891 326 mortuae
903 302 1016 325 manus
1029 292 1084 327 Le-

209 364 288 397 gem
324 348 668 386 autconsuetudinern
709 345 821 377 Edicta
843 343 962 376 fuerint
1003 344 1085 384 apud

210 403 395 439 Germanos
407 399 581 435 admrffiin
606 396 740 438 plenum
765 393 931 437 vigorem.
971 392 1086 425 Secun-

210 453 278 494 do,
303 453 391 495 quod
414 448 585 495 Iustiniani
609 446 712 489 Leges
728 469 739 485 ,
765 442 1085 478 sancientesMona-

212 502 345 539 sterium
367 503 399 535 in
421 497 532 534 omnia
553 496 736 540 profitentis
755 493 916 527 Monachi
939 492 1025 526 bona
1050 503 1087 525 ac

215 552 284 596 jura
296 550 462 585 succedere
474 572 484 587 ‚
512 548 610 590 usque
620 546 659 578 ad
676 546 756 580 illud
768 553 893 586 tempus
905 542 975 576 istic
987 545 1085 578 etiam

216 601 395 646 pleniffime
406 597 587 643 viguerint.
616 596 754 635 Tertio,
780 592 868 638 quod
880 604 947 626 non
960 592 1085 626 dumta-

213 663 270 687 xat
293 662 363 684 vera
377 645 541 683 Coenobia
556 672 566 687 ,
594 647 644 679 sed
657 648 756 681 etiam
779 643 957 687 Beginagia
972 666 982 680 ‚
1009 644 1086 676 alia-

213 711 278 744 que
300 700 331 736 id
345 709 448 744 genus
471 699 521 741 pia
542 697 611 730 loca
626 697 745 730 fuerint
759 696 867 739 gavisa
881 693 941 725 isto
957 692 1086 727 Privile·

212 750 287 795 gio.
316 749 471 796 Qarrd,
498 748 587 792 quod
600 744 855 785 Germaniapud
869 744 898 776 se
922 741 1084 775 voluerint

213 860 310 889 tens,
346 861 383 883 ac
404 848 472 890 ejus
497 847 732 881 Monasterium
755 844 977 878 renuntiarent
995 841 1087 875 omni

214 902 279 943 spei
293 901 418 935 suarum
431 898 648 934 haereditatum
661 920 668 928 .
696 894 830 942 Qinto
842 918 853 934 ,
878 892 964 936 quod
978 892 1087 925 nolue-

215 951 282 985 rint
294 951 422 993 penitus
446 946 545 983 omni'
574 947 678 979 fructu
699 944 817 988 privari
855 943 1054 977 Monasteria
1079 947 1087 974 ’.

218 999 352 1034 Etenim
365 1000 435 1041 ipfis
446 996 620 1031 voluerunt
633 1006 686 1038 per
697 994 923 1040 profitentium
944 1001 1089 1035 parentes

215 1049 386 1085 &amicos
407 1046 562 1083 constitui
584 1055 688 1081 certas
708 1044 800 1078 dotes
816 1044 855 1077 ad
879 1042 1015 1078 honesta
1037 1043 1088 1077 ali-

215 1109 348 1135 menta.
377 1098 420 1131 Et
432 1096 495 1131 hoc
506 1108 543 1130 ea
554 1097 664 1140 Lege,
691 1096 784 1138 pacto
805 1094 837 1127 ὅ(
860 1092 1054 1127 conditione
1078 1116 1088 1132 ,

214 1158 255 1182 ut
276 1148 331 1181 illa
347 1146 441 1192 plene
464 1148 686 1180 renuntiarent
708 1144 862 1177 omnibus
893 1142 1087 1176 successioni

217 1197 298 1234 bus.
327 1198 408 1243 Qae
420 1196 511 1233 verba
536 1194 704 1230 manifeste
719 1195 884 1230 stabiliunt
906 1193 1090 1237 stipulatio-

217 1259 295 1282 nem
316 1247 357 1282 de
367 1249 462 1282 dote.
480 1245 622 1292 ‘Qinto
633 1246 807 1284 discimus,
833 1244 922 1287 quod
937 1244 993 1276 isse
1006 1243 1090 1277 Con·

219 1309 335 1331 ventus
362 1297 500 1333 voluerit
525 1296 610 1330 hanc
629 1295 869 1338 stipulationem
893 1294 961 1326 fieri
982 1303 1092 1326 coram

219 1348 307 1382 laico
319 1347 513 1391 Magistratu
531 1371 539 1379 .
562 1345 662 1391 Qod
678 1344 792 1387 nempe
808 1344 883 1379 esset
904 1343 1088 1376 contractus

219 1397 323 1433 laicus
344 1397 376 1430 δε
395 1396 502 1432 civilis
524 1418 534 1433 ,
561 1407 628 1428 non
655 1394 762 1429 minus
781 1403 878 1437 quam
900 1392 932 1424 in
970 1390 1091 1425 carnali

220 1446 379 1490 conjugio
397 1446 578 1480 contrastus
589 1441 856 1484 ante-nuptialis.
889 1440 1018 1474 Reduci
1041 1451 1093 1473 vo·

221 1496 283 1529 luit
308 1498 627 1538 supra-memoratum
642 1492 754 1536 magni
766 1490 882 1526 Caroli
891 1491 1095 1534 Capitulum,

223 1543 517 1580 sanciensliberum
531 1542 698 1577 hominem
725 1539 878 1584 deinceps
892 1553 959 1574 non
982 1541 1094 1575 tonsu-

220 1594 283 1630 rari
300 1595 364 1627 fine
387 1592 482 1629 venia
503 1592 684 1635 Principis·
709 1591 840 1634 Utique
862 1590 928 1631 quo
941 1590 1097 1632 Princeps

222 1645 425 1679 arbitraretur
437 1643 477 1678 de
487 1641 673 1678 tonsurandi
685 1641 763 1676 dote
789 1642 845 1674 seu
869 1639 1099 1674 facultatibus.

223 1694 279 1730 Isti
299 1688 489 1730 Co‘n'ventui
502 1692 640 1735 praesedit
661 1691 893 1727 laudatissimus
915 1691 1100 1733 Princeps,

224 1742 411 1788 post-modo
422 1743 619 1785 Imperator,
646 1741 868 1775 Ferdinandus
896 1739 1096 1775 Austriacus:

223 1793 398 1829 adfuerunt
409 1791 578 1830 doetiffimi
589 1803 626 1826 ac
639 1790 768 1834 piissimi
792 1789 967 1825 Antistites
979 1791 1011 1826 &
1024 1789 1101 1823 Pro-

223 1854 342 1878 ceres.¹
379 1842 452 1877 Nec
479 1841 698 1877 dubitandum
721 1841 803 1886 quin
834 1840 901 1883 ipse
925 1841 1103 1883 Imperator
1140 1860 1143 1870 1

224 1892 364 1928 Carolus
375 1893 487 1927 omnia
504 1892 597 1925 antea
617 1891 732 1924 viderit
745 1916 755 1931 ‚
780 1902 819 1924 ac
834 1901 888 1933 per
903 1891 995 1924 suum
1012 1889 1102 1923 Con-

227 1945 333 1978 silium
346 1942 547 1986 probaverit.
573 1941 716 1975 Proinde
724 1942 869 1983 quisquis
882 1940 956 1972 istas
972 1939 1101 1982 stipula-

227 1994 335 2026 tiones
365 1993 404 2024 de
422 1993 570 2024 simonia
599 1991 804 2025 damnaverit
825 2012 836 2030 ,
875 1988 1044 2022 damnabit
1069 1991 1102 2023 δε

226 2043 326 2078 istum
340 2051 474 2075 omnem
488 2039 700 2072 Conventum
717 2062 724 2070 .

278 2091 471 2124 Conventus
483 2087 679 2123 Orthodoxa
692 2087 794 2130 pietas
806 2087 890 2122 lucet
902 2088 1006 2121 velex
1027 2099 1069 2122 eo
1094 2112 1104 2127 ,

227 2141 318 2185 quod
334 2140 433 2173 hocce
457 2149 592 2173 mortuae
608 2148 722 2170 manus
759 2138 941 2170 remedium
967 2137 1103 2180 postula-

229 2190 342 2225 verita
362 2190 444 2225 Sede
466 2187 676 2230 Apostolica.
706 2186 841 2220 Etenim
865 2196 1000 2220 manum
1021 2197 1102 2219 mor·

228 2251 321 2274 tuam
338 2263 348 2279 ,
374 2239 453 2273 licet
465 2237 551 2271 varie
562 2248 597 2270 ac
609 2235 688 2270 dure
713 2236 861 2269 damnari
888 2236 953 2278 jam
974 2235 1101 2270 audive

229 2291 354 2327 rimus,
382 2299 448 2321 non
464 2287 504 2321 ab
527 2297 596 2320 uno
616 2286 733 2319 nostris
754 2286 934 2319 novissimis
959 2285 1106 2320 Ecclefiae

228 2339 430 2382 temporibus
450 2338 512 2372 esse
529 2337 642 2370 utilem
666 2359 677 2376 ,
713 2336 781 2369 imo
792 2336 923 2369 forsitan
947 2337 981 2370 ὅ(
1003 2337 1109 2369 neces·

229 2392 364 2426 sariam.
395 2388 527 2422 Etenim
550 2387 638 2431 quod
665 2387 817 2429 Episcopi
840 2396 880 2418 ex
914 2386 1105 2420 Ecclesiasti—

230 2452 273 2475 co
285 2441 363 2473 dum
382 2438 520 2471 nimium
535 2436 707 2477 increscit,
736 2435 936 2478 patrimonio
959 2436 1104 2479 quaedam

230 2489 349 2534 poffint
365 2512 374 2527 ,
402 2489 471 2521 imo
493 2487 526 2520 &
551 2486 688 2521 debeant
712 2486 822 2520 Laicis
845 2486 1005 2520 militibus
1032 2486 1105 2520 dare

233 2541 269 2573 in
293 2539 448 2577 feudum,
476 2546 572 2578 atque
596 2537 639 2570 ita
653 2536 692 2570 ad
707 2536 921 2570 Ecclesiarum
946 2536 1105 2570 defensio-

233 2598 309 2623 nem
321 2598 439 2631 augere
453 2585 635 2621 saecularem
662 2586 835 2624 militiam,
861 2586 1033 2630 insigniter
1055 2587 1108 2619 de·

234 2637 392 2673 monstrat
420 2638 451 2668 in
473 2635 588 2670 litteris
610 2634 651 2668 ad
691 2634 898 2671 Ludovicum
927 2636 1108 2670 Germauiae

235 2689 362 2732 Regem
385 2685 562 2720 Carisiacus
587 2684 824 2730 Episcoporum
848 2697 1045 2727 conventus,
1071 2697 1108 2720 ac

239 2736 403 2772 inlitteris
414 2735 453 2768 ad
466 2735 623 2769 Carolum
648 2735 788 2769 Calvum
802 2736 918 2770 Galliae
942 2736 1070 2780 Regem
1098 2760 1108 2776 ,

235 2787 468 2831 quasintegras
480 2796 581 2828 nuper
592 2784 694 2819 edidit
715 2785 834 2820 Petrus
845 2786 885 2819 de
907 2787 936 2819 la
958 2786 1072 2820 Lande
1099 2809 1109 2825 ‚

236 2839 438 2872 Hincmarus
449 2834 653 2878 metropolita
680 2835 865 2870 Remenfis.
892 2836 989 2870 Certe
1000 2837 1056 2870 nisi
1072 2837 1109 2868 fi·

237 2897 332 2932 gatut
344 2886 460 2922 modus
473 2910 484 2925 ,
508 2886 617 2919 omnis
629 2896 716 2919 terrae
726 2886 814 2919 orbis
824 2884 972 2920 deveniet
985 2887 1025 2920 ad
1052 2886 1110 2919 Ec·

237 2938 386 2977 clefiam,
412 2937 446 2972 &
467 2936 609 2970 scelerati
633 2935 778 2970 Comitis
799 2935 927 2970 Zozimi
945 2937 1110 2970 calumnia

236 2996 379 3023 vertetur
391 2987 424 3020 in
438 2986 602 3033 veritatem
613 3010 624 3026 ‚
651 2986 774 3021 etenim
787 2986 935 3021 videmus
945 2987 977 3020 δι
993 2986 1107 3020 Eccle-

239 3037 298 3070 fias
316 3037 350 3073 δε
373 3036 573 3070 Monasteria
598 3047 666 3070 non
693 3036 853 3076 saturari,
881 3037 934 3070 sed
960 3036 1109 3079 quotidie

240 3086 281 3119 ab
301 3086 365 3120 illis
380 3085 473 3129 jungi
493 3085 629 3120 domum
656 3085 696 3120 ad
718 3085 854 3120 domum
869 3111 878 3126 ,
905 3088 1043 3120 fundum
1069 3086 1107 3119 ad

241 3136 399 3170 fundum.
429 3137 471 3170 Et
492 3137 617 3179 optima
638 3147 675 3170 ac
686 3137 877 3171 validissima
902 3136 1024 3181 figendi
1039 3147 1107 3169 mo·

243 3183 278 3217 di
291 3186 341 3218 via
362 3186 406 3218 est
422 3186 472 3220 lex
483 3185 523 3220 de
535 3195 662 3221 mortua
676 3197 795 3222 manu.
824 3185 997 3221 Praesertim
1019 3186 1072 3220 illa
1101 3210 1110 3225 ,

244 3233 348 3276 qualis
368 3235 450 3276 apud
479 3247 539 3270 nos
559 3236 675 3281 Belgas
693 3238 756 3277 est,
787 3247 857 3280 quae
896 3237 1107 3270 Ecclesiarum

244 3293 360 3316 manus
383 3285 422 3316 ad
460 3286 543 3319 solos
562 3287 702 3325 fundos,
731 3287 871 3331 aliasque
910 3288 1110 3330 possessiones

244 3332 524 3376 apprehendendas
547 3337 744 3377 mortificat,
770 3349 836 3371 non
850 3337 890 3372 ad
916 3339 1047 3375 census,
1076 3337 1106 3370 δι

243 3384 310 3417 alia
334 3383 514 3416 istiusmodi
537 3386 769 3430 incorporalia.
797 3388 836 3421 In
858 3386 1055 3421 duodecimo
1073 3389 1111 3419 de

243 3432 345 3466 tribus
365 3431 635 3468 Chalcedonensis
673 3437 799 3478 Synodi
835 3437 993 3480 capitibus
1030 3435 1109 3470 libro

245 3482 434 3518 Facundus.
454 3482 695 3519 Hermianensis
722 3486 900 3532 Episcopus
937 3488 1111 3532 Imperato-

1149 256 1214 278 rem
1237 245 1475 287 Justinianum,
1502 246 1645 288 quaedam
1668 245 1893 281 Ecclesiasticae
1915 249 2015 291 Juris-

1150 295 1302 330 distionis
1312 295 1417 330 officia
1434 297 1518 338 quasi
1531 309 1571 330 ex
1585 298 1770 332 medicinali
1784 299 1902 339 pietate
1924 299 2012 331 inva-

1149 346 1280 381 dentem
1301 370 1313 387 ,
1350 345 1430 379 reste
1450 356 1617 388 comparat
1634 349 1711 382 Ozae
1732 348 1927 382 titubantem
1951 348 2016 381 Dei

1150 396 1270 431 Arcam
1283 397 1471 431 sustentanti
1486 418 1495 434 ‚
1521 397 1659 439 ideoque
1671 400 1814 440 percusso
1829 410 1882 440 per
1899 399 2017 432 Domi-

1151 458 1229 480 num
1245 446 1377 485 Deum,
1402 444 1673 489 atqueadJungit:
1704 447 1952 482 Praedicaroribus
1967 460 2015 482 ve·

1148 501 1253 528 rizans
1267 520 1276 535 ,
1302 495 1387 537 quasi
1403 496 1510 535 bobus,
1536 497 1572 527 de
1595 497 1697 537 quibus
1722 499 1851 536 dicitur,
1879 511 1946 531 non
1967 501 2014 531 in.
2034 480 2110 525 Gap·
2123 491 2152 527 3·

1150 545 1294 579 fraenabrs
1317 558 1354 579 os
1374 545 1458 579 Bovi
1481 546 1664 588 trituranti,
1691 559 1933 589 non-nunquam
1954 559 2019 581 con-

1140 605 1199 628 ·rra
1215 596 1363 635 ftrmulum
1385 596 1630 635 calcitrantibus,
1657 599 1776 629 videtur
1793 598 1916 638 Ecclefia
1935 623 1946 637 ,
1971 610 2019 632 cu·

1148 648 1203 684 jus
1218 646 1261 679 illi
1278 646 1408 678 Rec‘lores
1425 643 1609 686 Doc‘loresque
1623 670 1633 684 ‚
1661 649 1744 678 velue
1766 653 1840 678 Arca
1861 649 1913 680 illa
1935 659 2018 680 nuta-

1150 707 1180 728 re
1191 720 1202 736 ,
1225 695 1280 738 sed
1290 707 1346 728 non
1357 696 1394 735 est
1407 700 1479 731 Ozae
1492 696 1578 737 ¹efficii
1588 701 1750 729 continere.
1779 699 1927 729 Praecedtt
1937 698 2020 731 illam

1122 767 1126 797 g
1146 745 1218 790 suus
1242 748 1369 785 David,
1397 753 1448 789 qul
1461 747 1578 791 deducit
1589 747 1747 779 exultans.
1778 745 1843 788 Ipse
1855 758 1945 779 manu
1952 747 2020 789 for—

214 800 369 842 deinceps
381 798 491 833 induci
503 807 637 830 manum
652 805 812 830 mortuam
824 818 835 833 ,
859 804 901 826 ex
914 803 976 835 qua
987 793 1087 835 profi·-
1123 802 1124 805 ’

1151 802 1192 829 tr's
1206 795 1391 835 invisibiliter
1401 796 1467 829 e'am
1477 791 1572 838 regit,
1596 805 1652 837 per
1668 807 1747 837 ¹quos
1759 807 1824 827 eam
1844 809 1904 838 regi
1925 798 2021 836 consti-

1125 867 1128 871 ·
1152 853 1229 879 tuit.
1256 848 1301 881 Et
1328 847 1393 890 fideii
1416 848 1659 887 nutare-quidem
1680 846 1789 886 potest,
1804 849 1916 878 radere
1942 860 2025 879 num·

1153 907 1242 938 quam
1262 896 1373 937 potest.
1400 895 1493 939 Nihil
1502 902 1593 939 igitur
1605 896 1695 928 habes
1709 900 1794 933 Oza,
1819 895 2022 938 quodfimula-

1154 950 1232 979 tiene
1242 953 1308 986 piae*
1317 945 1530 990 sollicitudinis·
1546 945 1694 988 excuseris
1710 972 1720 986 ,
1748 952 1818 988 quia
1834 950 1945 979 Divino
1961 951 1991 991 J
1994 959 2025 980 α-

1154 998 1293 1039 dicwpro
1312 1003 1477 1031 temeritate
1485 1004 1653 1037 percuteris
1669 1011 1683 1029 .·
1705 998 1795 1030 Durri
1811 996 2030 1030 Ecclesiarum-

1159 1047 1308 1087 Praelati,
1333 1047 1514 1089 quiomnissa'
1532 1047 1589 1089 fibi
1612 1047 1652 1082 de
1664 1047 1730 1080 suis
1753 1047 1910 1089 superflua
1934 1047 2028 1080 debe-

1156 1108 1226 1130 rent
1245 1096 1411 1130 effundere
1426 1098 1459 1130 in
1479 1100 1654 1140 pauperes,
1673 1097 1875 1141 ampliandis
1897 1097 2030 1130 latifun-

1156 1145 1217 1179 diis
1228 1146 1383 1181 incubant
1399 1171 1408 1186 ‚
1420 1147 1521 1180 boves
1529 1146 1717 1187 calcitrant,
1746 1147 1809 1180 Dei
1824 1149 1906 1180 Arca
1923 1157 2030 1187 nutat,

1157 1196 1317 1238 debetque
1329 1208 1441 1230 contra
1467 1197 1592 1238 lapsum
1617 1197 1782 1231 sustineri.
1812 1191 1935 1230 Verum
1961 1209 2028 1230 non

1156 1257 1213 1289 per
1238 1247 1311 1279 Oza
1324 1271 1333 1286 ‚
1361 1248 1411 1280 seu
1428 1258 1483 1289 per
1494 1247 1596 1279 laicos
1609 1246 1775 1290 Principes
1794 1247 1826 1279 id
1839 1246 1906 1280 fieri
1923 1246 2030 1289 poffit:

1159 1295 1227 1329 fieri
1240 1294 1334 1329 debet
1355 1307 1409 1337 per
1423 1307 1533 1331 verum
1558 1296 1690 1338 David,
1719 1307 1772 1338 per
1793 1297 1878 1338 ipsos
1898 1297 2032 1339 Episco-

1160 1356 1238 1387 pos,
1269 1344 1308 1377 ad
1319 1355 1398 1378 arcae
1414 1345 1596 1378 custodiam
1610 1342 1931 1387 ab>illo⁴ordinatos.
1960 1345 2034 1380 Lai-

1161 1394 1190 1427 ci
1213 1395 1402 1438 Principes,
1427 1394 1591 1428 dumistas‘
1610 1393 1715 1437 Leges
1727 1393 1967 1439 condiderunt,
1995 1396 2034 1428 li·

1159 1446 1209 1478 cet
1229 1445 1309 1487 justa
1336 1444 1528 1484 statuerint,
1557 1444 1719 1488 perperam
1755 1455 1917 1488 egerunt.
1944 1446 2036 1492 Qia

1161 1496 1268 1528 Ozam
1290 1495 1430 1528 imitati.
1457 1495 1535 1527 Hoc
1562 1504 1729 1542 noverant⁴
1755 1495 1905 1539 optimus·
1929 1496 2038 1529 Ferdi-

1164 1544 1313 1584 naudus,
1339 1544 1456 1589 ipsique
1482 1544 1660 1581 adsidentes
1683 1544 1836 1588 Episcopi
1860 1546 1893 1579 δε
1914 1544 2043 1579 Princi-

1163 1605 1232 1639 pes:
1263 1593 1342 1628 hinc
1356 1605 1489 1630 manum
1510 1605 1671 1628 mortuam
1696 1594 1751 1637 ipsi
1770 1595 1878 1629 >facere
1903 1607 1969 1628 non
1994 1606 2041 1629 at-

1165 1654 1352 1686 tentarunt,
1379 1646 1432 1679 sed
1456 1644 1641 1682 faciendam
1679 1645 1898 1688 supplicarunt
1922 1646 1940 1678 a
1967 1646 2037 1679 Ro-

1166 1705 1262 1729 mana
1286 1694 1426 1730 Ecclesia
1445 1698 1458 1730 ’,
1472 1694 1530 1730 -Ετ
1547 1694 1752 1738 ubicumque
1771 1696 1826 1728 illa
1847 1694 1934 1739 viget
1949 1720 1958 1735 ,
1987 1705 2041 1738 pet

1168 1744 1264 1788 hujus
1286 1744 1532 1779 ratificationem
1569 1754 1624 1780 aut
1635 1745 1884 1785 conniventiam
1913 1746 2002 1789 viget
2029 1749 2038 1778 ὲ

1140 1811 1145 1819 ·
1169 1794 1245 1829 Alia
1260 1795 1309 1828 via
1334 1795 1518 1838 n'onpoffit
1544 1794 1672 1839 vi'gere.

1220 1843 1457 1891 Qaestio¹ess⁵3
1468 1855 1473 1861 ’·
1485 1845 1538 1877 Ab
1569 1844 1659 1878 istius
1684 1846 1800 1878 manus
1812 1845 1892 1878 'Lex
1907 1844 2043 1889 vobliget:

1173 1895 1318 1929 Ecclesiae
1337 1895 1593 1928 conscientiam?
1620 1894 1818 1938 Respondeo
1830 1895 1919 1928 illam
1929 1895 1990 1928 esse
2002 1896 2043 1929 ab

1175 1943 1315 1979 Ecclesia
1336 1944 1543 1978 reverendam
1565 1945 1599 1977 ἃ.
1621 1940 1855 1978 observandam
1870 1970 1877 1976 .
1907 1944 2042 1978 Etenim

1142 2007 1145 2012 ¹
1172 1995 1305 2027 sanctus
1341 1994 1569 2035 Hieronymus
1601 1995 1676 2027 illos
1702 1996 1758 2038 qui
1781 1994 1916 2028 similem
1941 1995 2043 2028 Primi

1175 2042 1548 2087 Valentiniani-Legem
1565 2054 1620 2086 per
1643 2046 1749 2078 varias
1768 2043 1851 2078 olim
1877 2055 1958 2078 artes
1982 2044 2045 2077 cir-

1173 2092 1431 2126 cumscribebant
1446 2117 1456 2133 ,
1479 2095 1619 2127 omnino
1630 2096 1757 2137 arguit.
1788 2094 1894 2127 Etiam
1909 2094 2042 2127 Sandius

1175 2141 1363 2174 Ambrosius
1373 2142 1474 2183 ipsam
1489 2153 1657 2176 veneratus
1667 2144 1710 2175 est
1719 2150 1735 2181 ’,τ
1756 2145 1792 2176 ἃ
1803 2144 1959 2176 omnibus
1969 2143 2046 2187 Clq-

1175 2191 1250 2224 ricis
1261 2201 1297 2223 ac
1316 2188 1597 2233 Monachis-juffit
1622 2193 1857 2227 venerandam.
1886 2193 2045 2226 Attamen

1174 2241 1218 2274 est
1234 2239 1310 2283 pure
1322 2241 1458 2285 poenalis
1469 2265 1478 2280 ,
1500 2240 1645 2282 ideoque
1662 2243 1898 2277 conscientiam
1914 2254 1980 2275 non
1993 2242 2048 2276 ad·

1173 2291 1300 2334 stringit
1314 2313 1324 2328 ,
1351 2291 1412 2324 nisi·
1433 2290 1473 2325 ad
1485 2301 1613 2332 poenam
1627 2315 1634 2322 .
1662 2292 1722 2326 Illa
1735 2294 1877 2326 omnino
1888 2292 1932 2326 est
1955 2303 2046 2326 mens

1176 2342 1438 2375 Christianorum
1478 2340 1667 2383 Principum
1695 2367 1701 2373 .
1741 2344 1834 2377 Hinc
1857 2343 2046 2386 Anglorum

1175 2392 1245 2426 Rex
1271 2390 1456 2424 Richardus
1479 2391 1518 2424 Π,
1549 2392 1623 2425 illos
1635 2392 1757 2426 fundos
1769 2412 1783 2432 ,-
1807 2403 1888 2435 quos
1899 2392 2045 2434 quaedam

1175 2440 1319 2474 Ecclefiae
1341 2442 1374 2475 ὅ(
1396 2440 1596 2474 Monasteria
1621 2441 1691 2484 post
1711 2442 1744 2475 ἀ
1764 2453 1877 2476 contra
1901 2441 2046 2476 Eduardi

1173 2492 1196 2525 1.
1217 2490 1341 2534 Legem
1365 2501 1508 2524 emerant
1527 2502 1565 2524 ac
1588 2491 1793 2533 possederant
1819 2503 1871 2535 per
1894 2491 2047 2525 suborna-

1173 2553 1219 2574 tas
1234 2539 1389 2574 Personas
1400 2562 1410 2577 ‚
1438 2550 1506 2572 non
1518 2541 1641 2584 redegit
1655 2541 1689 2574 in
1704 2542 1833 2575 Fiscum
1845 2566 1856 2583 ,
1884 2541 1935 2575 sed
1954 2542 2047 2575 dum-

1173 2599 1259 2624 taxat
1276 2590 1361 2632 jussit
1398 2591 1479 2622 intra
1497 2600 1622 2623 certum
1644 2601 1770 2633 tempus
1786 2591 1918 2625 divendi
1942 2616 1953 2632 ,
1990 2602 2047 2627 aut

1174 2642 1288 2684 quavis
1311 2639 1456 2682 legitima
1483 2640 1535 2673 via
1557 2640 1667 2673 reduci
1683 2642 1715 2674 in
1739 2643 1873 2675 manum
1898 2642 2004 2676 vivam
2031 2665 2046 2683 ,

1174 2701 1253 2724 tunc
1275 2690 1309 2721 in
1345 2690 1559 2723 contumaciae
1574 2701 1703 2732 poenam
1735 2692 1909 2726 donandos
1931 2691 2010 2726 fisco
2035 2716 2044 2723 .

1174 2740 1244 2786 Qi
1259 2748 1330 2771 mos
1340 2737 1437 2772 etiam
1461 2739 1592 2783 vigetin
1609 2741 1718 2774 nostro
1744 2741 1880 2786 Belgio.
1909 2741 2046 2775 Pnffimi

1176 2788 1274 2823 nostri
1287 2787 1453 2831 Principes
1463 2790 1591 2824 servant
1603 2790 1774 2833 piiffimam
1790 2793 1911 2835 Legem
1927 2816 1935 2829 ,
1946 2800 2046 2834 quam

1175 2849 1286 2873 eorum
1301 2849 1438 2881 proavus
1451 2838 1523 2872 Rex
1547 2838 1786 2875 Recesvinthus
1810 2841 1986 2884 publicavit
2008 2841 2045 2875 in

1153 2932 1154 2936 Ἰ
1174 2891 1285 2923 οέὶεινει
1302 2888 1472 2923 Toletana
1486 2890 1641 2932 Synodo:
1673 2890 1822 2924 Priorum
1838 2891 1968 2934 Regum
1977 2901 2047 2924 mo·

1175 2950 1240 2973 rem
1263 2963 1273 2978 ,
1297 2939 1399 2982 quiin
1414 2939 1616 2973 subditorum
1636 2941 1782 2974 fortunas
1804 2941 1950 2975 solebant
1980 2941 2046 2984 ple-

1176 3000 1254 3022 num
1266 2996 1415 3023 exercere
1439 2989 1633 3031 imperium,
1659 2991 1879 3024 circumduxit
1903 3003 1940 3025 ac
1962 2990 2046 3024 abo-⁴

1177 3039 1274 3079 levit,
1301 3038 1659 3081 cunctisquejuffiresse
1682 3041 1826 3075 securum
1846 3041 2046 3075 dominium

1176 3091 1275 3123 Hanc
1302 3089 1455 3132 pietatem
1483 3113 1493 3128 ‚
1520 3089 1567 3121 uti
1591 3090 1623 3122 in
1650 3091 1805 3133 populum
1828 3115 1838 3131 ,
1880 3093 1923 3125 ita
1945 3089 2045 3134 longe

1176 3141 1278 3184 magis
1289 3149 1440 3173 exercent
1466 3140 1499 3171 in
1516 3139 1706 3173 Ecclesiam.
1732 3142 1827 3175 Hinc
1839 3141 1950 3175 manui
1964 3150 2046 3174 mot·

1176 3201 1238 3224 tuae
1250 3213 1262 3230 ,
1287 3189 1365 3223 dum
1382 3189 1465 3222 male
1479 3190 1646 3232 acquisitas
1658 3191 1861 3233 posi'effiones
1886 3190 2044 3224 mandant

1175 3235 1285 3274 reduci
1309 3239 1343 3273 in
1367 3249 1500 3273 manum
1522 3240 1652 3279 vivam,
1678 3243 1869 3285 permittunt
1883 3243 2046 3286 integrum

1177 3289 1332 3334 pretium.

1225 3338 1418 3381 Principalis
1458 3338 1599 3373 Assertio
1625 3341 1728 3374 nostra
1769 3341 1912 3375 lucidum
1934 3337 2050 3373 funda·

1178 3399 1326 3424 mentum
1349 3389 1445 3421 habet
1463 3389 1559 3422 etiam
1585 3390 1617 3423 in
1631 3391 1783 3425 instituto
1808 3390 1976 3424 societatis
1997 3389 2048 3432 Je-

1179 3444 1234 3474 su.
1263 3439 1370 3480 Hujus
1394 3437 1549 3483 Religioni
1576 3451 1630 3482 per
1651 3441 1784 3483 primam
1820 3438 2048 3483 profeffionem

1184 3502 1251 3525 non
1273 3490 1356 3524 fiunt
1394 3500 1508 3524 manus
1529 3501 1677 3525 mortua.
1707 3490 1798 3525 Hinc
1834 3489 1854 3523 si
1876 3488 2050 3532 Iustiniani

1906 3538 2010 3584 Leges
