2366 3736
48 2419 110 2465 Ep.
122 2429 175 2471 30.

601 130 688 175 Dr.
722 124 984 175 Srmo'MA
1020 127 1578 172 MONASTERIORUM.

226 214 594 258 tristemnenedinus:
621 220 683 252 Res
696 214 726 257 fi
740 224 815 254 quas
832 212 941 250 babet,
966 220 1021 243 aut
1042 222 1100 243 ero-

220 280 275 316 get
281 269 368 311 prius
375 268 558 310 pauperibus
571 292 581 308 ‚
607 276 659 298 aut
663 264 754 306 sada
758 262 932 310 solemniter
942 263 1102 295 donatione

214 320 306 365 serat
319 316 492 357 monasterio
505 343 512 351 .
543 317 666 360 ‚Quippe
677 326 716 347 ex
729 315 780 346 illo
798 315 847 347 die
860 316 1034 357 net-proprie·
1041 322 1101 343 cor-

220 375 306 412 poris
312 369 486 412 potestatem
491 365 530 410 se
539 366 712 401 habiturum
718 362 815 409 sciat.
845 362 1005 399 Notanda
1029 362 1101 397 sunt

224 419 340 456 verba:
369 416 643 460 FaHasalemntter
666 416 845 449 donatione.
874 413 984 447 Etiam
1006 412 1101 445 sanai

225 469 357 506 Caesarii
371 467 485 504 verba.-
512 468 686 500 Donationis
698 464 824 499 carrhas
840 490 848 498 .
874 462 1040 500 Mandant
1052 463 1102 496 fie-

224 519 254 553 ri
273 518 523 563 dispofitionem
535 539 546 555 ‚
572 527 642 560 quae
654 526 779 551 omnes
791 514 986 557 quaestiones
998 513 1101 556 praeei-

223 569 281 604 dat
291 578 386 610 atque
394 565 547 600 excludat
559 591 571 607 ,
597 566 737 609 ideoque
748 566 840 600 illam
852 563 970 598 volunt
995 563 1102 597 vestiri

223 617 381 653 omnibus
394 616 505 660 legum
528 615 807 654 solemnitatibus.
839 613 884 649 Et
905 613 1006 654 tales,
1031 624 1103 657 quat

220 667 431 710 Imperatoris
451 666 627 713 Justiniani
649 666 735 711 leges
756 666 972 709 praecefferunt
987 688 997 705 ,
1023 663 1102 696 Mo·

219 717 410 752 nachalium
423 716 626 762 Regularum
650 717 832 757 sanctiones
854 713 1011 749 habemus
1034 713 1103 757 plu*

220 777 288 801 res·
318 767 411 803 Hinc
422 768 502 802 item
517 767 607 802 vides
619 791 628 806 ,
654 765 742 811 quod
756 775 893 811 magnus
915 762 1102 798 patriarcha

219 815 419 853 Benedictus
429 829 506 853 ante
526 819 600 852 istas
612 818 701 862 leges
715 815 872 859 scripserit
891 816 981 848 suam
993 813 1103 858 Regu-

221 867 303 901 lam.
334 868 396 902 lsta
419 878 529 902 tamen
550 868 675 911 optima
698 865 866 909 disciplina
889 863 1011 907 ubique
1034 874 1103 898 non

222 917 332 962 viguit
346 942 353 950 .
381 917 474 953 Hinc
495 917 556 951 fuit
568 927 651 960 opus
665 917 734 952 istis
747 915 876 964 legibus
887 940 895 949 .

274 967 476 1012 Egregiam,
502 968 555 1002 sed
590 968 806 1012 singularem,
841 964 1025 1001 destrinam
1062 963 1104 998 ad
1127 962 1130 993 ἑ·

224 1016 559 1053 sanctumt’aulinum
571 1042 582 1058 ,
609 1017 778 1053 novellum
791 1013 870 1052 tunc
882 1013 1105 1052 Monachum,
1127 1048 1130 1052 ,

51 1074 131 1124 βψ,
148 1075 202 1127 98,
224 1064 358 1101 scribere
382 1068 507 1104 videtur
532 1067 653 1105 Beatus
672 1068 920 1112 Hieronymus:
941 1070 1026 1113 Jam
1047 1075 1106 1097 non
1128 1080 1130 1084 ¹

223 1114 294 1160 sunt
316 1125 368 1150 tua
388 1129 454 1161 quae
463 1119 584 1162 poffides
596 1143 607 1159 ,
631 1117 690 1161 sed
705 1116 887 1160 dispensatio
911 1117 968 1150 tibi
989 1116 1106 1148 credita

223 1165 280 1206 est.
308 1170 454 1205 Memento
467 1172 594 1202 Ananiae
606 1168 806 1210 &sapphira
818 1192 826 1200 .
855 1167 904 1201 Illi
921 1166 980 1208 sua
999 1165 1106 1199 timide*

219 1214 427 1259 servaverunt
444 1243 454 1258 ‚
480 1228 512 1251 tu
533 1217 676 1259 confidem
701 1230 737 1253 ne
760 1217 956 1260 CHRISTI
973 1215 1105 1259 substan-

222 1271 300 1299 tiam
322 1271 508 1309 impudenter
529 1267 671 1309 effundas
684 1295 692 1302 .
722 1270 761 1302 1d
769 1269 828 1308 eli,
856 1279 891 1300 ne
915 1267 1107 1302 immoderato

215 1317 332 1356 judicio
344 1329 405 1351 rem
416 1326 582 1360 pauperum
596 1320 711 1352 tribuas
723 1330 781 1352 non
788 1318 970 1360 pauperibus
984 1339 994 1356 ,
1020 1318 1054 1348 (9·
1060 1313 1105 1356 se-

220 1367 350 1399 cundum
373 1368 486 1402 dit‘lum
504 1369 717 1408 prudentiffimi
728 1373 789 1401 viri
801 1391 812 1409 ‚
838 1368 1019 1400 liberalitate
1028 1365 1106 1397 libe-

220 1417 332 1448 ralitas
341 1424 450 1456 pereat
464 1439 471 1447 .
498 1417 629 1450 Sanctus
642 1417 800 1451 Paulinus
815 1427 883 1449 non
911 1416 972 1448 fuit
987 1416 1104 1449 Coeno*

221 1463 290 1498 bita
302 1488 312 1504 ‚
339 1465 394 1499 sed
407 1475 482 1499 cum
497 1466 673 1500 venerabili
685 1477 787 1501 uxore
799 1467 853 1501 sua
867 1465 1024 1499 Tharafia
1035 1489 1046 1505 ,
1072 1464 1106 1498 &

218 1514 437 1549 modicissima
452 1515 578 1551 familia
591 1517 659 1561 egit
684 1517 842 1559 privatam
866 1517 900 1549 in
919 1515 1106 1550 Solitudine

219 1564 323 1598 vitam
338 1588 348 1605 ,
376 1576 444 1599 non
467 1565 593 1608 penitus
616 1566 796 1601 absimilem
823 1564 1072 1600 Anachoreticae
1097 1587 1105 1595 .

220 1614 332 1651 Solam
347 1626 570 1658 paupertatem
583 1616 617 1650 ὅ(
631 1617 813 1650 castitatem
828 1617 957 1650 videtur
971 1615 1107 1654 vovisse,

220 1664 306 1697 nulli
325 1664 567 1700 obedientiam.
597 1666 721 1701 Eorum
744 1667 777 1700 ἀ
801 1668 939 1709 personae
961 1666 995 1698 ὃς
1017 1664 1106 1698 bona

220 1715 257 1747 in
295 1715 418 1748 nullius
439 1716 632 1750 transierunt
651 1716 863 1761 potestatem.
909 1716 953 1750 Et
991 1726 1102 1750 tamen

219 1762 446 1806 Hieronymus
468 1766 609 1799 affirmat
631 1766 716 1801 duo.
744 1765 880 1806 Primo,
917 1767 1007 1810 quod
1036 1768 1106 1800 suo-

219 1825 293 1848 rum
310 1813 471 1848 bonorum
487 1815 610 1851 nullam
624 1817 776 1860 deinceps
795 1818 1024 1862 proprietatem
1052 1815 1104 1849 ha-

1161 211 1268 253 ‚Quare
1277 206 1397 251 posuisti
1408 209 1486 242 hanc
1497 222 1557 243 rem
1567 217 1600 244 in
1617 210 1709 247 corde
1728 208 1798 242 tuo?
1825 208 1999 248 Sensus.est
2026 229 2039 249 ,-

1164 259 1249 293 hanc
1263 260 1402 295 sanstam
1416 260 1604 296 societatem
1619 260 1746 306 ingredi
1765 269 1832 293 etat
1842 262 1891 293 tui
1902 262 2041 305 arbitrii,

1163 320 1196 344 at
1208 308 1284 343 vero
1298 310 1485 356 ingrediens
1496 309 1635 345 debuisti
1645 322 1701 346 tua
1713 320 1821 345 tecum
1835 320 1962 352 portare
1974 325 2046 348 om·

1164 361 1235 393 nia.
1261 360 1320 394 Ob
1334 361 1420 396 hanc
1432 361 1730 402 pravaricationem
1742 359 1923 408 Apostolus
1934 361 1943 398 i
1948 364 2043 410 psum

1164 409 1323 447 horrende
1333 410 1484 458 percuffit
1493 435 1503 446 ,

1364 510 1396 544 C
1422 509 1454 544 A
1482 509 1509 543 Ρ
1538 509 1587 545 Ι]
1604 509 1642 547 Τ
1743 511 1779 547 V
1792 510 1868 550 1111,

1211 612 1624 655 Exponunturilmperatoris
1640 615 1674 659 J
1676 611 1817 651 ustinitmi
1835 614 1874 648 de
1893 614 1949 648 hac
1963 629 1996 652 re

1562 665 1660 707 Leges
1673 686 1680 694 .

1209 761 1377 804 Mperator
1401 761 1623 807 justinianus,
1648 771 1686 796 ut
1709 763 1848 807 praefatis
1868 764 2051 807 quaestioni·

1237 811 1296 846 bus
1307 812 1625 850 succideret-omnem
1648 812 1813 853 radicem,
1838 815 1943 847 emisit
1971 816 2050 848 insi-

1166 873 1246 908 gnes
1256 861 1361 906 Leges
1371 887 1378 895 .
1407 862 1445 895 ln
1459 863 1565 906 ptimo
1578 862 1716 900 Codicis
1729 863 1814 898 libro
1822 874 1913 900 extat
1928 864 1997 907 ejus
2008 865 2051 899 ad

1127 931 1129 933 ·
1165 913 1328 960 Joannem
1350 912 1731 950 Praetorio-Ptaefe&um
1755 914 1808 946 lex
1831 936 1841 952 ,
1867 925 1937 961 quae
1962 916 2052 949 varia

1167 963 1421 998 Renuntiaturis
1450 973 1564 996 contra
1590 965 1712 1006 priores
1734 964 1840 1009 Leges
1862 974 1919 998 aut
1944 976 2054 1000 mores

1166 1013 1222 1048 dat
1237 1012 1426 1059 privilegia,
1455 1013 1539 1052 inter
1553 1024 1625 1057 qua:
1634 1012 1680 1046 est
1692 1013 1726 1051 ,ἀ
1739 1011 1804 1047 hoc
1815 1027 1825 1047 .·
1852 1018 1893 1051 Ut
1901 1026 1958 1050 non
1968 1017 2055 1050 liceat
2069 1036 2117 1070 Τ-

1162 1063 1340 1108 parentibus
1349 1064 1516 1104 impedire,
1541 1065 1709 1106 quo-minus
1723 1063 1811 1100 liberi
1821 1076 1921 1100 eorum
1948 1067 2057 1100 voleti-
2091 1046 2145 1120 att.
2167 1048 2198 1086 3'

1168 1123 1213 1147 tes
1227 1112 1363 1146 Monachi
1377 1123 1432 1147 aut
1442 1115 1553 1149 Clerici
1559 1113 1641 1159 fiant
1650 1138 1661 1154 ,
1685 1123 1741 1148 aut
1750 1125 1819 1150 eam
1830 1115 1865 1150 ob
1876 1113 1970 1157 solam
1982 1128 2058 1151 cau‘
2071 1099 2089 1123 c
2110 1099 2139 1132 P'
2165 1096 2208 1134 35
2216 1106 2225 1118 ⁸

1163 1163 1189 1208 s
1184 1176 1234 1196 am
1243 1162 1435 1198 exhaeredare
1444 1188 1454 1204 ,
1477 1162 1536 1207 sed
1544 1163 1570 1207 fi
1576 1162 1631 1207 ipfi
1639 1163 1842 1204 testamentum
1852 1169 1983 1200 condant
2005 1180 2055 1201 ne·

1167 1213 1246 1256 ceste*
1258 1212 1384 1246 habento
1404 1215 1608 1256 quadrantem
1620 1215 1682 1249 illis
1713 1215 1896 1258 relinquere.
1924 1220 1978 1251 sin
1999 1230 2052 1251 au.

1165 1272 1227 1298 tem
1237 1263 1287 1295 boc
1296 1274 1355 1295 non
1367 1263 1498 1304 f'ecertnt
1512 1287 1523 1305 ‚
1548 1266 1625 1298 locus
1632 1263 1671 1304 fit
1686 1264 1725 1298 ab
1747 1265 1883 1307 intestato
1892 1291 1899 1298 .
1929 1269 2022 1310 ,Quod
2028 1266 2057 1307 fi

1168 1311 1403 1351 illinonasterta
1412 1322 1465 1344 aut
1488 1313 1627 1353 Ecclefias
1650 1315 1847 1354 relinquunt,
1872 1327 1957 1348 omne
1979 1316 2057 1359 ipso·

1168 1374 1235 1395 rum
1250 1363 1306 1403 Jus
1324 1363 1369 1397 ad
1385 1361 1594 1401 nonasterium
1615 1371 1670 1396 aut
1692 1362 1850 1405 Ecclesiam
1884 1372 2019 1406 pertinet
2045 1391 2053 1399 .

1169 1412 1309 1456 Largius
1321 1411 1388 1445 haec
1412 1413 1552 1455 exponit
1574 1414 1609 1446 in
1633 1414 1850 1456 consequenti
1874 1413 1964 1458 lege:
1994 1420 2057 1448 Eoo

1168 1469 1262 1496 etiam
1281 1468 1432 1508 cognitum
1450 1462 1533 1495 nobis
1553 1463 1726 1497 correatone
1742 1463 1838 1504 nostra
1862 1466 1987 1508 dignum
2000 1466 2055 1508 esse

1163 1514 1336 1554 judicamus
1347 1536 1358 1554 ‚
1386 1522 1420 1545 ut
1424 1510 1454 1554 fi
1461 1519 1530 1556 quis
1542 1518 1573 1545 in
1589 1516 1754 1546 Parentum
1765 1514 1907 1555 potestate
1921 1515 2056 1554 constitu·

1169 1572 1221 1596 tus
1233 1565 1286 1597 vel
1293 1561 1447 1601 constituta
1457 1586 1467 1602 ,
1494 1564 1547 1595 vel
1547 1561 1658 1607 forsan
1669 1561 1814 1606 ejusmodi
1820 1567 1892 1604 Jure
1903 1564 2054 1607 absolutus

1169 1615 1222 1647 vel
1237 1612 1376 1657 absoluta
1387 1636 1398 1652 ,
1423 1614 1542 1656 elegerit
1557 1611 1592 1655 se
1604 1613 1779 1655 Monasterio
1792 1616 1845 1648 vel
1858 1616 1945 1648 Clero
1959 1614 2057 1657 socia-

1169 1675 1219 1703 re,
1249 1665 1283 1697 Θ
1302 1664 1446 1705 reliquum
1465 1670 1541 1695 vitae
1560 1662 1626 1705 suae
1650 1672 1767 1706 tempus
1787 1662 2056 1706 sanHimonialtter

1151 1736 1153 1747 ἦ
1169 1714 1274 1757 degere
1297 1715 1426 1747 voluerit
1438 1738 1448 1753 ,
1489 1725 1546 1746 non
1565 1715 1654 1748 liceat
1671 1714 1848 1756 parentibus
1868 1714 1982 1757 eosdem
2006 1716 2058 1748 vel

1151 1761 1291 1807 {easdem
1315 1774 1494 1806 quocumque
1530 1765 1613 1797 modo
1635 1764 1805 1805 abstrahere
1822 1789 1832 1806 ‚
1859 1765 1912 1797 vel
1931 1772 2058 1806 propter

1150 1830 1152 1834 ·
1170 1812 1248 1847 banc
1273 1814 1480 1846 tantummodi
1497 1811 1617 1856 causam
1630 1838 1640 1853 ‚
1665 1813 1751 1857 quasi
1766 1820 1919 1857 ingratum
1940 1815 1994 1848 vel
2010 1821 2057 1846 in-

219 1863 318 1898 beant
337 1888 347 1904 ,
375 1864 428 1900 sed
442 1865 542 1899 solam
567 1866 886 1901 administrationem
913 1890 921 1899 .
951 1865 1103 1906 Deinde,
1150 1874 1313 1908 igratam,
1339 1866 1358 1895 ἃ
1366 1862 1424 1907 sua
1435 1861 1616 1898 haereditate
1627 1865 1681 1897 vel
1699 1862 1858 1906 succeffione
1878 1864 2017 1907 repellere
2043 1887 2056 1904 ,

219 1915 308 1959 quod
321 1914 375 1948 illa
390 1916 505 1958 [μείξει
521 1915 561 1950 ad
586 1927 738 1959 pauperes
754 1941 764 1957 ,
791 1916 932 1959 ideoque
945 1918 1002 1949 suo
1022 1926 1101 1950 tem·
1150 1961 1152 1964 ι
1165 1912 1224 1957 sed
1233 1912 1348 1957 necesse
1351 1912 1390 1954 fit
1403 1918 1446 1947 eis
1457 1915 1636 1953 omnimodo,
1663 1915 1729 1947 cum
1762 1915 1899 1948 ultimam
1919 1918 2056 1948 volunta-

218 1973 299 2005 pore
309 1964 343 1998 fit
369 1965 403 1998 in
429 1966 514 2008 ipsos
537 1966 734 2000 dividenda:
761 1966 955 2008 quibusdam
979 1966 1106 1998 videtur

217 2010 335 2047 docere
348 2035 359 2052 ,
397 2014 491 2058 quod
524 2013 769 2049 Anachoretica
809 2015 959 2056 professio
991 2014 1105 2048 omnia

217 2062 402 2105 profitentis
415 2062 501 2098 bona
513 2063 701 2098 transcribat
718 2064 751 2096 in
767 2074 934 2106 pauperes.
960 2064 1106 2106 Respon-

217 2109 283 2146 deo
307 2113 398 2147 islam
420 2113 702 2156 transcriptionem
728 2114 761 2146 in
774 2112 868 2146 nullo
880 2113 1020 2147 Canone
1036 2136 1047 2152 ,
1073 2113 1105 2145 in

217 2163 306 2195 nulla
320 2163 353 2195 fu
360 2162 448 2196 ndat-i
461 2162 698 2196 consuetudine
711 2186 722 2202 ,
747 2173 852 2205 neque
862 2161 944 2196 tradi
957 2160 1105 2196 {Sanno

215 2211 447 2253 Hieronymo.
476 2210 637 2246 Radicern
648 2235 659 2252 ‚
686 2222 727 2245 ex
745 2223 809 2255 qua
838 2212 980 2245 Paulino
1018 2223 1093 2245 nata

217 2261 281 2294 fuit
292 2260 350 2294 ista
361 2261 526 2307 obligatio
536 2286 546 2302 ,
559 2262 697 2304 exponit
711 2261 743 2294 in
759 2262 876 2295 litteris
889 2262 928 2295 ad
944 2261 1102 2295 Sabinum

217 2310 452 2346 Placentinum
482 2312 681 2354 Episcopum
710 2310 837 2345 sanctus
876 2311 1069 2345 Ambrosius
1097 2336 1104 2343 .

218 2360 459 2395 Admirabilem
473 2361 674 2397 Illustriffimi
691 2373 729 2395 ac
743 2361 944 2395 Nobiliffimi
974 2362 1102 2395 Paulini

218 2412 464 2448 conversionem
502 2410 660 2454 exponit,
687 2412 721 2447 δε
756 2411 906 2455 adjungit
921 2425 932 2445 .-
963 2415 1103 2444 Matrona

219 2465 331 2503 quoque
343 2467 450 2495 virtuti
464 2460 596 2501 &studio
606 2463 671 2503 ejus
679 2464 819 2503 proxime
840 2465 951 2494 accedit
968 2486 979 2502 ‚
998 2459 1102 2503 'neque

220 2512 241 2542 ἃ
255 2509 397 2551 Propossto
408 2517 473 2544 viri
499 2510 668 2554 discrepat.
698 2515 831 2553 Denique
853 2510 1048 2555 transcriptis
1069 2518 1102 2544 in

221 2560 426 2600 aliorumjura
434 2558 501 2605 suisx
510 2563 639 2602 praediis
655 2567 755 2594 virum
763 2560 897 2603 sequitur
914 2574 921 2593 ε
948 2564 982 2595 Θ·
999 2563 1101 2605 exiguo

220 2611 282 2643 illic
299 2611 428 2653 conjugis
442 2620 578 2645 contenta
589 2610 694 2653 cespite
709 2635 719 2651 ,
739 2610 881 2654 solabitur
896 2610 928 2653 se
949 2612 1098 2654 religionis

220 2661 255 2693 Θ
269 2659 440 2695 charitatis
456 2662 574 2695 divitiis
590 2685 596 2692 .
627 2661 739 2696 Ambo
750 2662 862 2695 omnia
877 2663 930 2694 sua
955 2662 1096 2705 pauperi-

220 2710 279 2745 bus
291 2709 496 2746 addixerant.
525 2711 567 2746 Et
582 2711 667 2747 istud
681 2713 738 2746 suo
759 2722 906 2755 ternpore
932 2711 1098 2756 insigniter

218 2761 428 2803 expleverunt
444 2786 451 2793 .

270 2811 388 2845 Hocce
414 2810 691 2846 Monasteriorum
711 2811 761 2855 jus
780 2810 1030 2846 fundamentum
1042 2809 1095 2844 ha›

219 2859 272 2896 bet
289 2860 319 2893 in
338 2862 429 2896 Attis
442 2886 450 2899 ,
477 2873 547 2904 quae
569 2860 662 2895 nobis
674 2862 736 2895 effe
754 2861 894 2895 adinstar
916 2861 1094 2895 Canonum

218 2912 298 2944 reste
311 2911 418 2945 scribit
434 2912 557 2946 sanstus
568 2911 709 2954 Ioannes
723 2911 976 2955 Chrysossomus
986 2937 996 2952 ,
1020 2910 1096 2945 Bea-

219 2970 328 2995 totum
344 2962 578 3005 Apostolorum
592 2976 603 2995 .·
630 2966 740 2997 Omnes
753 2968 805 3004 qui
815 2961 972 2996 credebant
985 2987 994 3001 ,
1007 2972 1095 2994 erant

214 3019 334 3054 pariter
347 3034 356 3049 ,
384 3013 417 3045 (5
439 3011 586 3046 habebant
606 3017 704 3045 omnia
727 3019 894 3045 communia
915 3037 923 3044 .
963 3012 1094 3054 Poffeffio·

220 3071 266 3094 ms
282 3066 314 3094 (9
320 3060 500 3103 substantias
513 3062 685 3097 vendebant
697 3087 708 3102 ,
734 3064 767 3096 <St
778 3062 957 3096 dividebant
970 3063 1023 3094 illa
1037 3073 1092 3094 om·

218 3111 304 3143 nibus
321 3139 325 3144 ,
352 3120 440 3153 prout
452 3120 550 3156 cuique
570 3121 641 3154 opus
664 3122 729 3144 erat
743 3138 750 3144 .
780 3117 832 3145 Vir
855 3124 955 3146 autem
967 3113 1093 3153 quidam

219 3166 332 3193 nomine
356 3165 489 3194 Ananias
515 3175 579 3197 cum
601 3162 753 3204 sapphyra
773 3173 861 3196 uxore
876 3162 930 3205 fica
953 3163 1094 3195 vendidit

218 3222 323 3252 agrum
335 3233 344 3247 ‚
369 3211 570 3251 &fraudavit
583 3214 725 3254 depretia
751 3220 815 3258 agri
830 3238 840 3254 ,
867 3211 980 3254 conscia
1006 3223 1095 3245 uxore

214 3258 290 3301 sua.
319 3261 347 3288 E
352 3270 361 3288 t
377 3261 515 3300 adferens
526 3272 646 3304 partem
659 3264 816 3304 quandam
827 3288 837 3302 ‚
865 3264 908 3295 ad
915 3264 1005 3304 pedes
1019 3267 1089 3304 Apo-

214 3309 346 3349 stolorum
356 3307 466 3349 posuit.
495 3315 586 3346 Dixit
602 3322 698 3345 autem
716 3316 841 3347 Petrus:
872 3317 990 3345 Anania
1005 3338 1015 3353 ,
1042 3324 1091 3346 cur

218 3366 350 3393 tentavit
362 3357 490 3400 satanas
500 3372 545 3394 cor
558 3372 640 3396 tuum
651 3387 660 3402 ,
688 3370 807 3396 mentiri
822 3373 852 3397 te
876 3367 1004 3405 spititui
1022 3368 1081 3404 san

219 3410 262 3442 δίο
275 3434 283 3449 ,
312 3407 497 3450 &fraudare
510 3413 544 3443 de
552 3421 600 3452 pre
607 3420 646 3444 tio
655 3418 718 3456 agri
730 3415 742 3447 ?
772 3419 881 3447 Nonne
893 3426 1017 3446 manens
1032 3426 1092 3445 ma-

215 3458 303 3494 nebat
323 3458 400 3499 tibi,
425 3462 458 3496 <r
480 3463 694 3495 venumdatum
715 3470 827 3497 eratin
839 3474 891 3498 tua
912 3464 1054 3507 potestate
1080 3466 1093 3497 ἓ

1150 1970 1153 2001 ,ὲ
1171 1973 1231 1997 tem
1238 1962 1349 2006 suam,
1371 1961 1434 2003 five
1454 1970 1509 2005 per
1531 1965 1715 2005 Scripturam
1729 1988 1739 2003 ‚
1761 1962 1823 2004 five
1844 1966 1903 1997 allo
1921 1965 2055 2008 legitimo

1150 2003 1152 2029 Ι
1169 2015 1252 2044 modo
1259 2013 1418 2053 perficiunt
1429 2035 1439 2050 ‚
1465 2022 1607 2053 quartam
1626 2014 1746 2054 quidem
1764 2021 1932 2055 portionem
1950 2012 2057 2056 secun-

1149 2034 1153 2095 ,Ι
1170 2063 1241 2095 dum
1253 2066 1345 2104 Leges
1358 2061 1469 2101 nostras
1482 2067 1524 2094 ets
1539 2063 1718 2104 relinquere.
1745 2064 1799 2095 sin
1811 2072 1910 2096 autem
1933 2066 1967 2097 δ’
1988 2075 2052 2096 am—

1150 2104 1153 2113 *
1163 2113 1248 2153 plius
1263 2113 1409 2144 voluerint
1418 2116 1460 2142 eis
1473 2112 1599 2155 largiri,
1626 2111 1676 2145 boc
1685 2123 1780 2145 eorum
1792 2114 1943 2147 voluntati
1954 2124 2052 2146 conce-

1169 2163 1270 2193 dimus
1281 2185 1288 2192 .
1301 2163 1352 2193 sin
1363 2163 1434 2194 verb
1445 2161 1583 2192 ultimam
1595 2164 1781 2195 voluntatem
1789 2169 1948 2203 parentes,
1963 2173 2054 2204 neque

1167 2211 1339 2249 testamento
1350 2235 1359 2249 ‚
1387 2220 1479 2252 neque
1492 2210 1550 2243 alio
1562 2210 1666 2244 ultimo
1688 2213 1779 2255 elogio
1801 2213 1959 2255 declarasse
1973 2224 2054 2245 mon⁴

1149 2292 1150 2296 ,
1159 2260 1252 2299 strati
1270 2260 1388 2302 fuerint
1405 2284 1415 2298 ,
1441 2271 1554 2293 omnem
1569 2268 1734 2302 parentum
1751 2259 1949 2303 substantiam
1962 2262 2056 2295 heere*

1149 2304 1240 2350 aes,
1266 2310 1371 2352 quibus
1388 2308 1425 2342 ab
1450 2310 1586 2350 intestato
1609 2317 1746 2352 competit
1759 2335 1769 2351 ,
1790 2310 1952 2354 secundum
1973 2314 2051 2356 leges

1147 2389 1150 2401 ,
1165 2359 1276 2400 nostras
1283 2359 1339 2400 fibi
1351 2359 1514 2401 defendent
1531 2372 1538 2391 ε
1567 2361 1644 2393 nullo
1657 2366 1699 2395 eis
1711 2363 1924 2402 impedimento
1934 2374 1973 2396 ex
1980 2361 2053 2403 san-

1149 2406 1150 2411 *
1164 2411 1326 2443 llimoniali
1339 2408 1556 2451 conversatione
1564 2412 1737 2453 generando
1738 2409 1803 2452 five
1809 2409 1865 2452 soli
1880 2436 1890 2451 ,
1910 2410 1975 2452 five
1986 2423 2054 2445 cum

1146 2440 1230 2494 ¹aliis
1244 2462 1288 2492 ad
1306 2458 1496 2502 succeffionem
1521 2470 1662 2493 vocentur
1676 2484 1684 2491 .
1713 2462 1813 2501 Hujus
1826 2469 1926 2494 autem
1946 2469 2055 2503 perpe-

1164 2519 1225 2544 tuae
1236 2511 1310 2554 legis
1334 2510 1434 2548 nofirae
1447 2510 1585 2549 beneficia
1608 2520 1652 2542 eos
1674 2509 1808 2543 volumus
1819 2510 1970 2550 obtinere,
1998 2517 2053 2554 qui

1145 2551 1195 2595 fin
1217 2560 1389 2599 Monaflerio
1401 2560 1452 2592 vel
1470 2559 1621 2592 clericatu
1642 2558 1912 2602 perseveraverint
1927 2587 1934 2592 .
1964 2566 2053 2594 Nam

1144 2598 1147 2619 ἐ
1156 2609 1186 2652 fi
1205 2616 1255 2653 qui
1274 2621 1369 2643 eorum
1380 2633 1391 2648 ‚
1418 2610 1453 2642 de
1463 2609 1572 2651 quibus
1581 2608 1759 2651 praesentem
1774 2611 1865 2654 legem
1873 2610 2026 2653 posuimus
2041 2635 2053 2654 ‚

1144 2669 1145 2672 ’
1156 2659 1414 2703 sant‘limonialem
1435 2665 1534 2692 vitam
1559 2660 1707 2703 elegerint
1719 2682 1730 2698 ‚
1755 2663 1798 2693 ad
1815 2659 1987 2704 saecularem
2000 2675 2052 2695 au-

1143 2701 1145 2743 !
1160 2720 1220 2743 tem
1232 2707 1480 2752 conversationem
1491 2708 1588 2750 postea
1599 2716 1763 2742 remearint
1778 2735 1789 2751 ‚
1795 2711 1936 2751 jubemus
1950 2724 2050 2745 omnes

1158 2771 1252 2792 eorum
1276 2770 1323 2792 res
1341 2760 1461 2799 adjura
1474 2757 1607 2801 ejusdem
1620 2763 1649 2791 E
1652 2758 1753 2800 cclefiae
1780 2762 1832 2794 vel
1852 2762 2026 2801 Monasterit
2037 2786 2050 2802 ‚

1158 2822 1177 2841 a
1197 2821 1252 2852 quo
1265 2810 1447 2852 recefferint,
1473 2816 1638 2851 pertinere.
1674 2810 1751 2844 Hoc
1765 2810 1869 2853 ipsum
1883 2812 1998 2854 repetit
2011 2812 2050 2846 in

1160 2860 1301 2894 Novella
1313 2859 1403 2904 Lege
1414 2859 1454 2894 ad
1470 2859 1601 2893 Petrum
1616 2859 1812 2894 Officiorum
1836 2862 2048 2906 Magistrum:

1140 2937 1142 2953 2
1158 2911 1286 2943 Nullam
1300 2912 1450 2944 licentiam
1472 2910 1580 2942 damus
1609 2919 1660 2942 aut
1677 2910 1859 2943 Parentibus
1867 2913 1944 2953 filios
1956 2937 1966 2953 ,
1993 2922 2048 2945 aut
2063 2903 2102 2938 L·
2121 2916 2196 2955 123.

1139 2956 1142 2997 ἒ
1152 2959 1230 3002 filiis
1249 2963 1392 2994 Parentes
1407 2984 1417 2999 ,
1439 2958 1613 3002 saecularem
1626 2965 1725 2992 vitam
1744 2959 1892 3002 sec‘lantes
1904 2963 1938 2995 (τ
1949 2962 2047 2996 relin-
2062 2966 2130 3000 ‘³³1'-
2155 2967 2217 3003 41·

1159 3018 1283 3052 quentes
1297 3034 1308 3051 ,
1335 3011 1420 3044 velut
1433 3017 1566 3053 ingratos
1580 3010 1600 3040 ἃ
1605 3007 1661 3051 sua
1672 3011 1827 3043 excludere
1842 3011 2022 3048 hai-editore
2034 3038 2047 3055 ‚

1159 3060 1365 3101 Monasterium
1378 3069 1430 3094 aut
1441 3058 1626 3100 monasticam
1638 3065 1736 3093 vitam
1744 3059 1911 3103 subsecutos
1936 3088 1945 3096 .

1210 3113 1260 3145 Ex
1274 3110 1323 3144 his
1350 3109 1545 3144 addiscimus
1568 3108 1672 3143 varia.
1700 3110 1836 3152 Primo,
1863 3113 1954 3156 quod
1977 3115 2049 3157 qui·

1155 3161 1230 3196 dam
1254 3163 1353 3205 usque
1375 3171 1453 3194 tunc
1479 3171 1625 3203 parentes
1647 3161 1717 3195 suas
1741 3163 1912 3206 utriusque
1951 3165 2045 3198 sexus

1157 3212 1264 3256 proles
1284 3212 1328 3245 ob
1342 3210 1520 3245 Clericatus
1533 3222 1587 3244 aut
1601 3211 1827 3246 Monachismi
1853 3214 2045 3255 assumptio·

1160 3273 1234 3296 nem
1248 3261 1498 3295 exhaeredarint.
1533 3261 1657 3305 Leges,
1686 3273 1757 3305 quae
1774 3262 1836 3296 hoc
1849 3265 2046 3306 permittunt

1156 3312 1200 3346 ob
1227 3322 1383 3355 piaecoces
1406 3321 1461 3344 aut
1484 3310 1638 3355 indignas
1662 3313 1794 3354 nuptias
1817 3337 1827 3352 ,
1868 3311 2046 3347 censebant:

1158 3361 1306 3396 obtinere
1320 3362 1418 3395 eriam
1433 3360 1466 3394 in
1482 3359 1532 3394 his
1548 3362 1767 3404 spiritualibus
1782 3363 1906 3405 nuptiis
1918 3386 1925 3393 .
1937 3361 2046 3396 Etiam

1158 3424 1236 3447 tunc
1257 3424 1322 3445 non
1339 3410 1395 3444 soli
1412 3410 1572 3455 gentiles,
1600 3411 1653 3445 sed
1682 3412 1716 3446 &
1737 3413 1869 3452 quidam
1891 3410 2047 3447 Christia-

1158 3465 1192 3498 ni
1207 3460 1450 3507 vilipendebant
1465 3462 1583 3496 statum
1601 3462 1799 3498 Clericalem
1825 3472 1863 3501 ac
1884 3461 2050 3497 monasti·

1895 3523 1993 3548 cum:
