<?xml version="1.0" encoding="UTF-8"?>
<!DOCTYPE html PUBLIC "-//W3C//DTD XHTML 1.0 Transitional//EN"
    "http://www.w3.org/TR/xhtml1/DTD/xhtml1-transitional.dtd">
<html xmlns="http://www.w3.org/1999/xhtml" xml:lang="en" lang="en">
 <head>
  <title>
</title>
<meta http-equiv="Content-Type" content="text/html;charset=utf-8" />
  <meta name='ocr-system' content='tesseract 3.04.00' />
  <meta name='ocr-capabilities' content='ocr_page ocr_carea ocr_par ocr_line ocrx_word'/>
</head>
<body>
  <div class='ocr_page' id='page_1' title='image "./operaomniastudio11lupuuoft/operaomniastudio11lupuuoft_0042.png"; bbox 0 0 2366 3736; ppageno 0'>
   <div class='ocr_carea' id='block_1_1' title="bbox 580 118 610 157">
    <p class='ocr_par' dir='ltr' id='par_1_1' title="bbox 580 118 610 157">
     <span class='ocr_line' id='line_1_1' title="bbox 580 118 592 134; baseline 0 0"><span class='ocrx_word' id='word_1_1' title='bbox 580 118 592 134; x_wconf 59' lang='grc' dir='ltr'>Χ</span> 
     </span>
     <span class='ocr_line' id='line_1_2' title="bbox 595 138 610 157; baseline 0 0"><span class='ocrx_word' id='word_1_2' title='bbox 595 138 610 157; x_wconf 52' lang='lat' dir='ltr'>*X</span> 
     </span>
    </p>
   </div>
   <div class='ocr_carea' id='block_1_2' title="bbox 317 153 1206 530">
    <p class='ocr_par' dir='ltr' id='par_1_2' title="bbox 317 153 1206 530">
     <span class='ocr_line' id='line_1_3' title="bbox 354 153 414 199; baseline -0.017 0"><span class='ocrx_word' id='word_1_3' title='bbox 354 153 414 199; x_wconf 81' lang='lat'>28</span> 
     </span>
     <span class='ocr_line' id='line_1_4' title="bbox 320 233 1206 283; baseline -0.005 -12"><span class='ocrx_word' id='word_1_4' title='bbox 320 237 444 272; x_wconf 83' lang='lat' dir='ltr'>tentia.</span> <span class='ocrx_word' id='word_1_5' title='bbox 487 235 787 283; x_wconf 80' lang='lat' dir='ltr'>Qualiumcumque</span> <span class='ocrx_word' id='word_1_6' title='bbox 814 233 846 266; x_wconf 73' lang='grc' dir='ltr'><em>ἀ</em></span> <span class='ocrx_word' id='word_1_7' title='bbox 866 243 1206 277; x_wconf 78' lang='lat' dir='ltr'>quantorumcumque</span> 
     </span>
     <span class='ocr_line' id='line_1_5' title="bbox 318 282 1205 331; baseline -0.005 -11"><span class='ocrx_word' id='word_1_8' title='bbox 318 287 440 331; x_wconf 84' lang='lat' dir='ltr'>suerit,</span> <span class='ocrx_word' id='word_1_9' title='bbox 469 286 645 328; x_wconf 75' lang='lat' dir='ltr'>fuitfalsa,</span> <span class='ocrx_word' id='word_1_10' title='bbox 671 282 925 321; x_wconf 62' lang='lat' dir='ltr'>&amp;minustuta.</span> <span class='ocrx_word' id='word_1_11' title='bbox 955 283 998 319; x_wconf 88' lang='lat' dir='ltr'>Et</span> <span class='ocrx_word' id='word_1_12' title='bbox 1010 294 1117 319; x_wconf 84' lang='lat' dir='ltr'>tamen</span> <span class='ocrx_word' id='word_1_13' title='bbox 1138 284 1205 328; x_wconf 79' lang='lat' dir='ltr'>ejus</span> 
     </span>
     <span class='ocr_line' id='line_1_6' title="bbox 322 332 1204 380; baseline -0.002 -13"><span class='ocrx_word' id='word_1_14' title='bbox 322 339 414 371; x_wconf 84' lang='lat' dir='ltr'>usum</span> <span class='ocrx_word' id='word_1_15' title='bbox 429 339 554 371; x_wconf 62' lang='lat' dir='ltr'>sanctus</span> <span class='ocrx_word' id='word_1_16' title='bbox 587 333 791 380; x_wconf 80' lang='lat' dir='ltr'>Augustinus</span> <span class='ocrx_word' id='word_1_17' title='bbox 817 333 917 369; x_wconf 79' lang='lat' dir='ltr'>libere</span> <span class='ocrx_word' id='word_1_18' title='bbox 929 332 1087 376; x_wconf 74' lang='lat' dir='ltr'>permisit.</span> <span class='ocrx_word' id='word_1_19' title='bbox 1114 333 1204 368; x_wconf 81' lang='lat' dir='ltr'>Nul—</span> 
     </span>
     <span class='ocr_line' id='line_1_7' title="bbox 318 383 1205 430; baseline -0.005 -10"><span class='ocrx_word' id='word_1_20' title='bbox 318 388 387 421; x_wconf 82' lang='lat' dir='ltr'>lum</span> <span class='ocrx_word' id='word_1_21' title='bbox 410 387 476 430; x_wconf 82' lang='lat' dir='ltr'>ejus</span> <span class='ocrx_word' id='word_1_22' title='bbox 497 388 665 429; x_wconf 74' lang='lat' dir='ltr'>sequacem</span> <span class='ocrx_word' id='word_1_23' title='bbox 686 384 814 418; x_wconf 86' lang='lat' dir='ltr'>vocavit</span> <span class='ocrx_word' id='word_1_24' title='bbox 842 385 891 418; x_wconf 90' lang='lat' dir='ltr'>vel</span> <span class='ocrx_word' id='word_1_25' title='bbox 906 384 938 417; x_wconf 91' lang='lat' dir='ltr'>in</span> <span class='ocrx_word' id='word_1_26' title='bbox 953 383 1130 417; x_wconf 86' lang='lat' dir='ltr'>minimum</span> <span class='ocrx_word' id='word_1_27' title='bbox 1149 383 1205 416; x_wconf 88' lang='lat' dir='ltr'>du·</span> 
     </span>
     <span class='ocr_line' id='line_1_8' title="bbox 321 432 1203 473; baseline -0.007 -4"><span class='ocrx_word' id='word_1_28' title='bbox 321 437 413 472; x_wconf 84' lang='lat' dir='ltr'>bium</span> <span class='ocrx_word' id='word_1_29' title='bbox 426 447 549 473; x_wconf 82' lang='lat' dir='ltr'>aetetnae</span> <span class='ocrx_word' id='word_1_30' title='bbox 563 432 670 469; x_wconf 90' lang='lat' dir='ltr'>salutis</span> <span class='ocrx_word' id='word_1_31' title='bbox 681 457 689 465; x_wconf 91' lang='lat'><strong><em>.</em></strong></span> <span class='ocrx_word' id='word_1_32' title='bbox 720 433 828 469; x_wconf 84' lang='lat' dir='ltr'>Etiam</span> <span class='ocrx_word' id='word_1_33' title='bbox 842 432 1002 468; x_wconf 85' lang='lat' dir='ltr'>dubitavit</span> <span class='ocrx_word' id='word_1_34' title='bbox 1011 432 1051 465; x_wconf 90' lang='lat' dir='ltr'>de</span> <span class='ocrx_word' id='word_1_35' title='bbox 1059 432 1160 468; x_wconf 82' lang='lat' dir='ltr'>tertiis</span> <span class='ocrx_word' id='word_1_36' title='bbox 1171 434 1203 467; x_wconf 75' lang='grc' dir='ltr'>ὃς</span> 
     </span>
     <span class='ocr_line' id='line_1_9' title="bbox 317 481 1205 530; baseline -0.005 -10"><span class='ocrx_word' id='word_1_37' title='bbox 317 488 441 530; x_wconf 82' lang='lat' dir='ltr'>quartis</span> <span class='ocrx_word' id='word_1_38' title='bbox 470 485 614 528; x_wconf 85' lang='lat' dir='ltr'>nuptiis,</span> <span class='ocrx_word' id='word_1_39' title='bbox 640 484 674 520; x_wconf 68' lang='grc' dir='ltr'>ὅ(</span> <span class='ocrx_word' id='word_1_40' title='bbox 700 483 782 530; x_wconf 84' lang='lat' dir='ltr'>ipsas</span> <span class='ocrx_word' id='word_1_41' title='bbox 809 494 917 520; x_wconf 81' lang='lat' dir='ltr'>tamen</span> <span class='ocrx_word' id='word_1_42' title='bbox 948 481 1087 529; x_wconf 71' lang='lat' dir='ltr'>permitit</span> <span class='ocrx_word' id='word_1_43' title='bbox 1107 481 1205 520; x_wconf 75' lang='lat' dir='ltr'>libere</span> 
     </span>
    </p>
   </div>
   <div class='ocr_carea' id='block_1_3' title="bbox 319 536 503 573">
    <p class='ocr_par' dir='ltr' id='par_1_3' title="bbox 319 536 503 573">
     <span class='ocr_line' id='line_1_10' title="bbox 319 536 503 573; baseline -0.005 -3"><span class='ocrx_word' id='word_1_44' title='bbox 319 536 503 573; x_wconf 75' lang='lat' dir='ltr'>ambulare.</span> 
     </span>
    </p>
   </div>
   <div class='ocr_carea' id='block_1_4' title="bbox 99 580 1203 675">
    <p class='ocr_par' dir='ltr' id='par_1_4' title="bbox 99 580 1203 675">
     <span class='ocr_line' id='line_1_11' title="bbox 99 580 1203 663; baseline -0.002 -46"><span class='ocrx_word' id='word_1_45' title='bbox 99 587 115 615; x_wconf 47' lang='grc' dir='ltr'>,ι</span> <span class='ocrx_word' id='word_1_46' title='bbox 145 630 172 663; x_wconf 71' lang='grc' dir='ltr'>Λ</span> <span class='ocrx_word' id='word_1_47' title='bbox 188 628 233 659; x_wconf 39' lang='lat' dir='ltr'>ffl-</span> <span class='ocrx_word' id='word_1_48' title='bbox 369 587 531 630; x_wconf 80' lang='lat' dir='ltr'>lnfignern</span> <span class='ocrx_word' id='word_1_49' title='bbox 547 583 692 631; x_wconf 85' lang='lat' dir='ltr'>regulam</span> <span class='ocrx_word' id='word_1_50' title='bbox 709 582 805 618; x_wconf 88' lang='lat' dir='ltr'>habet</span> <span class='ocrx_word' id='word_1_51' title='bbox 821 582 852 615; x_wconf 90' lang='lat' dir='ltr'>in</span> <span class='ocrx_word' id='word_1_52' title='bbox 879 583 941 616; x_wconf 83' lang='lat' dir='ltr'>suis</span> <span class='ocrx_word' id='word_1_53' title='bbox 962 580 1203 623; x_wconf 85' lang='lat' dir='ltr'>Capitularibus</span> 
     </span>
     <span class='ocr_line' id='line_1_12' title="bbox 181 635 327 675; baseline 0.021 -16"><span class='ocrx_word' id='word_1_54' title='bbox 181 646 197 660; x_wconf 71' lang='grc' dir='ltr'>ι,</span> <span class='ocrx_word' id='word_1_55' title='bbox 228 640 294 675; x_wconf 59' lang='lat' dir='ltr'>ing.</span> <span class='ocrx_word' id='word_1_56' title='bbox 319 635 327 643; x_wconf 83' lang='lat'>’</span> 
     </span>
    </p>
   </div>
   <div class='ocr_carea' id='block_1_5' title="bbox 137 631 1201 730">
    <p class='ocr_par' dir='ltr' id='par_1_5' title="bbox 137 631 1201 730">
     <span class='ocr_line' id='line_1_13' title="bbox 318 631 1201 678; baseline -0.006 -10"><span class='ocrx_word' id='word_1_57' title='bbox 318 646 494 678; x_wconf 77' lang='lat' dir='ltr'>imperator</span> <span class='ocrx_word' id='word_1_58' title='bbox 508 634 699 671; x_wconf 87' lang='lat' dir='ltr'>Ludovicus</span> <span class='ocrx_word' id='word_1_59' title='bbox 714 634 791 669; x_wconf 85' lang='lat' dir='ltr'>Pius</span> <span class='ocrx_word' id='word_1_60' title='bbox 805 646 814 668; x_wconf 89' lang='grc'>,·</span> <span class='ocrx_word' id='word_1_61' title='bbox 843 634 928 674; x_wconf 71' lang='lat' dir='ltr'>,Quia</span> <span class='ocrx_word' id='word_1_62' title='bbox 939 656 948 670; x_wconf 93' lang='lat'>‚</span> <span class='ocrx_word' id='word_1_63' title='bbox 976 631 1042 670; x_wconf 83' lang='lat' dir='ltr'>reste</span> <span class='ocrx_word' id='word_1_64' title='bbox 1058 632 1201 673; x_wconf 68' lang='lat' dir='ltr'>apostolo,</span> 
     </span>
     <span class='ocr_line' id='line_1_14' title="bbox 137 682 1199 730; baseline -0.004 -13"><span class='ocrx_word' id='word_1_65' title='bbox 137 689 271 725; x_wconf 61' lang='lat' dir='ltr'>usp-32,</span> <span class='ocrx_word' id='word_1_66' title='bbox 315 697 374 718; x_wconf 82' lang='lat' dir='ltr'>non</span> <span class='ocrx_word' id='word_1_67' title='bbox 387 685 424 727; x_wconf 82' lang='lat' dir='ltr'>est</span> <span class='ocrx_word' id='word_1_68' title='bbox 433 683 629 730; x_wconf 79' lang='lat' dir='ltr'>personarum</span> <span class='ocrx_word' id='word_1_69' title='bbox 644 690 774 728; x_wconf 75' lang='lat' dir='ltr'>acceptio</span> <span class='ocrx_word' id='word_1_70' title='bbox 784 684 869 724; x_wconf 78' lang='lat' dir='ltr'>apud</span> <span class='ocrx_word' id='word_1_71' title='bbox 879 686 992 720; x_wconf 80' lang='lat' dir='ltr'>Deum,</span> <span class='ocrx_word' id='word_1_72' title='bbox 1018 682 1051 712; x_wconf 67' lang='grc' dir='ltr'>Θ</span> <span class='ocrx_word' id='word_1_73' title='bbox 1066 687 1098 712; x_wconf 87' lang='lat' dir='ltr'>in</span> <span class='ocrx_word' id='word_1_74' title='bbox 1111 688 1199 713; x_wconf 83' lang='lat' dir='ltr'>omni</span> 
     </span>
    </p>
   </div>
   <div class='ocr_carea' id='block_1_6' title="bbox 306 733 1202 1625">
    <p class='ocr_par' dir='ltr' id='par_1_6' title="bbox 309 733 1202 981">
     <span class='ocr_line' id='line_1_15' title="bbox 314 733 1202 776; baseline -0.007 -7"><span class='ocrx_word' id='word_1_75' title='bbox 314 736 370 770; x_wconf 85' lang='lat' dir='ltr'>bus</span> <span class='ocrx_word' id='word_1_76' title='bbox 376 738 510 776; x_wconf 78' lang='lat' dir='ltr'>judiciis</span> <span class='ocrx_word' id='word_1_77' title='bbox 521 735 659 771; x_wconf 67' lang='lat' dir='ltr'>cavenda</span> <span class='ocrx_word' id='word_1_78' title='bbox 669 734 708 774; x_wconf 82' lang='lat' dir='ltr'>est</span> <span class='ocrx_word' id='word_1_79' title='bbox 719 757 730 775; x_wconf 88' lang='lat'>,</span> <span class='ocrx_word' id='word_1_80' title='bbox 756 735 846 767; x_wconf 77' lang='lat' dir='ltr'>mulio</span> <span class='ocrx_word' id='word_1_81' title='bbox 858 737 951 774; x_wconf 78' lang='lat' dir='ltr'>magis</span> <span class='ocrx_word' id='word_1_82' title='bbox 965 737 997 763; x_wconf 83' lang='lat' dir='ltr'>in</span> <span class='ocrx_word' id='word_1_83' title='bbox 1011 733 1202 767; x_wconf 78' lang='lat' dir='ltr'>Paemtenttae</span> 
     </span>
     <span class='ocr_line' id='line_1_16' title="bbox 309 782 1200 830; baseline -0.006 -11"><span class='ocrx_word' id='word_1_84' title='bbox 309 788 425 828; x_wconf 84' lang='lat' dir='ltr'>J&#39;udicio</span> <span class='ocrx_word' id='word_1_85' title='bbox 435 790 607 830; x_wconf 69' lang='lat' dir='ltr'>precaveri</span> <span class='ocrx_word' id='word_1_86' title='bbox 628 782 736 824; x_wconf 75' lang='lat' dir='ltr'>debet,</span> <span class='ocrx_word' id='word_1_87' title='bbox 764 792 796 815; x_wconf 83' lang='lat' dir='ltr'>ut</span> <span class='ocrx_word' id='word_1_88' title='bbox 821 782 920 815; x_wconf 84' lang='lat' dir='ltr'>nullus</span> <span class='ocrx_word' id='word_1_89' title='bbox 942 782 1130 815; x_wconf 67' lang='lat' dir='ltr'>sacerdotum</span> <span class='ocrx_word' id='word_1_90' title='bbox 1151 793 1200 814; x_wconf 87' lang='lat' dir='ltr'>un·</span> 
     </span>
     <span class='ocr_line' id='line_1_17' title="bbox 314 828 1198 882; baseline -0.008 -11"><span class='ocrx_word' id='word_1_91' title='bbox 314 848 406 880; x_wconf 83' lang='lat' dir='ltr'>quam</span> <span class='ocrx_word' id='word_1_92' title='bbox 416 846 469 871; x_wconf 82' lang='lat' dir='ltr'>aut</span> <span class='ocrx_word' id='word_1_93' title='bbox 479 842 584 882; x_wconf 75' lang='lat' dir='ltr'>gratia</span> <span class='ocrx_word' id='word_1_94' title='bbox 594 842 646 869; x_wconf 71' lang='lat' dir='ltr'>aut</span> <span class='ocrx_word' id='word_1_95' title='bbox 653 834 721 868; x_wconf 80' lang='lat' dir='ltr'>odio</span> <span class='ocrx_word' id='word_1_96' title='bbox 735 833 860 870; x_wconf 79' lang='lat' dir='ltr'>alicujus</span> <span class='ocrx_word' id='word_1_97' title='bbox 870 828 1006 875; x_wconf 83' lang='lat' dir='ltr'>personae</span> <span class='ocrx_word' id='word_1_98' title='bbox 1028 829 1110 876; x_wconf 80' lang='lat' dir='ltr'>secus</span> <span class='ocrx_word' id='word_1_99' title='bbox 1119 834 1198 874; x_wconf 57' lang='lat' dir='ltr'>‚iudi</span> 
     </span>
     <span class='ocr_line' id='line_1_18' title="bbox 311 880 1201 929; baseline -0.004 -11"><span class='ocrx_word' id='word_1_100' title='bbox 311 896 383 927; x_wconf 86' lang='lat' dir='ltr'>cet,</span> <span class='ocrx_word' id='word_1_101' title='bbox 411 898 503 929; x_wconf 80' lang='lat' dir='ltr'>quam</span> <span class='ocrx_word' id='word_1_102' title='bbox 516 887 596 928; x_wconf 84' lang='lat' dir='ltr'>quod</span> <span class='ocrx_word' id='word_1_103' title='bbox 605 890 637 916; x_wconf 80' lang='lat' dir='ltr'>in</span> <span class='ocrx_word' id='word_1_104' title='bbox 648 881 821 921; x_wconf 57' lang='lat' dir='ltr'>Carambin</span> <span class='ocrx_word' id='word_1_105' title='bbox 829 880 923 927; x_wconf 76' lang='lat' dir='ltr'>sacris</span> <span class='ocrx_word' id='word_1_106' title='bbox 936 887 1088 915; x_wconf 69' lang='lat' dir='ltr'>Invenerit</span> <span class='ocrx_word' id='word_1_107' title='bbox 1098 905 1109 922; x_wconf 92' lang='lat'>,</span> <span class='ocrx_word' id='word_1_108' title='bbox 1147 892 1201 914; x_wconf 84' lang='lat' dir='ltr'>aut</span> 
     </span>
     <span class='ocr_line' id='line_1_19' title="bbox 315 931 1202 981; baseline -0.008 -11"><span class='ocrx_word' id='word_1_109' title='bbox 315 937 394 978; x_wconf 66' lang='lat' dir='ltr'>qaod</span> <span class='ocrx_word' id='word_1_110' title='bbox 407 938 451 970; x_wconf 84' lang='lat' dir='ltr'>illi</span> <span class='ocrx_word' id='word_1_111' title='bbox 462 935 623 981; x_wconf 67' lang='lat' dir='ltr'>secundum</span> <span class='ocrx_word' id='word_1_112' title='bbox 635 931 821 980; x_wconf 58' lang='lat' dir='ltr'>fimtffmm</span> <span class='ocrx_word' id='word_1_113' title='bbox 832 933 1055 972; x_wconf 70' lang='lat' dir='ltr'>Scripturarum</span> <span class='ocrx_word' id='word_1_114' title='bbox 1076 932 1202 966; x_wconf 69' lang='grc' dir='ltr'><em>αιιέῖονι-</em></span> 
     </span>
    </p>

    <p class='ocr_par' dir='ltr' id='par_1_7' title="bbox 306 980 1201 1378">
     <span class='ocr_line' id='line_1_20' title="bbox 317 980 1201 1032; baseline -0.006 -14"><span class='ocrx_word' id='word_1_115' title='bbox 317 987 460 1024; x_wconf 65' lang='lat' dir='ltr'>tatem&amp;</span> <span class='ocrx_word' id='word_1_116' title='bbox 474 982 733 1032; x_wconf 69' lang='lat' dir='ltr'>Ecclefiaflicm</span> <span class='ocrx_word' id='word_1_117' title='bbox 778 1018 781 1020; x_wconf 74' lang='grc'>,</span> <span class='ocrx_word' id='word_1_118' title='bbox 874 987 951 1014; x_wconf 85' lang='lat' dir='ltr'>inem</span> <span class='ocrx_word' id='word_1_119' title='bbox 972 980 1079 1016; x_wconf 68' lang='lat' dir='ltr'>ret‘lit&#39;cs</span> <span class='ocrx_word' id='word_1_120' title='bbox 1103 980 1201 1024; x_wconf 84' lang='lat' dir='ltr'>visum</span> 
     </span>
     <span class='ocr_line' id='line_1_21' title="bbox 311 1020 1200 1080; baseline -0.004 -12"><span class='ocrx_word' id='word_1_121' title='bbox 311 1036 489 1080; x_wconf 75' lang='lat' dir='ltr'>fuerit-51</span> <span class='ocrx_word' id='word_1_122' title='bbox 511 1046 575 1079; x_wconf 83' lang='lat' dir='ltr'>ergo</span> <span class='ocrx_word' id='word_1_123' title='bbox 597 1032 709 1069; x_wconf 62' lang='lat' dir='ltr'>m</span> <span class='ocrx_word' id='word_1_124' title='bbox 718 1020 771 1076; x_wconf 52' lang='grc' dir='ltr'>5θῦ</span> <span class='ocrx_word' id='word_1_125' title='bbox 819 1032 1000 1073; x_wconf 78' lang='lat' dir='ltr'>:corporibus</span> <span class='ocrx_word' id='word_1_126' title='bbox 1021 1032 1200 1066; x_wconf 81' lang='lat' dir='ltr'>medicinam</span> 
     </span>
     <span class='ocr_line' id='line_1_22' title="bbox 319 1080 1200 1128; baseline -0.006 -10"><span class='ocrx_word' id='word_1_127' title='bbox 319 1085 431 1127; x_wconf 82' lang='lat' dir='ltr'>inferre</span> <span class='ocrx_word' id='word_1_128' title='bbox 439 1097 608 1127; x_wconf 73' lang='lat' dir='ltr'>conamur,</span> <span class='ocrx_word' id='word_1_129' title='bbox 634 1089 951 1128; x_wconf 67' lang='lat' dir='ltr'>nequaquampropter</span> <span class='ocrx_word' id='word_1_130' title='bbox 959 1080 1094 1127; x_wconf 72' lang='lat' dir='ltr'>perfimae</span> <span class='ocrx_word' id='word_1_131' title='bbox 1107 1085 1200 1123; x_wconf 84' lang='lat' dir='ltr'>cujus-</span> 
     </span>
     <span class='ocr_line' id='line_1_23' title="bbox 310 1129 1201 1177; baseline -0.01 -6"><span class='ocrx_word' id='word_1_132' title='bbox 310 1135 383 1171; x_wconf 82' lang='lat' dir='ltr'>libet</span> <span class='ocrx_word' id='word_1_133' title='bbox 398 1141 623 1177; x_wconf 75' lang='lat' dir='ltr'><em>acceptationem</em></span> <span class='ocrx_word' id='word_1_134' title='bbox 635 1133 682 1166; x_wconf 86' lang='lat' dir='ltr'>bis</span> <span class='ocrx_word' id='word_1_135' title='bbox 695 1129 885 1175; x_wconf 76' lang='lat' dir='ltr'>quossaenare</span> <span class='ocrx_word' id='word_1_136' title='bbox 906 1137 1026 1176; x_wconf 83' lang='lat' dir='ltr'>cupiunt</span> <span class='ocrx_word' id='word_1_137' title='bbox 1038 1157 1048 1171; x_wconf 91' lang='lat'>,</span> <span class='ocrx_word' id='word_1_138' title='bbox 1072 1137 1201 1164; x_wconf 80' lang='lat' dir='ltr'>cauterio</span> 
     </span>
     <span class='ocr_line' id='line_1_24' title="bbox 310 1182 1200 1227; baseline -0.006 -10"><span class='ocrx_word' id='word_1_139' title='bbox 310 1195 364 1217; x_wconf 80' lang='lat' dir='ltr'>aut</span> <span class='ocrx_word' id='word_1_140' title='bbox 376 1185 481 1227; x_wconf 82' lang='lat' dir='ltr'>ferro,</span> <span class='ocrx_word' id='word_1_141' title='bbox 513 1195 565 1218; x_wconf 78' lang='lat' dir='ltr'>aut</span> <span class='ocrx_word' id='word_1_142' title='bbox 576 1186 662 1217; x_wconf 79' lang='lat' dir='ltr'>duris</span> <span class='ocrx_word' id='word_1_143' title='bbox 677 1184 746 1216; x_wconf 67' lang='lat' dir='ltr'>alm</span> <span class='ocrx_word' id='word_1_144' title='bbox 760 1182 946 1224; x_wconf 65' lang='lat' dir='ltr'>quibuslibet</span> <span class='ocrx_word' id='word_1_145' title='bbox 960 1183 1048 1215; x_wconf 82' lang='lat' dir='ltr'>rebus</span> <span class='ocrx_word' id='word_1_146' title='bbox 1058 1189 1200 1222; x_wconf 82' lang='lat' dir='ltr'>parcunt,</span> 
     </span>
     <span class='ocr_line' id='line_1_25' title="bbox 310 1227 1199 1278; baseline -0.003 -11"><span class='ocrx_word' id='word_1_147' title='bbox 310 1237 401 1270; x_wconf 67' lang='lat' dir='ltr'>multo</span> <span class='ocrx_word' id='word_1_148' title='bbox 413 1241 508 1278; x_wconf 84' lang='lat' dir='ltr'>magis</span> <span class='ocrx_word' id='word_1_149' title='bbox 523 1235 570 1266; x_wconf 83' lang='lat' dir='ltr'>his</span> <span class='ocrx_word' id='word_1_150' title='bbox 582 1227 802 1275; x_wconf 72' lang='lat' dir='ltr'>observandum</span> <span class='ocrx_word' id='word_1_151' title='bbox 814 1231 874 1273; x_wconf 80' lang='lat' dir='ltr'>est,</span> <span class='ocrx_word' id='word_1_152' title='bbox 901 1237 953 1275; x_wconf 81' lang='lat' dir='ltr'>qui</span> <span class='ocrx_word' id='word_1_153' title='bbox 965 1241 1021 1263; x_wconf 85' lang='lat' dir='ltr'>non</span> <span class='ocrx_word' id='word_1_154' title='bbox 1031 1239 1199 1274; x_wconf 82' lang='lat' dir='ltr'>corporum,</span> 
     </span>
     <span class='ocr_line' id='line_1_26' title="bbox 306 1280 1198 1330; baseline -0.002 -13"><span class='ocrx_word' id='word_1_155' title='bbox 306 1284 363 1330; x_wconf 78' lang='lat' dir='ltr'>sed</span> <span class='ocrx_word' id='word_1_156' title='bbox 373 1290 544 1319; x_wconf 76' lang='lat' dir='ltr'>animarum</span> <span class='ocrx_word' id='word_1_157' title='bbox 556 1286 663 1317; x_wconf 80' lang='lat' dir='ltr'>Medici</span> <span class='ocrx_word' id='word_1_158' title='bbox 674 1281 819 1321; x_wconf 60' lang='lat' dir='ltr'>exilium</span> <span class='ocrx_word' id='word_1_159' title='bbox 847 1283 967 1317; x_wconf 83' lang='lat' dir='ltr'>Facere</span> <span class='ocrx_word' id='word_1_160' title='bbox 989 1280 1109 1315; x_wconf 83' lang='lat' dir='ltr'>debent</span> <span class='ocrx_word' id='word_1_161' title='bbox 1131 1293 1198 1315; x_wconf 90' lang='lat' dir='ltr'>non</span> 
     </span>
     <span class='ocr_line' id='line_1_27' title="bbox 310 1329 1199 1378; baseline -0.006 -9"><span class='ocrx_word' id='word_1_162' title='bbox 310 1336 433 1377; x_wconf 79' lang='lat' dir='ltr'>semper</span> <span class='ocrx_word' id='word_1_163' title='bbox 443 1334 531 1378; x_wconf 85' lang='lat' dir='ltr'>quod</span> <span class='ocrx_word' id='word_1_164' title='bbox 545 1334 589 1367; x_wconf 87' lang='lat' dir='ltr'>est</span> <span class='ocrx_word' id='word_1_165' title='bbox 603 1333 706 1368; x_wconf 88' lang='lat' dir='ltr'>tutius</span> <span class='ocrx_word' id='word_1_166' title='bbox 719 1355 728 1371; x_wconf 93' lang='lat'>,</span> <span class='ocrx_word' id='word_1_167' title='bbox 756 1331 808 1365; x_wconf 89' lang='lat' dir='ltr'>sed</span> <span class='ocrx_word' id='word_1_168' title='bbox 823 1331 911 1375; x_wconf 85' lang='lat' dir='ltr'>quod</span> <span class='ocrx_word' id='word_1_169' title='bbox 936 1329 1112 1366; x_wconf 75' lang='lat' dir='ltr'>secundum</span> <span class='ocrx_word' id='word_1_170' title='bbox 1140 1332 1199 1364; x_wconf 90' lang='lat' dir='ltr'>Di-</span> 
     </span>
    </p>

    <p class='ocr_par' dir='ltr' id='par_1_8' title="bbox 310 1380 1199 1424">
     <span class='ocr_line' id='line_1_28' title="bbox 310 1380 1199 1424; baseline 0 -9"><span class='ocrx_word' id='word_1_171' title='bbox 310 1385 404 1418; x_wconf 86' lang='lat' dir='ltr'>vinas</span> <span class='ocrx_word' id='word_1_172' title='bbox 426 1384 569 1424; x_wconf 80' lang='lat' dir='ltr'>litteras,</span> <span class='ocrx_word' id='word_1_173' title='bbox 596 1382 700 1417; x_wconf 87' lang='lat' dir='ltr'>sacros</span> <span class='ocrx_word' id='word_1_174' title='bbox 720 1381 875 1417; x_wconf 81' lang='lat' dir='ltr'>canones</span> <span class='ocrx_word' id='word_1_175' title='bbox 893 1407 903 1423; x_wconf 93' lang='lat'>,</span> <span class='ocrx_word' id='word_1_176' title='bbox 942 1393 980 1415; x_wconf 88' lang='lat' dir='ltr'>ac</span> <span class='ocrx_word' id='word_1_177' title='bbox 1005 1380 1199 1416; x_wconf 84' lang='lat' dir='ltr'>Ecclefiasti-</span> 
     </span>
    </p>

    <p class='ocr_par' dir='ltr' id='par_1_9' title="bbox 311 1431 1201 1574">
     <span class='ocr_line' id='line_1_29' title="bbox 311 1431 1199 1476; baseline -0.002 -8"><span class='ocrx_word' id='word_1_178' title='bbox 311 1446 384 1470; x_wconf 83' lang='lat' dir='ltr'>cam</span> <span class='ocrx_word' id='word_1_179' title='bbox 426 1431 696 1471; x_wconf 81' lang='lat' dir='ltr'>consuetudinem</span> <span class='ocrx_word' id='word_1_180' title='bbox 719 1442 849 1476; x_wconf 86' lang='lat' dir='ltr'>apparet</span> <span class='ocrx_word' id='word_1_181' title='bbox 889 1433 1020 1465; x_wconf 66' lang='lat' dir='ltr'>rectius.</span> <span class='ocrx_word' id='word_1_182' title='bbox 1052 1431 1199 1466; x_wconf 81' lang='lat' dir='ltr'>Eandem</span> 
     </span>
     <span class='ocr_line' id='line_1_30' title="bbox 312 1481 1201 1529; baseline -0.002 -11"><span class='ocrx_word' id='word_1_183' title='bbox 312 1484 479 1529; x_wconf 78' lang='lat' dir='ltr'>Regulam</span> <span class='ocrx_word' id='word_1_184' title='bbox 504 1482 615 1527; x_wconf 78' lang='lat' dir='ltr'>probat</span> <span class='ocrx_word' id='word_1_185' title='bbox 648 1484 679 1515; x_wconf 87' lang='lat' dir='ltr'>in</span> <span class='ocrx_word' id='word_1_186' title='bbox 710 1483 856 1515; x_wconf 84' lang='lat' dir='ltr'>Secunda</span> <span class='ocrx_word' id='word_1_187' title='bbox 888 1481 1043 1517; x_wconf 72' lang='lat' dir='ltr'>Secundae</span> <span class='ocrx_word' id='word_1_188' title='bbox 1078 1482 1201 1516; x_wconf 68' lang='lat' dir='ltr'>sanstus</span> 
     </span>
     <span class='ocr_line' id='line_1_31' title="bbox 312 1531 1197 1574; baseline -0.003 -7"><span class='ocrx_word' id='word_1_189' title='bbox 312 1535 467 1568; x_wconf 80' lang='lat' dir='ltr'>Thomas</span> <span class='ocrx_word' id='word_1_190' title='bbox 482 1548 493 1568; x_wconf 91' lang='lat'>.·</span> <span class='ocrx_word' id='word_1_191' title='bbox 522 1535 612 1566; x_wconf 74' lang='lat' dir='ltr'>Aliud</span> <span class='ocrx_word' id='word_1_192' title='bbox 625 1533 808 1574; x_wconf 78' lang='lat' dir='ltr'>cstjudicare</span> <span class='ocrx_word' id='word_1_193' title='bbox 819 1534 854 1565; x_wconf 88' lang='lat' dir='ltr'>de</span> <span class='ocrx_word' id='word_1_194' title='bbox 863 1531 947 1564; x_wconf 81' lang='lat' dir='ltr'>rebus</span> <span class='ocrx_word' id='word_1_195' title='bbox 963 1556 973 1573; x_wconf 83' lang='lat'><em>,</em></span> <span class='ocrx_word' id='word_1_196' title='bbox 999 1533 1084 1566; x_wconf 82' lang='lat' dir='ltr'>aliud</span> <span class='ocrx_word' id='word_1_197' title='bbox 1094 1533 1131 1565; x_wconf 86' lang='lat' dir='ltr'>de</span> <span class='ocrx_word' id='word_1_198' title='bbox 1144 1531 1197 1564; x_wconf 88' lang='lat' dir='ltr'>ho-</span> 
     </span>
    </p>

    <p class='ocr_par' dir='ltr' id='par_1_10' title="bbox 313 1582 1200 1625">
     <span class='ocr_line' id='line_1_32' title="bbox 313 1582 1200 1625; baseline -0.002 -8"><span class='ocrx_word' id='word_1_199' title='bbox 313 1585 443 1619; x_wconf 79' lang='lat' dir='ltr'>minibus</span> <span class='ocrx_word' id='word_1_200' title='bbox 456 1610 463 1616; x_wconf 92' lang='lat'><strong><em>.</em></strong></span> <span class='ocrx_word' id='word_1_201' title='bbox 492 1587 528 1616; x_wconf 87' lang='lat' dir='ltr'>In</span> <span class='ocrx_word' id='word_1_202' title='bbox 537 1587 649 1625; x_wconf 77' lang='lat' dir='ltr'>judicio</span> <span class='ocrx_word' id='word_1_203' title='bbox 660 1589 741 1616; x_wconf 83' lang='lat' dir='ltr'>enim</span> <span class='ocrx_word' id='word_1_204' title='bbox 753 1607 762 1623; x_wconf 88' lang='lat'>,</span> <span class='ocrx_word' id='word_1_205' title='bbox 791 1588 821 1615; x_wconf 85' lang='lat' dir='ltr'>in</span> <span class='ocrx_word' id='word_1_206' title='bbox 833 1594 889 1625; x_wconf 86' lang='lat' dir='ltr'>quo</span> <span class='ocrx_word' id='word_1_207' title='bbox 911 1584 948 1617; x_wconf 69' lang='lat' dir='ltr'>de</span> <span class='ocrx_word' id='word_1_208' title='bbox 970 1582 1057 1617; x_wconf 74' lang='lat' dir='ltr'>rebus</span> <span class='ocrx_word' id='word_1_209' title='bbox 1072 1584 1200 1621; x_wconf 73' lang='lat' dir='ltr'>judica-</span> 
     </span>
    </p>
   </div>
   <div class='ocr_carea' id='block_1_7' title="bbox 713 1006 873 1077">
    <p class='ocr_par' dir='ltr' id='par_1_11' title="bbox 713 1006 873 1077">
     <span class='ocr_line' id='line_1_33' title="bbox 713 1006 873 1077; baseline 0 -69"><span class='ocrx_word' id='word_1_210' title='bbox 713 1006 873 1077; x_wconf 95' lang='lat' dir='ltr'>   </span> 
     </span>
    </p>
   </div>
   <div class='ocr_carea' id='block_1_8' title="bbox 311 1633 1231 3488">
    <p class='ocr_par' dir='ltr' id='par_1_12' title="bbox 311 1633 1210 2823">
     <span class='ocr_line' id='line_1_34' title="bbox 313 1633 1200 1674; baseline -0.003 -7"><span class='ocrx_word' id='word_1_211' title='bbox 313 1647 380 1668; x_wconf 84' lang='lat' dir='ltr'>mus</span> <span class='ocrx_word' id='word_1_212' title='bbox 407 1658 416 1673; x_wconf 90' lang='lat'>‚</span> <span class='ocrx_word' id='word_1_213' title='bbox 445 1646 501 1668; x_wconf 86' lang='lat' dir='ltr'>non</span> <span class='ocrx_word' id='word_1_214' title='bbox 540 1636 710 1668; x_wconf 76' lang='lat' dir='ltr'>attenditur</span> <span class='ocrx_word' id='word_1_215' title='bbox 731 1633 835 1666; x_wconf 86' lang='lat' dir='ltr'>bonum</span> <span class='ocrx_word' id='word_1_216' title='bbox 857 1633 910 1667; x_wconf 83' lang='lat' dir='ltr'>vel</span> <span class='ocrx_word' id='word_1_217' title='bbox 926 1634 1037 1666; x_wconf 77' lang='lat' dir='ltr'><em>malum</em></span> <span class='ocrx_word' id='word_1_218' title='bbox 1048 1643 1086 1667; x_wconf 68' lang='lat' dir='ltr'>ex</span> <span class='ocrx_word' id='word_1_219' title='bbox 1110 1641 1200 1674; x_wconf 82' lang='lat' dir='ltr'>parre</span> 
     </span>
     <span class='ocr_line' id='line_1_35' title="bbox 312 1682 1201 1726; baseline -0.005 -8"><span class='ocrx_word' id='word_1_220' title='bbox 312 1684 401 1726; x_wconf 64' lang='lat' dir='ltr'>&gt;ipfius</span> <span class='ocrx_word' id='word_1_221' title='bbox 413 1691 477 1724; x_wconf 77' lang='lat' dir='ltr'>rel,</span> <span class='ocrx_word' id='word_1_222' title='bbox 502 1686 539 1716; x_wconf 85' lang='lat' dir='ltr'>de</span> <span class='ocrx_word' id='word_1_223' title='bbox 550 1697 608 1726; x_wconf 84' lang='lat' dir='ltr'>qua</span> <span class='ocrx_word' id='word_1_224' title='bbox 611 1685 804 1725; x_wconf 75' lang='lat' dir='ltr'>judicamus,</span> <span class='ocrx_word' id='word_1_225' title='bbox 832 1690 877 1717; x_wconf 77' lang='lat' dir='ltr'>cui</span> <span class='ocrx_word' id='word_1_226' title='bbox 901 1682 981 1716; x_wconf 78' lang='lat' dir='ltr'>nihil</span> <span class='ocrx_word' id='word_1_227' title='bbox 1004 1693 1087 1716; x_wconf 80' lang='lat' dir='ltr'>nocet</span> <span class='ocrx_word' id='word_1_228' title='bbox 1107 1684 1201 1724; x_wconf 83' lang='lat' dir='ltr'>quali·</span> 
     </span>
     <span class='ocr_line' id='line_1_36' title="bbox 316 1731 1200 1776; baseline -0.003 -8"><span class='ocrx_word' id='word_1_229' title='bbox 316 1745 482 1776; x_wconf 73' lang='lat' dir='ltr'>tersumque</span> <span class='ocrx_word' id='word_1_230' title='bbox 489 1736 656 1775; x_wconf 80' lang='lat' dir='ltr'>judicemus</span> <span class='ocrx_word' id='word_1_231' title='bbox 670 1735 706 1768; x_wconf 83' lang='lat' dir='ltr'>de</span> <span class='ocrx_word' id='word_1_232' title='bbox 728 1732 792 1776; x_wconf 71' lang='lat' dir='ltr'>ipsa</span> <span class='ocrx_word' id='word_1_233' title='bbox 807 1758 815 1772; x_wconf 95' lang='lat'>‚</span> <span class='ocrx_word' id='word_1_234' title='bbox 838 1732 892 1776; x_wconf 85' lang='lat' dir='ltr'>sed</span> <span class='ocrx_word' id='word_1_235' title='bbox 903 1735 1073 1767; x_wconf 83' lang='lat' dir='ltr'>attenditur</span> <span class='ocrx_word' id='word_1_236' title='bbox 1093 1734 1134 1765; x_wconf 80' lang='lat' dir='ltr'>ibi</span> <span class='ocrx_word' id='word_1_237' title='bbox 1154 1731 1200 1776; x_wconf 91' lang='lat' dir='ltr'>so·</span> 
     </span>
     <span class='ocr_line' id='line_1_37' title="bbox 318 1784 1201 1826; baseline -0.005 -8"><span class='ocrx_word' id='word_1_238' title='bbox 318 1787 378 1818; x_wconf 88' lang='lat' dir='ltr'>lum</span> <span class='ocrx_word' id='word_1_239' title='bbox 393 1784 676 1825; x_wconf 75' lang='lat' dir='ltr'>bonumjudicantis</span> <span class='ocrx_word' id='word_1_240' title='bbox 691 1808 700 1823; x_wconf 90' lang='lat'>,</span> <span class='ocrx_word' id='word_1_241' title='bbox 719 1784 948 1826; x_wconf 63' lang='lat' dir='ltr'>fivere‘jiidlcet</span> <span class='ocrx_word' id='word_1_242' title='bbox 967 1796 976 1825; x_wconf 88' lang='grc'>;</span> <span class='ocrx_word' id='word_1_243' title='bbox 1004 1785 1057 1818; x_wconf 76' lang='lat' dir='ltr'>vel</span> <span class='ocrx_word' id='word_1_244' title='bbox 1066 1784 1178 1816; x_wconf 80' lang='lat' dir='ltr'>malum</span> <span class='ocrx_word' id='word_1_245' title='bbox 1192 1806 1201 1822; x_wconf 93' lang='lat'><strong>,</strong></span> 
     </span>
     <span class='ocr_line' id='line_1_38' title="bbox 311 1832 1202 1878; baseline -0.001 -12"><span class='ocrx_word' id='word_1_246' title='bbox 311 1835 446 1878; x_wconf 76' lang='lat' dir='ltr'>fifalso.</span> <span class='ocrx_word' id='word_1_247' title='bbox 476 1838 557 1878; x_wconf 67' lang='lat' dir='ltr'>,Quia</span> <span class='ocrx_word' id='word_1_248' title='bbox 569 1846 673 1868; x_wconf 78' lang='lat' dir='ltr'>verum</span> <span class='ocrx_word' id='word_1_249' title='bbox 687 1836 723 1875; x_wconf 79' lang='lat' dir='ltr'>est</span> <span class='ocrx_word' id='word_1_250' title='bbox 750 1834 855 1866; x_wconf 69' lang='lat' dir='ltr'>bonum</span> <span class='ocrx_word' id='word_1_251' title='bbox 876 1834 1038 1867; x_wconf 56' lang='lat' dir='ltr'>intelli-&amp;us</span> <span class='ocrx_word' id='word_1_252' title='bbox 1052 1857 1061 1872; x_wconf 89' lang='lat'>,</span> <span class='ocrx_word' id='word_1_253' title='bbox 1082 1832 1202 1875; x_wconf 81' lang='lat' dir='ltr'>falsum</span> 
     </span>
     <span class='ocr_line' id='line_1_39' title="bbox 317 1882 1201 1927; baseline -0.001 -10"><span class='ocrx_word' id='word_1_254' title='bbox 317 1895 415 1918; x_wconf 79' lang='lat' dir='ltr'>autem</span> <span class='ocrx_word' id='word_1_255' title='bbox 429 1885 465 1923; x_wconf 83' lang='lat' dir='ltr'>est</span> <span class='ocrx_word' id='word_1_256' title='bbox 477 1886 587 1917; x_wconf 82' lang='lat' dir='ltr'>malum</span> <span class='ocrx_word' id='word_1_257' title='bbox 604 1884 709 1925; x_wconf 84' lang='lat' dir='ltr'>ipfius.</span> <span class='ocrx_word' id='word_1_258' title='bbox 740 1888 783 1916; x_wconf 81' lang='lat' dir='ltr'>Et</span> <span class='ocrx_word' id='word_1_259' title='bbox 807 1887 872 1917; x_wconf 74' lang='lat' dir='ltr'>ideo</span> <span class='ocrx_word' id='word_1_260' title='bbox 895 1882 1093 1927; x_wconf 77' lang='lat' dir='ltr'><em>unusquisque</em></span> <span class='ocrx_word' id='word_1_261' title='bbox 1115 1882 1201 1916; x_wconf 80' lang='lat' dir='ltr'>deber</span> 
     </span>
     <span class='ocr_line' id='line_1_40' title="bbox 316 1934 1205 1978; baseline -0.001 -12"><span class='ocrx_word' id='word_1_262' title='bbox 316 1937 429 1967; x_wconf 77' lang='lat' dir='ltr'>nitiad</span> <span class='ocrx_word' id='word_1_263' title='bbox 450 1935 522 1974; x_wconf 81' lang='lat' dir='ltr'>hoc,</span> <span class='ocrx_word' id='word_1_264' title='bbox 548 1937 626 1976; x_wconf 81' lang='lat' dir='ltr'>quod</span> <span class='ocrx_word' id='word_1_265' title='bbox 641 1936 677 1967; x_wconf 84' lang='lat' dir='ltr'>de</span> <span class='ocrx_word' id='word_1_266' title='bbox 698 1935 782 1967; x_wconf 82' lang='lat' dir='ltr'>rebus</span> <span class='ocrx_word' id='word_1_267' title='bbox 801 1936 920 1975; x_wconf 77' lang='lat' dir='ltr'>judicat</span> <span class='ocrx_word' id='word_1_268' title='bbox 938 1934 1100 1978; x_wconf 81' lang='lat' dir='ltr'>seeundum</span> <span class='ocrx_word' id='word_1_269' title='bbox 1125 1934 1205 1976; x_wconf 82' lang='lat' dir='ltr'>quod</span> 
     </span>
     <span class='ocr_line' id='line_1_41' title="bbox 311 1983 1203 2030; baseline 0 -13"><span class='ocrx_word' id='word_1_270' title='bbox 311 1983 404 2030; x_wconf 81' lang='lat' dir='ltr'>sum.</span> <span class='ocrx_word' id='word_1_271' title='bbox 436 1985 625 2027; x_wconf 80' lang='lat' dir='ltr'>UtJudrcet</span> <span class='ocrx_word' id='word_1_272' title='bbox 637 1985 725 2030; x_wconf 86' lang='lat' dir='ltr'>quod</span> <span class='ocrx_word' id='word_1_273' title='bbox 750 1985 784 2018; x_wconf 79' lang='lat' dir='ltr'>sit</span> <span class='ocrx_word' id='word_1_274' title='bbox 809 1986 931 2025; x_wconf 81' lang='lat' dir='ltr'>verius,</span> <span class='ocrx_word' id='word_1_275' title='bbox 959 1997 1026 2018; x_wconf 89' lang='lat' dir='ltr'>non</span> <span class='ocrx_word' id='word_1_276' title='bbox 1050 1984 1140 2028; x_wconf 87' lang='lat' dir='ltr'>quod</span> <span class='ocrx_word' id='word_1_277' title='bbox 1156 1995 1203 2017; x_wconf 87' lang='lat' dir='ltr'>tu-</span> 
     </span>
     <span class='ocr_line' id='line_1_42' title="bbox 315 2034 1198 2078; baseline -0.002 -11"><span class='ocrx_word' id='word_1_278' title='bbox 315 2036 401 2068; x_wconf 86' lang='lat' dir='ltr'>tius.</span> <span class='ocrx_word' id='word_1_279' title='bbox 430 2035 641 2068; x_wconf 82' lang='lat' dir='ltr'>Adulterinas</span> <span class='ocrx_word' id='word_1_280' title='bbox 678 2035 809 2078; x_wconf 84' lang='lat' dir='ltr'>nuptias</span> <span class='ocrx_word' id='word_1_281' title='bbox 845 2035 967 2069; x_wconf 88' lang='lat' dir='ltr'>solvere</span> <span class='ocrx_word' id='word_1_282' title='bbox 1000 2045 1068 2068; x_wconf 89' lang='lat' dir='ltr'>erat</span> <span class='ocrx_word' id='word_1_283' title='bbox 1095 2034 1198 2066; x_wconf 79' lang='lat' dir='ltr'>tutius</span> 
     </span>
     <span class='ocr_line' id='line_1_43' title="bbox 315 2083 1204 2128; baseline -0.001 -11"><span class='ocrx_word' id='word_1_284' title='bbox 315 2095 413 2128; x_wconf 85' lang='lat' dir='ltr'>quam</span> <span class='ocrx_word' id='word_1_285' title='bbox 427 2095 494 2120; x_wconf 89' lang='lat' dir='ltr'>non</span> <span class='ocrx_word' id='word_1_286' title='bbox 509 2085 647 2117; x_wconf 86' lang='lat' dir='ltr'>solvere:</span> <span class='ocrx_word' id='word_1_287' title='bbox 675 2085 707 2117; x_wconf 74' lang='grc' dir='ltr'>ὅ(</span> <span class='ocrx_word' id='word_1_288' title='bbox 730 2095 838 2117; x_wconf 87' lang='lat' dir='ltr'>tamen</span> <span class='ocrx_word' id='word_1_289' title='bbox 863 2085 968 2127; x_wconf 82' lang='lat' dir='ltr'>plures</span> <span class='ocrx_word' id='word_1_290' title='bbox 991 2096 1071 2118; x_wconf 91' lang='lat' dir='ltr'>tunc</span> <span class='ocrx_word' id='word_1_291' title='bbox 1094 2083 1204 2116; x_wconf 77' lang='lat' dir='ltr'>Patres</span> 
     </span>
     <span class='ocr_line' id='line_1_44' title="bbox 317 2134 1203 2169; baseline -0.005 -1"><span class='ocrx_word' id='word_1_292' title='bbox 317 2134 511 2168; x_wconf 88' lang='lat' dir='ltr'>censuerunt</span> <span class='ocrx_word' id='word_1_293' title='bbox 533 2146 599 2167; x_wconf 85' lang='lat' dir='ltr'>uon</span> <span class='ocrx_word' id='word_1_294' title='bbox 628 2136 689 2167; x_wconf 80' lang='lat' dir='ltr'>esse</span> <span class='ocrx_word' id='word_1_295' title='bbox 716 2135 884 2169; x_wconf 82' lang='lat' dir='ltr'>solvendas</span> <span class='ocrx_word' id='word_1_296' title='bbox 911 2159 918 2167; x_wconf 91' lang='lat'><em>.</em></span> <span class='ocrx_word' id='word_1_297' title='bbox 947 2135 1057 2168; x_wconf 83' lang='lat' dir='ltr'>Etiam</span> <span class='ocrx_word' id='word_1_298' title='bbox 1083 2135 1203 2165; x_wconf 65' lang='lat' dir='ltr'>saneius</span> 
     </span>
     <span class='ocr_line' id='line_1_45' title="bbox 318 2181 1202 2228; baseline -0.005 -10"><span class='ocrx_word' id='word_1_299' title='bbox 318 2183 547 2226; x_wconf 80' lang='lat' dir='ltr'>Augustinus,</span> <span class='ocrx_word' id='word_1_300' title='bbox 575 2183 649 2217; x_wconf 87' lang='lat' dir='ltr'>licet</span> <span class='ocrx_word' id='word_1_301' title='bbox 662 2186 745 2227; x_wconf 86' lang='lat' dir='ltr'>apud</span> <span class='ocrx_word' id='word_1_302' title='bbox 764 2186 793 2218; x_wconf 87' lang='lat' dir='ltr'>se</span> <span class='ocrx_word' id='word_1_303' title='bbox 807 2185 937 2219; x_wconf 79' lang='lat' dir='ltr'>sentiret</span> <span class='ocrx_word' id='word_1_304' title='bbox 952 2183 1039 2228; x_wconf 73' lang='lat' dir='ltr'>posse</span> <span class='ocrx_word' id='word_1_305' title='bbox 1048 2194 1086 2216; x_wconf 87' lang='lat' dir='ltr'>ac</span> <span class='ocrx_word' id='word_1_306' title='bbox 1103 2181 1202 2215; x_wconf 87' lang='lat' dir='ltr'>debe-</span> 
     </span>
     <span class='ocr_line' id='line_1_46' title="bbox 317 2232 1204 2278; baseline -0.006 -10"><span class='ocrx_word' id='word_1_307' title='bbox 317 2245 352 2268; x_wconf 83' lang='lat' dir='ltr'>re</span> <span class='ocrx_word' id='word_1_308' title='bbox 365 2234 469 2274; x_wconf 86' lang='lat' dir='ltr'>solvi,</span> <span class='ocrx_word' id='word_1_309' title='bbox 499 2235 715 2277; x_wconf 84' lang='lat' dir='ltr'>permifitnon</span> <span class='ocrx_word' id='word_1_310' title='bbox 730 2235 835 2274; x_wconf 87' lang='lat' dir='ltr'>solvi,</span> <span class='ocrx_word' id='word_1_311' title='bbox 861 2235 936 2278; x_wconf 84' lang='lat' dir='ltr'>quia</span> <span class='ocrx_word' id='word_1_312' title='bbox 962 2233 1119 2276; x_wconf 77' lang='lat' dir='ltr'>judicavit</span> <span class='ocrx_word' id='word_1_313' title='bbox 1142 2232 1204 2264; x_wconf 80' lang='lat' dir='ltr'>effe</span> 
     </span>
     <span class='ocr_line' id='line_1_47' title="bbox 319 2282 1204 2328; baseline -0.005 -10"><span class='ocrx_word' id='word_1_314' title='bbox 319 2283 457 2318; x_wconf 66' lang='lat' dir='ltr'>rectius</span> <span class='ocrx_word' id='word_1_315' title='bbox 450 2295 540 2325; x_wconf 77' lang='lat' dir='ltr'>Juxta</span> <span class='ocrx_word' id='word_1_316' title='bbox 554 2286 717 2328; x_wconf 79' lang='lat' dir='ltr'>vigentem</span> <span class='ocrx_word' id='word_1_317' title='bbox 732 2296 812 2319; x_wconf 89' lang='lat' dir='ltr'>tunc</span> <span class='ocrx_word' id='word_1_318' title='bbox 828 2284 974 2319; x_wconf 78' lang='lat' dir='ltr'>Eccleliae</span> <span class='ocrx_word' id='word_1_319' title='bbox 996 2282 1204 2317; x_wconf 88' lang='lat' dir='ltr'>consuetudi-</span> 
     </span>
     <span class='ocr_line' id='line_1_48' title="bbox 320 2333 1204 2378; baseline -0.005 -10"><span class='ocrx_word' id='word_1_320' title='bbox 320 2346 417 2369; x_wconf 83' lang='lat' dir='ltr'>nem.</span> <span class='ocrx_word' id='word_1_321' title='bbox 441 2333 720 2375; x_wconf 68' lang='lat' dir='ltr'>Relictoturiori,</span> <span class='ocrx_word' id='word_1_322' title='bbox 748 2345 855 2368; x_wconf 90' lang='lat' dir='ltr'>tutum</span> <span class='ocrx_word' id='word_1_323' title='bbox 871 2333 1030 2378; x_wconf 74' lang='lat' dir='ltr'>permisit.</span> <span class='ocrx_word' id='word_1_324' title='bbox 1059 2333 1114 2366; x_wconf 88' lang='lat' dir='ltr'>Ob</span> <span class='ocrx_word' id='word_1_325' title='bbox 1139 2333 1204 2364; x_wconf 88' lang='lat' dir='ltr'>sen·</span> 
     </span>
     <span class='ocr_line' id='line_1_49' title="bbox 320 2382 1208 2426; baseline -0.002 -10"><span class='ocrx_word' id='word_1_326' title='bbox 320 2384 457 2417; x_wconf 81' lang='lat' dir='ltr'>tentiam</span> <span class='ocrx_word' id='word_1_327' title='bbox 474 2384 694 2426; x_wconf 79' lang='lat' dir='ltr'>probabilem</span> <span class='ocrx_word' id='word_1_328' title='bbox 723 2386 803 2418; x_wconf 76' lang='lat' dir='ltr'>Haec</span> <span class='ocrx_word' id='word_1_329' title='bbox 818 2385 892 2418; x_wconf 81' lang='lat' dir='ltr'>licet</span> <span class='ocrx_word' id='word_1_330' title='bbox 909 2396 974 2417; x_wconf 90' lang='lat' dir='ltr'>non</span> <span class='ocrx_word' id='word_1_331' title='bbox 988 2383 1028 2417; x_wconf 86' lang='lat' dir='ltr'>ab</span> <span class='ocrx_word' id='word_1_332' title='bbox 1050 2382 1208 2416; x_wconf 86' lang='lat' dir='ltr'>omnive·</span> 
     </span>
     <span class='ocr_line' id='line_1_50' title="bbox 319 2433 1205 2476; baseline -0.003 -9"><span class='ocrx_word' id='word_1_333' title='bbox 319 2434 397 2467; x_wconf 88' lang='lat' dir='ltr'>niali</span> <span class='ocrx_word' id='word_1_334' title='bbox 419 2435 655 2476; x_wconf 86' lang='lat' dir='ltr'>cespitatione,</span> <span class='ocrx_word' id='word_1_335' title='bbox 682 2445 791 2468; x_wconf 86' lang='lat' dir='ltr'>tamen</span> <span class='ocrx_word' id='word_1_336' title='bbox 806 2434 847 2468; x_wconf 87' lang='lat' dir='ltr'>ab</span> <span class='ocrx_word' id='word_1_337' title='bbox 860 2436 951 2468; x_wconf 89' lang='lat' dir='ltr'>omni</span> <span class='ocrx_word' id='word_1_338' title='bbox 967 2434 1097 2468; x_wconf 75' lang='lat' dir='ltr'>mortali</span> <span class='ocrx_word' id='word_1_339' title='bbox 1122 2433 1205 2474; x_wconf 82' lang='lat' dir='ltr'>lapsu</span> 
     </span>
     <span class='ocr_line' id='line_1_51' title="bbox 320 2483 1208 2529; baseline -0.001 -14"><span class='ocrx_word' id='word_1_340' title='bbox 320 2484 365 2516; x_wconf 85' lang='lat' dir='ltr'>est</span> <span class='ocrx_word' id='word_1_341' title='bbox 387 2495 500 2517; x_wconf 82' lang='lat' dir='ltr'>tutaac</span> <span class='ocrx_word' id='word_1_342' title='bbox 524 2487 653 2518; x_wconf 79' lang='lat' dir='ltr'>secura</span> <span class='ocrx_word' id='word_1_343' title='bbox 679 2484 772 2519; x_wconf 88' lang='lat' dir='ltr'>Hinc</span> <span class='ocrx_word' id='word_1_344' title='bbox 794 2486 846 2529; x_wconf 87' lang='lat' dir='ltr'>qui</span> <span class='ocrx_word' id='word_1_345' title='bbox 877 2486 909 2518; x_wconf 87' lang='lat' dir='ltr'>in</span> <span class='ocrx_word' id='word_1_346' title='bbox 935 2486 1042 2527; x_wconf 72' lang='lat' dir='ltr'>ipsa]</span> <span class='ocrx_word' id='word_1_347' title='bbox 1023 2483 1208 2526; x_wconf 79' lang='lat' dir='ltr'>simpliciter</span> 
     </span>
     <span class='ocr_line' id='line_1_52' title="bbox 322 2533 1207 2575; baseline -0.001 -8"><span class='ocrx_word' id='word_1_348' title='bbox 322 2533 487 2572; x_wconf 82' lang='lat' dir='ltr'>ambulat,</span> <span class='ocrx_word' id='word_1_349' title='bbox 514 2536 657 2570; x_wconf 82' lang='lat' dir='ltr'>ambulat</span> <span class='ocrx_word' id='word_1_350' title='bbox 681 2535 905 2575; x_wconf 74' lang='lat' dir='ltr'>confidenter,</span> <span class='ocrx_word' id='word_1_351' title='bbox 932 2538 1057 2569; x_wconf 81' lang='lat' dir='ltr'>securus</span> <span class='ocrx_word' id='word_1_352' title='bbox 1078 2534 1118 2566; x_wconf 87' lang='lat' dir='ltr'>de</span> <span class='ocrx_word' id='word_1_353' title='bbox 1145 2533 1207 2566; x_wconf 86' lang='lat' dir='ltr'>vita</span> 
     </span>
     <span class='ocr_line' id='line_1_53' title="bbox 324 2582 1209 2628; baseline -0.001 -12"><span class='ocrx_word' id='word_1_354' title='bbox 324 2593 461 2616; x_wconf 25' lang='lat' dir='ltr'>aeterffna</span> <span class='ocrx_word' id='word_1_355' title='bbox 489 2585 632 2616; x_wconf 87' lang='lat' dir='ltr'>Omnem</span> <span class='ocrx_word' id='word_1_356' title='bbox 671 2586 916 2627; x_wconf 81' lang='lat' dir='ltr'>cespitationetn</span> <span class='ocrx_word' id='word_1_357' title='bbox 952 2586 1024 2628; x_wconf 90' lang='lat' dir='ltr'>quis</span> <span class='ocrx_word' id='word_1_358' title='bbox 1053 2584 1085 2618; x_wconf 92' lang='lat' dir='ltr'>in</span> <span class='ocrx_word' id='word_1_359' title='bbox 1115 2582 1209 2625; x_wconf 83' lang='lat' dir='ltr'>hujus</span> 
     </span>
     <span class='ocr_line' id='line_1_54' title="bbox 325 2632 1209 2677; baseline 0 -11"><span class='ocrx_word' id='word_1_360' title='bbox 325 2632 441 2666; x_wconf 89' lang='lat' dir='ltr'>mundi</span> <span class='ocrx_word' id='word_1_361' title='bbox 458 2633 598 2667; x_wconf 86' lang='lat' dir='ltr'>tenebris</span> <span class='ocrx_word' id='word_1_362' title='bbox 612 2634 877 2669; x_wconf 76' lang='lat' dir='ltr'>valeatevadere?</span> <span class='ocrx_word' id='word_1_363' title='bbox 907 2636 979 2669; x_wconf 87' lang='lat' dir='ltr'>Nec</span> <span class='ocrx_word' id='word_1_364' title='bbox 1001 2633 1209 2677; x_wconf 73' lang='lat' dir='ltr'>justiffimus,</span> 
     </span>
     <span class='ocr_line' id='line_1_55' title="bbox 324 2680 1210 2727; baseline 0 -12"><span class='ocrx_word' id='word_1_365' title='bbox 324 2685 405 2715; x_wconf 84' lang='lat' dir='ltr'>acin</span> <span class='ocrx_word' id='word_1_366' title='bbox 423 2680 579 2715; x_wconf 79' lang='lat' dir='ltr'>charitate</span> <span class='ocrx_word' id='word_1_367' title='bbox 592 2685 763 2724; x_wconf 70' lang='lat' dir='ltr'>perfestus.</span> <span class='ocrx_word' id='word_1_368' title='bbox 797 2685 981 2719; x_wconf 77' lang='lat' dir='ltr'>Adversum</span> <span class='ocrx_word' id='word_1_369' title='bbox 996 2685 1171 2727; x_wconf 84' lang='lat' dir='ltr'>pendentes</span> <span class='ocrx_word' id='word_1_370' title='bbox 1200 2707 1210 2722; x_wconf 91' lang='lat'>,</span> 
     </span>
     <span class='ocr_line' id='line_1_56' title="bbox 324 2732 1210 2773; baseline 0.001 -8"><span class='ocrx_word' id='word_1_371' title='bbox 324 2734 464 2765; x_wconf 78' lang='lat' dir='ltr'>Illumina</span> <span class='ocrx_word' id='word_1_372' title='bbox 491 2732 629 2766; x_wconf 81' lang='lat' dir='ltr'>tenebras</span> <span class='ocrx_word' id='word_1_373' title='bbox 651 2744 754 2773; x_wconf 86' lang='lat' dir='ltr'>meas,</span> <span class='ocrx_word' id='word_1_374' title='bbox 782 2735 949 2767; x_wconf 81' lang='lat' dir='ltr'>adversum</span> <span class='ocrx_word' id='word_1_375' title='bbox 974 2736 1119 2768; x_wconf 89' lang='lat' dir='ltr'>incursos</span> <span class='ocrx_word' id='word_1_376' title='bbox 1143 2734 1210 2767; x_wconf 85' lang='lat' dir='ltr'>affi-</span> 
     </span>
     <span class='ocr_line' id='line_1_57' title="bbox 323 2781 1080 2823; baseline -0.003 -7"><span class='ocrx_word' id='word_1_377' title='bbox 323 2781 387 2816; x_wconf 89' lang='lat' dir='ltr'>due</span> <span class='ocrx_word' id='word_1_378' title='bbox 400 2783 596 2816; x_wconf 83' lang='lat' dir='ltr'>clamamus.</span> <span class='ocrx_word' id='word_1_379' title='bbox 622 2785 748 2815; x_wconf 82' lang='lat' dir='ltr'>Dimitte</span> <span class='ocrx_word' id='word_1_380' title='bbox 760 2783 840 2815; x_wconf 83' lang='lat' dir='ltr'>nobis</span> <span class='ocrx_word' id='word_1_381' title='bbox 855 2785 958 2816; x_wconf 74' lang='lat' dir='ltr'>debita</span> <span class='ocrx_word' id='word_1_382' title='bbox 969 2785 1080 2823; x_wconf 83' lang='lat' dir='ltr'>nostra.</span> 
     </span>
    </p>

    <p class='ocr_par' dir='ltr' id='par_1_13' title="bbox 325 2832 1213 3476">
     <span class='ocr_line' id='line_1_58' title="bbox 375 2832 1211 2889; baseline 0.002 -25"><span class='ocrx_word' id='word_1_383' title='bbox 375 2833 478 2878; x_wconf 78' lang='lat' dir='ltr'>Qod</span> <span class='ocrx_word' id='word_1_384' title='bbox 492 2832 670 2889; x_wconf 82' lang='lat' dir='ltr'>probabilis</span> <span class='ocrx_word' id='word_1_385' title='bbox 683 2834 838 2866; x_wconf 84' lang='lat' dir='ltr'>sententia</span> <span class='ocrx_word' id='word_1_386' title='bbox 856 2845 914 2866; x_wconf 84' lang='lat' dir='ltr'>nos</span> <span class='ocrx_word' id='word_1_387' title='bbox 927 2835 1068 2878; x_wconf 50' lang='lat' dir='ltr'>purget&amp;</span> <span class='ocrx_word' id='word_1_388' title='bbox 1095 2844 1211 2867; x_wconf 82' lang='lat' dir='ltr'>morta·</span> 
     </span>
     <span class='ocr_line' id='line_1_59' title="bbox 325 2882 1210 2925; baseline 0.001 -10"><span class='ocrx_word' id='word_1_389' title='bbox 325 2883 348 2916; x_wconf 87' lang='lat' dir='ltr'>li</span> <span class='ocrx_word' id='word_1_390' title='bbox 364 2883 474 2925; x_wconf 73' lang='lat' dir='ltr'>lapsu,</span> <span class='ocrx_word' id='word_1_391' title='bbox 501 2883 623 2917; x_wconf 82' lang='lat' dir='ltr'>evincit</span> <span class='ocrx_word' id='word_1_392' title='bbox 646 2883 710 2924; x_wconf 87' lang='lat' dir='ltr'>ipsa</span> <span class='ocrx_word' id='word_1_393' title='bbox 734 2894 824 2923; x_wconf 86' lang='lat' dir='ltr'>vox,</span> <span class='ocrx_word' id='word_1_394' title='bbox 851 2884 1022 2916; x_wconf 70' lang='lat' dir='ltr'><em>Probabile.</em></span> <span class='ocrx_word' id='word_1_395' title='bbox 1054 2882 1128 2925; x_wconf 84' lang='lat' dir='ltr'>Ejus</span> <span class='ocrx_word' id='word_1_396' title='bbox 1152 2895 1210 2916; x_wconf 81' lang='lat' dir='ltr'>ex-</span> 
     </span>
     <span class='ocr_line' id='line_1_60' title="bbox 326 2933 1209 2977; baseline 0.003 -12"><span class='ocrx_word' id='word_1_397' title='bbox 326 2933 445 2976; x_wconf 81' lang='lat' dir='ltr'>pofitio</span> <span class='ocrx_word' id='word_1_398' title='bbox 472 2933 604 2967; x_wconf 83' lang='lat' dir='ltr'>docebit</span> <span class='ocrx_word' id='word_1_399' title='bbox 627 2933 744 2977; x_wconf 86' lang='lat' dir='ltr'>plura.</span> <span class='ocrx_word' id='word_1_400' title='bbox 775 2934 851 2967; x_wconf 84' lang='lat' dir='ltr'>Post</span> <span class='ocrx_word' id='word_1_401' title='bbox 873 2933 1162 2975; x_wconf 79' lang='lat' dir='ltr'>Constantinopol</span> <span class='ocrx_word' id='word_1_402' title='bbox 1158 2946 1209 2968; x_wconf 85' lang='lat' dir='ltr'>ta·</span> 
     </span>
     <span class='ocr_line' id='line_1_61' title="bbox 327 2982 1210 3027; baseline 0.003 -13"><span class='ocrx_word' id='word_1_403' title='bbox 327 2994 402 3015; x_wconf 78' lang='lat' dir='ltr'>nam</span> <span class='ocrx_word' id='word_1_404' title='bbox 431 2982 601 3025; x_wconf 89' lang='lat' dir='ltr'>Synodum</span> <span class='ocrx_word' id='word_1_405' title='bbox 631 2994 769 3027; x_wconf 84' lang='lat' dir='ltr'>magnus</span> <span class='ocrx_word' id='word_1_406' title='bbox 796 2983 975 3025; x_wconf 84' lang='lat' dir='ltr'>Imperator</span> <span class='ocrx_word' id='word_1_407' title='bbox 1001 2982 1210 3017; x_wconf 80' lang='lat' dir='ltr'>Theodosius</span> 
     </span>
     <span class='ocr_line' id='line_1_62' title="bbox 326 3019 1230 3076; baseline 0.003 -14"><span class='ocrx_word' id='word_1_408' title='bbox 326 3043 381 3076; x_wconf 84' lang='lat' dir='ltr'>per</span> <span class='ocrx_word' id='word_1_409' title='bbox 392 3042 525 3065; x_wconf 84' lang='lat' dir='ltr'>omnem</span> <span class='ocrx_word' id='word_1_410' title='bbox 536 3033 741 3067; x_wconf 75' lang='lat' dir='ltr'>orientalem</span> <span class='ocrx_word' id='word_1_411' title='bbox 758 3033 931 3067; x_wconf 72' lang='lat' dir='ltr'>Ecclesiam</span> <span class='ocrx_word' id='word_1_412' title='bbox 952 3044 1056 3067; x_wconf 84' lang='lat' dir='ltr'>certos</span> <span class='ocrx_word' id='word_1_413' title='bbox 1083 3019 1230 3074; x_wconf 87' lang='lat' dir='ltr'>Episco-·</span> 
     </span>
     <span class='ocr_line' id='line_1_63' title="bbox 327 3081 1211 3125; baseline 0.002 -12"><span class='ocrx_word' id='word_1_414' title='bbox 327 3093 386 3125; x_wconf 81' lang='lat' dir='ltr'>pos</span> <span class='ocrx_word' id='word_1_415' title='bbox 400 3082 420 3114; x_wconf 92' lang='lat' dir='ltr'>fi</span> <span class='ocrx_word' id='word_1_416' title='bbox 425 3083 473 3114; x_wconf 73' lang='lat' dir='ltr'>xit</span> <span class='ocrx_word' id='word_1_417' title='bbox 486 3082 518 3114; x_wconf 91' lang='lat' dir='ltr'>in</span> <span class='ocrx_word' id='word_1_418' title='bbox 533 3081 713 3117; x_wconf 87' lang='lat' dir='ltr'>Catholicae</span> <span class='ocrx_word' id='word_1_419' title='bbox 725 3083 982 3118; x_wconf 83' lang='lat' dir='ltr'>Communionis</span> <span class='ocrx_word' id='word_1_420' title='bbox 993 3083 1058 3116; x_wconf 74' lang='grc' dir='ltr'>ῐ2ἀὲ</span> <span class='ocrx_word' id='word_1_421' title='bbox 1056 3095 1139 3116; x_wconf 86' lang='lat' dir='ltr'>ces</span> <span class='ocrx_word' id='word_1_422' title='bbox 1170 3083 1211 3116; x_wconf 86' lang='lat' dir='ltr'>Et</span> 
     </span>
     <span class='ocr_line' id='line_1_64' title="bbox 327 3131 1212 3179; baseline 0.001 -14"><span class='ocrx_word' id='word_1_423' title='bbox 327 3131 438 3165; x_wconf 76' lang='lat' dir='ltr'>dixit:</span> <span class='ocrx_word' id='word_1_424' title='bbox 465 3134 519 3164; x_wconf 87' lang='lat' dir='ltr'>Ex</span> <span class='ocrx_word' id='word_1_425' title='bbox 551 3136 761 3166; x_wconf 76' lang='lat' dir='ltr'>Communione</span> <span class='ocrx_word' id='word_1_426' title='bbox 799 3136 832 3167; x_wconf 66' lang='grc' dir='ltr'>Θ</span> <span class='ocrx_word' id='word_1_427' title='bbox 857 3133 997 3179; x_wconf 75' lang='lat' dir='ltr'>consortio</span> <span class='ocrx_word' id='word_1_428' title='bbox 1014 3133 1212 3175; x_wconf 73' lang='lat' dir='ltr'>probabilium</span> 
     </span>
     <span class='ocr_line' id='line_1_65' title="bbox 327 3180 1230 3236; baseline 0.002 -21"><span class='ocrx_word' id='word_1_429' title='bbox 327 3180 557 3224; x_wconf 71' lang='lat' dir='ltr'>Eplftoporum.</span> <span class='ocrx_word' id='word_1_430' title='bbox 587 3183 666 3216; x_wconf 85' lang='lat' dir='ltr'>Hoc</span> <span class='ocrx_word' id='word_1_431' title='bbox 687 3185 755 3221; x_wconf 85' lang='lat' dir='ltr'>est,</span> <span class='ocrx_word' id='word_1_432' title='bbox 782 3185 872 3216; x_wconf 88' lang='lat' dir='ltr'>omni</span> <span class='ocrx_word' id='word_1_433' title='bbox 897 3185 1092 3227; x_wconf 79' lang='lat' dir='ltr'>exceptione</span> <span class='ocrx_word' id='word_1_434' title='bbox 1116 3183 1230 3236; x_wconf 51' lang='lat' dir='ltr'>majo-fi</span> 
     </span>
     <span class='ocr_line' id='line_1_66' title="bbox 328 3231 1231 3313; baseline 0 -48"><span class='ocrx_word' id='word_1_435' title='bbox 328 3243 422 3265; x_wconf 86' lang='lat' dir='ltr'>rum.</span> <span class='ocrx_word' id='word_1_436' title='bbox 453 3231 565 3264; x_wconf 75' lang='lat' dir='ltr'>Exstat</span> <span class='ocrx_word' id='word_1_437' title='bbox 579 3231 653 3271; x_wconf 84' lang='lat' dir='ltr'>lex,</span> <span class='ocrx_word' id='word_1_438' title='bbox 682 3231 721 3265; x_wconf 87' lang='lat' dir='ltr'>ad</span> <span class='ocrx_word' id='word_1_439' title='bbox 736 3232 931 3268; x_wconf 86' lang='lat' dir='ltr'>Auxonium</span> <span class='ocrx_word' id='word_1_440' title='bbox 948 3234 1030 3269; x_wconf 76' lang='lat' dir='ltr'>Afiae</span> <span class='ocrx_word' id='word_1_441' title='bbox 1043 3234 1107 3266; x_wconf 85' lang='lat' dir='ltr'>Pro</span> <span class='ocrx_word' id='word_1_442' title='bbox 1126 3234 1231 3313; x_wconf 58' lang='grc' dir='ltr'>Ε-οηι</span> 
     </span>
     <span class='ocr_line' id='line_1_67' title="bbox 329 3281 1213 3324; baseline 0.002 -10"><span class='ocrx_word' id='word_1_443' title='bbox 329 3283 430 3314; x_wconf 87' lang='lat' dir='ltr'>sulem</span> <span class='ocrx_word' id='word_1_444' title='bbox 445 3282 580 3324; x_wconf 89' lang='lat' dir='ltr'>scripta,</span> <span class='ocrx_word' id='word_1_445' title='bbox 606 3281 638 3314; x_wconf 87' lang='lat' dir='ltr'>in</span> <span class='ocrx_word' id='word_1_446' title='bbox 664 3281 900 3316; x_wconf 83' lang='lat' dir='ltr'>Theodofiano</span> <span class='ocrx_word' id='word_1_447' title='bbox 926 3285 1052 3318; x_wconf 81' lang='lat' dir='ltr'>Codice</span> <span class='ocrx_word' id='word_1_448' title='bbox 1075 3284 1113 3316; x_wconf 88' lang='lat' dir='ltr'>ad</span> <span class='ocrx_word' id='word_1_449' title='bbox 1138 3284 1213 3316; x_wconf 88' lang='lat' dir='ltr'>titu-</span> 
     </span>
     <span class='ocr_line' id='line_1_68' title="bbox 330 3249 1231 3377; baseline 0.003 -13"><span class='ocrx_word' id='word_1_450' title='bbox 330 3332 398 3364; x_wconf 87' lang='lat' dir='ltr'>lum</span> <span class='ocrx_word' id='word_1_451' title='bbox 412 3332 451 3364; x_wconf 91' lang='lat' dir='ltr'>de</span> <span class='ocrx_word' id='word_1_452' title='bbox 475 3331 538 3364; x_wconf 84' lang='lat' dir='ltr'>fide</span> <span class='ocrx_word' id='word_1_453' title='bbox 559 3330 734 3366; x_wconf 87' lang='lat' dir='ltr'>Catholica</span> <span class='ocrx_word' id='word_1_454' title='bbox 765 3356 772 3363; x_wconf 93' lang='lat'>.</span> <span class='ocrx_word' id='word_1_455' title='bbox 813 3332 851 3365; x_wconf 89' lang='lat' dir='ltr'>In</span> <span class='ocrx_word' id='word_1_456' title='bbox 873 3333 939 3377; x_wconf 86' lang='lat' dir='ltr'>lege</span> <span class='ocrx_word' id='word_1_457' title='bbox 961 3333 1001 3366; x_wconf 85' lang='lat' dir='ltr'>ad</span> <span class='ocrx_word' id='word_1_458' title='bbox 1031 3249 1231 3367; x_wconf 63' lang='lat' dir='ltr'>Palladium!</span> 
     </span>
     <span class='ocr_line' id='line_1_69' title="bbox 331 3380 1215 3426; baseline 0.006 -13"><span class='ocrx_word' id='word_1_459' title='bbox 331 3380 486 3415; x_wconf 68' lang='lat' dir='ltr'>Praetorio</span> <span class='ocrx_word' id='word_1_460' title='bbox 499 3381 692 3415; x_wconf 62' lang='lat' dir='ltr'>Praefedlum</span> <span class='ocrx_word' id='word_1_461' title='bbox 711 3382 946 3417; x_wconf 73' lang='lat' dir='ltr'>Theodosius</span> <span class='ocrx_word' id='word_1_462' title='bbox 940 3385 1050 3426; x_wconf 67' lang='lat' dir='ltr'>junior</span> <span class='ocrx_word' id='word_1_463' title='bbox 1074 3384 1215 3418; x_wconf 77' lang='lat' dir='ltr'>Clerica-</span> 
     </span>
     <span class='ocr_line' id='line_1_70' title="bbox 336 3429 1207 3488; baseline 0.004 -26"><span class='ocrx_word' id='word_1_464' title='bbox 336 3429 399 3463; x_wconf 87' lang='lat' dir='ltr'>lem</span> <span class='ocrx_word' id='word_1_465' title='bbox 417 3431 532 3465; x_wconf 78' lang='lat' dir='ltr'>statum</span> <span class='ocrx_word' id='word_1_466' title='bbox 545 3431 685 3488; x_wconf 83' lang='lat' dir='ltr'>appellat</span> <span class='ocrx_word' id='word_1_467' title='bbox 695 3432 987 3475; x_wconf 80' lang='lat' dir='ltr'>probabilemsaeculi</span> <span class='ocrx_word' id='word_1_468' title='bbox 1003 3432 1207 3476; x_wconf 83' lang='lat' dir='ltr'>disciplinam.</span> 
     </span>
    </p>
   </div>
   <div class='ocr_carea' id='block_1_9' title="bbox 152 3212 284 3258">
    <p class='ocr_par' dir='ltr' id='par_1_14' title="bbox 152 3212 284 3258">
     <span class='ocr_line' id='line_1_71' title="bbox 152 3212 284 3258; baseline -0.015 -13"><span class='ocrx_word' id='word_1_469' title='bbox 152 3212 232 3256; x_wconf 74' lang='lat' dir='ltr'>Cap·</span> <span class='ocrx_word' id='word_1_470' title='bbox 253 3221 284 3258; x_wconf 76' lang='lat'>3.</span> 
     </span>
    </p>
   </div>
   <div class='ocr_carea' id='block_1_10' title="bbox 149 3479 1216 3534">
    <p class='ocr_par' dir='ltr' id='par_1_15' title="bbox 149 3479 1216 3534">
     <span class='ocr_line' id='line_1_72' title="bbox 149 3479 1216 3534; baseline 0.005 -21"><span class='ocrx_word' id='word_1_471' title='bbox 149 3488 228 3532; x_wconf 67' lang='lat' dir='ltr'>Cap</span> <span class='ocrx_word' id='word_1_472' title='bbox 244 3496 268 3531; x_wconf 87' lang='lat'><em>4</em></span> <span class='ocrx_word' id='word_1_473' title='bbox 285 3495 319 3534; x_wconf 84' lang='lat'><em>4</em></span> <span class='ocrx_word' id='word_1_474' title='bbox 338 3479 416 3515; x_wconf 87' lang='lat' dir='ltr'>Hoc</span> <span class='ocrx_word' id='word_1_475' title='bbox 429 3480 472 3514; x_wconf 82' lang='lat' dir='ltr'>est</span> <span class='ocrx_word' id='word_1_476' title='bbox 487 3504 498 3521; x_wconf 91' lang='lat'><em>,</em></span> <span class='ocrx_word' id='word_1_477' title='bbox 524 3493 579 3516; x_wconf 78' lang='lat' dir='ltr'>cui</span> <span class='ocrx_word' id='word_1_478' title='bbox 591 3493 690 3520; x_wconf 81' lang='lat' dir='ltr'>nemo</span> <span class='ocrx_word' id='word_1_479' title='bbox 702 3481 797 3527; x_wconf 85' lang='lat' dir='ltr'>poffit</span> <span class='ocrx_word' id='word_1_480' title='bbox 808 3493 864 3518; x_wconf 81' lang='lat' dir='ltr'>aut</span> <span class='ocrx_word' id='word_1_481' title='bbox 874 3484 988 3519; x_wconf 86' lang='lat' dir='ltr'>debeat</span> <span class='ocrx_word' id='word_1_482' title='bbox 1013 3483 1182 3520; x_wconf 76' lang='lat' dir='ltr'>detrahere</span> <span class='ocrx_word' id='word_1_483' title='bbox 1208 3507 1216 3518; x_wconf 87' lang='lat'>.</span> 
     </span>
    </p>
   </div>
   <div class='ocr_carea' id='block_1_11' title="bbox 1218 2154 1223 2302">
    <p class='ocr_par' dir='ltr' id='par_1_16' title="bbox 1218 2154 1223 2302">
     <span class='ocr_line' id='line_1_73' title="bbox 1218 2154 1223 2302; baseline 0 0"><span class='ocrx_word' id='word_1_484' title='bbox 1218 2154 1223 2302; x_wconf 95' lang='lat' dir='ltr'> </span> 
     </span>
    </p>
   </div>
   <div class='ocr_carea' id='block_1_12' title="bbox 1219 2303 1226 2410">
    <p class='ocr_par' dir='ltr' id='par_1_17' title="bbox 1219 2303 1226 2410">
     <span class='ocr_line' id='line_1_74' title="bbox 1219 2303 1226 2410; baseline 0 1326"><span class='ocrx_word' id='word_1_485' title='bbox 1219 2303 1226 2410; x_wconf 95' lang='lat' dir='ltr'> </span> 
     </span>
    </p>
   </div>
   <div class='ocr_carea' id='block_1_13' title="bbox 1264 1985 2162 2123">
    <p class='ocr_par' dir='ltr' id='par_1_18' title="bbox 1243 1985 2162 3496">
     <span class='ocr_line' id='line_1_75' title="bbox 1264 1985 2162 2021; baseline -0.003 -1"><span class='ocrx_word' id='word_1_486' title='bbox 1264 1997 1312 2020; x_wconf 83' lang='lat' dir='ltr'>ter</span> <span class='ocrx_word' id='word_1_487' title='bbox 1324 1987 1466 2020; x_wconf 79' lang='lat' dir='ltr'>asseritur</span> <span class='ocrx_word' id='word_1_488' title='bbox 1479 2010 1486 2018; x_wconf 87' lang='lat'>.</span> <span class='ocrx_word' id='word_1_489' title='bbox 1518 1985 1572 2017; x_wconf 80' lang='lat' dir='ltr'>Est</span> <span class='ocrx_word' id='word_1_490' title='bbox 1589 1985 1701 2019; x_wconf 81' lang='lat' dir='ltr'>fulcita</span> <span class='ocrx_word' id='word_1_491' title='bbox 1715 1985 1908 2021; x_wconf 68' lang='lat' dir='ltr'>auctoritate</span> <span class='ocrx_word' id='word_1_492' title='bbox 1921 1986 2162 2020; x_wconf 77' lang='lat' dir='ltr'>sacrarumLit-</span> 
     </span>
     <span class='ocr_line' id='line_1_76' title="bbox 1267 2034 2158 2073; baseline -0.001 -4"><span class='ocrx_word' id='word_1_493' title='bbox 1267 2047 1405 2070; x_wconf 72' lang='lat' dir='ltr'>terarum</span> <span class='ocrx_word' id='word_1_494' title='bbox 1420 2058 1431 2073; x_wconf 89' lang='lat'>,</span> <span class='ocrx_word' id='word_1_495' title='bbox 1458 2036 1620 2067; x_wconf 83' lang='lat' dir='ltr'>sacrorum</span> <span class='ocrx_word' id='word_1_496' title='bbox 1642 2034 1823 2068; x_wconf 76' lang='lat' dir='ltr'>canonum</span> <span class='ocrx_word' id='word_1_497' title='bbox 1837 2058 1848 2073; x_wconf 89' lang='lat'>,</span> <span class='ocrx_word' id='word_1_498' title='bbox 1884 2034 2158 2072; x_wconf 66' lang='lat' dir='ltr'>sannorum,Pa·</span> 
     </span>
     <span class='ocr_line' id='line_1_77' title="bbox 1366 2083 2160 2123; baseline -0.002 -5.268"><span class='ocrx_word' id='word_1_499' title='bbox 1366 2109 1376 2123; x_wconf 90' lang='lat'><strong>,</strong></span> <span class='ocrx_word' id='word_1_500' title='bbox 1404 2094 1458 2117; x_wconf 74' lang='lat' dir='ltr'>aut</span> <span class='ocrx_word' id='word_1_501' title='bbox 1471 2083 1609 2116; x_wconf 82' lang='lat' dir='ltr'>aliorum</span> <span class='ocrx_word' id='word_1_502' title='bbox 1634 2084 1837 2116; x_wconf 88' lang='lat' dir='ltr'>summorum</span> <span class='ocrx_word' id='word_1_503' title='bbox 1852 2084 1885 2118; x_wconf 90' lang='lat' dir='ltr'>in</span> <span class='ocrx_word' id='word_1_504' title='bbox 1903 2085 2050 2121; x_wconf 51' lang='lat' dir='ltr'>Ecclesia*</span> <span class='ocrx_word' id='word_1_505' title='bbox 2063 2085 2160 2122; x_wconf 6' lang='lat' dir='ltr'>cviro-</span> 
     </span>
    </p>
   </div>
   <div class='ocr_carea' id='block_1_14' title="bbox 907 147 1545 197">
    <p class='ocr_par' dir='ltr' id='par_1_19' title="bbox 907 147 1545 197">
     <span class='ocr_line' id='line_1_78' title="bbox 907 147 1545 197; baseline 0 -2"><span class='ocrx_word' id='word_1_506' title='bbox 907 147 1545 197; x_wconf 68' lang='lat' dir='ltr'>D1sseitrario</span> 
     </span>
    </p>
   </div>
   <div class='ocr_carea' id='block_1_15' title="bbox 1252 232 2322 1979">
    <p class='ocr_par' dir='ltr' id='par_1_20' title="bbox 1261 232 2311 1979">
     <span class='ocr_line' id='line_1_79' title="bbox 1270 232 2156 280; baseline 0.002 -12"><span class='ocrx_word' id='word_1_507' title='bbox 1270 234 1324 268; x_wconf 79' lang='lat' dir='ltr'>Est</span> <span class='ocrx_word' id='word_1_508' title='bbox 1340 233 1503 270; x_wconf 83' lang='lat' dir='ltr'>subtitulo</span> <span class='ocrx_word' id='word_1_509' title='bbox 1515 233 1555 268; x_wconf 89' lang='lat' dir='ltr'>de</span> <span class='ocrx_word' id='word_1_510' title='bbox 1568 232 1760 278; x_wconf 78' lang='lat' dir='ltr'>Episcopis‚</span> <span class='ocrx_word' id='word_1_511' title='bbox 1788 233 1966 280; x_wconf 63' lang='lat' dir='ltr'>Eeckfiis,</span> <span class='ocrx_word' id='word_1_512' title='bbox 1991 237 2026 272; x_wconf 70' lang='grc' dir='ltr'>ὅ(</span> <span class='ocrx_word' id='word_1_513' title='bbox 2051 237 2156 272; x_wconf 78' lang='lat' dir='ltr'>Cleri-</span> 
     </span>
     <span class='ocr_line' id='line_1_80' title="bbox 1269 283 2156 329; baseline 0.003 -12"><span class='ocrx_word' id='word_1_514' title='bbox 1269 285 1332 317; x_wconf 88' lang='lat' dir='ltr'>cis.</span> <span class='ocrx_word' id='word_1_515' title='bbox 1363 285 1485 328; x_wconf 85' lang='lat' dir='ltr'>lnlege</span> <span class='ocrx_word' id='word_1_516' title='bbox 1496 284 1535 318; x_wconf 85' lang='lat' dir='ltr'>ad</span> <span class='ocrx_word' id='word_1_517' title='bbox 1549 285 1716 329; x_wconf 84' lang='lat' dir='ltr'>Julianutn</span> <span class='ocrx_word' id='word_1_518' title='bbox 1741 283 1861 317; x_wconf 80' lang='lat' dir='ltr'>Africae</span> <span class='ocrx_word' id='word_1_519' title='bbox 1874 283 1960 320; x_wconf 79' lang='lat' dir='ltr'>Pro·</span> <span class='ocrx_word' id='word_1_520' title='bbox 1973 287 2156 324; x_wconf 82' lang='lat' dir='ltr'>Consulem</span> 
     </span>
     <span class='ocr_line' id='line_1_81' title="bbox 1252 333 2156 379; baseline 0.008 -13.134"><span class='ocrx_word' id='word_1_521' title='bbox 1252 333 1524 369; x_wconf 76' lang='lat' dir='ltr'>Valentinianus</span> <span class='ocrx_word' id='word_1_522' title='bbox 1548 335 1669 377; x_wconf 86' lang='lat' dir='ltr'>primus</span> <span class='ocrx_word' id='word_1_523' title='bbox 1692 335 1731 367; x_wconf 89' lang='lat' dir='ltr'>de</span> <span class='ocrx_word' id='word_1_524' title='bbox 1754 334 1961 368; x_wconf 76' lang='lat' dir='ltr'>scenicarum</span> <span class='ocrx_word' id='word_1_525' title='bbox 1985 337 2116 372; x_wconf 84' lang='lat' dir='ltr'>filiabus</span> <span class='ocrx_word' id='word_1_526' title='bbox 2143 361 2156 379; x_wconf 81' lang='lat'>,</span> 
     </span>
     <span class='ocr_line' id='line_1_82' title="bbox 1267 385 2156 430; baseline 0.009 -14"><span class='ocrx_word' id='word_1_527' title='bbox 1267 395 1335 427; x_wconf 84' lang='lat' dir='ltr'>quae</span> <span class='ocrx_word' id='word_1_528' title='bbox 1349 387 1377 418; x_wconf 82' lang='lat' dir='ltr'>se</span> <span class='ocrx_word' id='word_1_529' title='bbox 1402 385 1484 419; x_wconf 75' lang='lat' dir='ltr'>tec&#39;le</span> <span class='ocrx_word' id='word_1_530' title='bbox 1505 385 1678 430; x_wconf 65' lang='lat' dir='ltr'>gesserint,</span> <span class='ocrx_word' id='word_1_531' title='bbox 1706 385 1833 419; x_wconf 84' lang='lat' dir='ltr'>sancit.-</span> <span class='ocrx_word' id='word_1_532' title='bbox 1859 388 1897 417; x_wconf 85' lang='lat' dir='ltr'>Ut</span> <span class='ocrx_word' id='word_1_533' title='bbox 1914 386 2086 426; x_wconf 67' lang='lat' dir='ltr'>probabiles</span> <span class='ocrx_word' id='word_1_534' title='bbox 2101 388 2156 424; x_wconf 81' lang='lat' dir='ltr'>ha·</span> 
     </span>
     <span class='ocr_line' id='line_1_83' title="bbox 1266 434 2156 474; baseline 0.006 -7"><span class='ocrx_word' id='word_1_535' title='bbox 1266 434 1409 469; x_wconf 83' lang='lat' dir='ltr'>beantur.</span> <span class='ocrx_word' id='word_1_536' title='bbox 1440 434 1473 467; x_wconf 94' lang='lat' dir='ltr'>ld</span> <span class='ocrx_word' id='word_1_537' title='bbox 1495 435 1538 468; x_wconf 85' lang='lat' dir='ltr'>est</span> <span class='ocrx_word' id='word_1_538' title='bbox 1553 456 1564 472; x_wconf 92' lang='lat'>‚</span> <span class='ocrx_word' id='word_1_539' title='bbox 1607 435 1771 468; x_wconf 84' lang='lat' dir='ltr'>immunes</span> <span class='ocrx_word' id='word_1_540' title='bbox 1795 435 1836 468; x_wconf 91' lang='lat' dir='ltr'>ab</span> <span class='ocrx_word' id='word_1_541' title='bbox 1856 435 1949 468; x_wconf 89' lang='lat' dir='ltr'>omni</span> <span class='ocrx_word' id='word_1_542' title='bbox 1974 447 2053 472; x_wconf 78' lang='lat' dir='ltr'>nota</span> <span class='ocrx_word' id='word_1_543' title='bbox 2074 439 2156 474; x_wconf 78' lang='lat' dir='ltr'>infa-</span> 
     </span>
     <span class='ocr_line' id='line_1_84' title="bbox 1266 483 2151 531; baseline 0.008 -14"><span class='ocrx_word' id='word_1_544' title='bbox 1266 485 1354 518; x_wconf 84' lang='lat' dir='ltr'>miae.</span> <span class='ocrx_word' id='word_1_545' title='bbox 1388 485 1441 518; x_wconf 88' lang='lat' dir='ltr'>Est</span> <span class='ocrx_word' id='word_1_546' title='bbox 1458 484 1514 519; x_wconf 92' lang='lat' dir='ltr'>sub</span> <span class='ocrx_word' id='word_1_547' title='bbox 1527 483 1625 518; x_wconf 86' lang='lat' dir='ltr'>titulo</span> <span class='ocrx_word' id='word_1_548' title='bbox 1639 483 1678 516; x_wconf 86' lang='lat' dir='ltr'>de</span> <span class='ocrx_word' id='word_1_549' title='bbox 1689 483 1852 521; x_wconf 88' lang='lat' dir='ltr'>Scenicis.</span> <span class='ocrx_word' id='word_1_550' title='bbox 1880 485 1917 520; x_wconf 82' lang='lat' dir='ltr'>ln</span> <span class='ocrx_word' id='word_1_551' title='bbox 1932 486 2002 531; x_wconf 87' lang='lat' dir='ltr'>lege</span> <span class='ocrx_word' id='word_1_552' title='bbox 2013 487 2052 520; x_wconf 87' lang='lat' dir='ltr'>ad</span> <span class='ocrx_word' id='word_1_553' title='bbox 2064 488 2151 524; x_wconf 84' lang='lat' dir='ltr'>Mes-</span> 
     </span>
     <span class='ocr_line' id='line_1_85' title="bbox 1265 534 2154 579; baseline 0.006 -13"><span class='ocrx_word' id='word_1_554' title='bbox 1265 534 1533 570; x_wconf 73' lang='lat' dir='ltr'>lalamPraetorio</span> <span class='ocrx_word' id='word_1_555' title='bbox 1563 534 1748 568; x_wconf 62' lang='lat' dir='ltr'>Praefcuum</span> <span class='ocrx_word' id='word_1_556' title='bbox 1773 535 1954 579; x_wconf 73' lang='lat' dir='ltr'>imperator</span> <span class='ocrx_word' id='word_1_557' title='bbox 1978 537 2154 573; x_wconf 74' lang='lat' dir='ltr'>Honorius</span> 
     </span>
     <span class='ocr_line' id='line_1_86' title="bbox 1267 585 2158 628; baseline 0.006 -12"><span class='ocrx_word' id='word_1_558' title='bbox 1267 585 1376 617; x_wconf 84' lang='lat' dir='ltr'>scribit</span> <span class='ocrx_word' id='word_1_559' title='bbox 1389 596 1503 619; x_wconf 85' lang='lat' dir='ltr'>contra</span> <span class='ocrx_word' id='word_1_560' title='bbox 1516 594 1641 618; x_wconf 86' lang='lat' dir='ltr'>certum</span> <span class='ocrx_word' id='word_1_561' title='bbox 1661 585 1977 628; x_wconf 84' lang='lat' dir='ltr'>genuslitigantium</span> <span class='ocrx_word' id='word_1_562' title='bbox 1995 599 2002 620; x_wconf 72' lang='grc' dir='ltr'><strong>ε</strong></span> <span class='ocrx_word' id='word_1_563' title='bbox 2031 591 2099 622; x_wconf 85' lang='lat' dir='ltr'>Nec</span> <span class='ocrx_word' id='word_1_564' title='bbox 2110 599 2158 621; x_wconf 86' lang='lat' dir='ltr'>re·</span> 
     </span>
     <span class='ocr_line' id='line_1_87' title="bbox 1261 633 2155 683; baseline 0.006 -17"><span class='ocrx_word' id='word_1_565' title='bbox 1261 635 1403 677; x_wconf 80' lang='lat' dir='ltr'>petendae</span> <span class='ocrx_word' id='word_1_566' title='bbox 1428 635 1553 667; x_wconf 69' lang='lat' dir='ltr'>ac‘iionis</span> <span class='ocrx_word' id='word_1_567' title='bbox 1567 658 1577 674; x_wconf 92' lang='lat'>,</span> <span class='ocrx_word' id='word_1_568' title='bbox 1614 633 1728 673; x_wconf 75' lang='lat' dir='ltr'>etiamst</span> <span class='ocrx_word' id='word_1_569' title='bbox 1747 641 1772 666; x_wconf 80' lang='lat' dir='ltr'>ei</span> <span class='ocrx_word' id='word_1_570' title='bbox 1795 637 1846 667; x_wconf 83' lang='lat' dir='ltr'>vel</span> <span class='ocrx_word' id='word_1_571' title='bbox 1860 636 2027 676; x_wconf 61' lang='lat' dir='ltr'>probabilia·</span> <span class='ocrx_word' id='word_1_572' title='bbox 2045 644 2155 683; x_wconf 76' lang='lat' dir='ltr'>negotii</span> 
     </span>
     <span class='ocr_line' id='line_1_88' title="bbox 1265 683 2154 731; baseline 0.009 -17"><span class='ocrx_word' id='word_1_573' title='bbox 1265 690 1371 717; x_wconf 78' lang='lat' dir='ltr'>merita</span> <span class='ocrx_word' id='word_1_574' title='bbox 1379 683 1584 728; x_wconf 79' lang='lat' dir='ltr'>suffragentur</span> <span class='ocrx_word' id='word_1_575' title='bbox 1597 708 1605 722; x_wconf 91' lang='lat'><strong>,</strong></span> <span class='ocrx_word' id='word_1_576' title='bbox 1634 683 1744 716; x_wconf 81' lang='lat' dir='ltr'>habeat</span> <span class='ocrx_word' id='word_1_577' title='bbox 1751 683 1953 726; x_wconf 82' lang='lat' dir='ltr'>facultatem.</span> <span class='ocrx_word' id='word_1_578' title='bbox 1983 688 2154 731; x_wconf 84' lang='lat' dir='ltr'>Antiquus</span> 
     </span>
     <span class='ocr_line' id='line_1_89' title="bbox 1266 735 2152 779; baseline 0.006 -13"><span class='ocrx_word' id='word_1_579' title='bbox 1266 735 1423 779; x_wconf 73' lang='lat' dir='ltr'>lncerpres</span> <span class='ocrx_word' id='word_1_580' title='bbox 1436 736 1575 777; x_wconf 82' lang='lat' dir='ltr'>exponit</span> <span class='ocrx_word' id='word_1_581' title='bbox 1591 746 1598 766; x_wconf 74' lang='lat' dir='ltr'>z</span> <span class='ocrx_word' id='word_1_582' title='bbox 1627 736 1706 766; x_wconf 78' lang='lat' dir='ltr'>Boni</span> <span class='ocrx_word' id='word_1_583' title='bbox 1718 740 1816 767; x_wconf 80' lang='lat' dir='ltr'>meriti</span> <span class='ocrx_word' id='word_1_584' title='bbox 1840 744 1985 778; x_wconf 75' lang='lat' dir='ltr'>negotium</span> <span class='ocrx_word' id='word_1_585' title='bbox 2003 761 2011 771; x_wconf 65' lang='lat'><em>0</em></span> <span class='ocrx_word' id='word_1_586' title='bbox 2042 739 2096 774; x_wconf 83' lang='lat' dir='ltr'>Est</span> <span class='ocrx_word' id='word_1_587' title='bbox 2111 738 2152 773; x_wconf 81' lang='lat' dir='ltr'>ad</span> 
     </span>
     <span class='ocr_line' id='line_1_90' title="bbox 1265 773 2293 831; baseline 0.004 -12"><span class='ocrx_word' id='word_1_588' title='bbox 1265 785 1397 819; x_wconf 87' lang='lat' dir='ltr'>titulum</span> <span class='ocrx_word' id='word_1_589' title='bbox 1411 783 1451 817; x_wconf 88' lang='lat' dir='ltr'>de</span> <span class='ocrx_word' id='word_1_590' title='bbox 1467 785 1514 817; x_wconf 81' lang='lat' dir='ltr'>his</span> <span class='ocrx_word' id='word_1_591' title='bbox 1527 786 1582 828; x_wconf 84' lang='lat' dir='ltr'>qui</span> <span class='ocrx_word' id='word_1_592' title='bbox 1595 783 1772 817; x_wconf 79' lang='lat' dir='ltr'>potentum</span> <span class='ocrx_word' id='word_1_593' title='bbox 1789 787 1926 820; x_wconf 82' lang='lat' dir='ltr'>nomina</span> <span class='ocrx_word' id='word_1_594' title='bbox 1951 787 1984 821; x_wconf 91' lang='lat' dir='ltr'>in</span> <span class='ocrx_word' id='word_1_595' title='bbox 2011 788 2069 822; x_wconf 89' lang='lat' dir='ltr'>lite</span> <span class='ocrx_word' id='word_1_596' title='bbox 2080 800 2154 831; x_wconf 68' lang='lat' dir='ltr'>prae·</span> <span class='ocrx_word' id='word_1_597' title='bbox 2169 773 2250 818; x_wconf 61' lang='lat' dir='ltr'>Gap·</span> <span class='ocrx_word' id='word_1_598' title='bbox 2265 785 2293 813; x_wconf 70' lang='lat'>1&#39;</span> 
     </span>
     <span class='ocr_line' id='line_1_91' title="bbox 1265 833 2153 880; baseline 0.005 -12"><span class='ocrx_word' id='word_1_599' title='bbox 1265 835 1425 868; x_wconf 86' lang='lat' dir='ltr'>tendunt.</span> <span class='ocrx_word' id='word_1_600' title='bbox 1452 833 1489 868; x_wconf 92' lang='lat' dir='ltr'>In</span> <span class='ocrx_word' id='word_1_601' title='bbox 1502 835 1575 880; x_wconf 86' lang='lat' dir='ltr'>lege</span> <span class='ocrx_word' id='word_1_602' title='bbox 1588 834 1628 867; x_wconf 84' lang='lat' dir='ltr'>ad</span> <span class='ocrx_word' id='word_1_603' title='bbox 1643 835 1772 869; x_wconf 70' lang='lat' dir='ltr'>Bass‘um</span> <span class='ocrx_word' id='word_1_604' title='bbox 1788 834 1946 869; x_wconf 84' lang='lat' dir='ltr'>Praetorio</span> <span class='ocrx_word' id='word_1_605' title='bbox 1962 836 2153 872; x_wconf 68' lang='lat' dir='ltr'>Praefectum</span> 
     </span>
     <span class='ocr_line' id='line_1_92' title="bbox 1263 884 2154 930; baseline 0.003 -12"><span class='ocrx_word' id='word_1_606' title='bbox 1263 884 1470 918; x_wconf 76' lang='lat' dir='ltr'>Theodosius</span> <span class='ocrx_word' id='word_1_607' title='bbox 1495 884 1654 919; x_wconf 86' lang='lat' dir='ltr'>secundus</span> <span class='ocrx_word' id='word_1_608' title='bbox 1678 886 1832 926; x_wconf 83' lang='lat' dir='ltr'>mandat,</span> <span class='ocrx_word' id='word_1_609' title='bbox 1861 895 1896 918; x_wconf 90' lang='lat' dir='ltr'>ut</span> <span class='ocrx_word' id='word_1_610' title='bbox 1918 886 2069 930; x_wconf 54' lang='lat' dir='ltr'>elogio„</span> <span class='ocrx_word' id='word_1_611' title='bbox 2093 887 2154 921; x_wconf 89' lang='lat' dir='ltr'>sub</span> 
     </span>
     <span class='ocr_line' id='line_1_93' title="bbox 1264 934 2155 979; baseline 0 -10"><span class='ocrx_word' id='word_1_612' title='bbox 1264 946 1330 979; x_wconf 86' lang='lat' dir='ltr'>quo</span> <span class='ocrx_word' id='word_1_613' title='bbox 1342 935 1495 968; x_wconf 85' lang='lat' dir='ltr'>Parentes</span> <span class='ocrx_word' id='word_1_614' title='bbox 1521 934 1636 978; x_wconf 79' lang='lat' dir='ltr'>poffint</span> <span class='ocrx_word' id='word_1_615' title='bbox 1661 935 1765 968; x_wconf 78' lang='lat' dir='ltr'>filium</span> <span class='ocrx_word' id='word_1_616' title='bbox 1792 934 2019 977; x_wconf 77' lang='lat' dir='ltr'>exhaeredare,</span> <span class='ocrx_word' id='word_1_617' title='bbox 2047 938 2155 971; x_wconf 85' lang='lat' dir='ltr'>suffra·</span> 
     </span>
     <span class='ocr_line' id='line_1_94' title="bbox 1263 984 2155 1029; baseline 0.003 -11"><span class='ocrx_word' id='word_1_618' title='bbox 1263 995 1382 1029; x_wconf 83' lang='lat' dir='ltr'>gentur</span> <span class='ocrx_word' id='word_1_619' title='bbox 1403 985 1573 1028; x_wconf 75' lang='lat' dir='ltr'>probabilia</span> <span class='ocrx_word' id='word_1_620' title='bbox 1599 986 1632 1018; x_wconf 66' lang='lat'>(5</span> <span class='ocrx_word' id='word_1_621' title='bbox 1656 984 1816 1028; x_wconf 83' lang='lat' dir='ltr'>manifesta</span> <span class='ocrx_word' id='word_1_622' title='bbox 1835 988 2008 1021; x_wconf 69' lang='lat' dir='ltr'>documenta</span> <span class='ocrx_word' id='word_1_623' title='bbox 2028 1008 2036 1018; x_wconf 84' lang='grc'><em>,</em></span> <span class='ocrx_word' id='word_1_624' title='bbox 2072 989 2155 1021; x_wconf 86' lang='lat' dir='ltr'>Hoc</span> 
     </span>
     <span class='ocr_line' id='line_1_95' title="bbox 1263 1033 2157 1082; baseline 0.003 -15"><span class='ocrx_word' id='word_1_625' title='bbox 1263 1034 1331 1076; x_wconf 81' lang='lat' dir='ltr'>est,</span> <span class='ocrx_word' id='word_1_626' title='bbox 1359 1033 1557 1069; x_wconf 85' lang='lat' dir='ltr'>documenta</span> <span class='ocrx_word' id='word_1_627' title='bbox 1571 1036 1622 1069; x_wconf 86' lang='lat' dir='ltr'>seu</span> <span class='ocrx_word' id='word_1_628' title='bbox 1635 1037 1736 1070; x_wconf 79' lang='lat' dir='ltr'>caulae</span> <span class='ocrx_word' id='word_1_629' title='bbox 1752 1047 1820 1078; x_wconf 85' lang='lat' dir='ltr'>quae</span> <span class='ocrx_word' id='word_1_630' title='bbox 1839 1048 1894 1080; x_wconf 90' lang='lat' dir='ltr'>per</span> <span class='ocrx_word' id='word_1_631' title='bbox 1906 1037 1992 1081; x_wconf 88' lang='lat' dir='ltr'>leges</span> <span class='ocrx_word' id='word_1_632' title='bbox 2016 1038 2157 1082; x_wconf 88' lang='lat' dir='ltr'>proben-</span> 
     </span>
     <span class='ocr_line' id='line_1_96' title="bbox 1264 1084 2173 1129; baseline 0.005 -11"><span class='ocrx_word' id='word_1_633' title='bbox 1264 1096 1334 1120; x_wconf 83' lang='lat' dir='ltr'>tur.</span> <span class='ocrx_word' id='word_1_634' title='bbox 1364 1084 1418 1118; x_wconf 82' lang='lat' dir='ltr'>Est</span> <span class='ocrx_word' id='word_1_635' title='bbox 1433 1085 1656 1119; x_wconf 88' lang='lat' dir='ltr'>subtitulode</span> <span class='ocrx_word' id='word_1_636' title='bbox 1672 1085 1806 1129; x_wconf 85' lang='lat' dir='ltr'>Judaeis,</span> <span class='ocrx_word' id='word_1_637' title='bbox 1833 1087 2027 1127; x_wconf 82' lang='lat' dir='ltr'>Caelicolis,</span> <span class='ocrx_word' id='word_1_638' title='bbox 2051 1100 2090 1122; x_wconf 83' lang='lat' dir='ltr'>ac</span> <span class='ocrx_word' id='word_1_639' title='bbox 2102 1088 2173 1122; x_wconf 84' lang='lat' dir='ltr'>Sa-</span> 
     </span>
     <span class='ocr_line' id='line_1_97' title="bbox 1265 1112 2322 1180; baseline 0.005 -12"><span class='ocrx_word' id='word_1_640' title='bbox 1265 1134 1459 1169; x_wconf 85' lang='lat' dir='ltr'>maritanis.</span> <span class='ocrx_word' id='word_1_641' title='bbox 1501 1135 1538 1168; x_wconf 89' lang='lat' dir='ltr'>ln</span> <span class='ocrx_word' id='word_1_642' title='bbox 1563 1134 1636 1180; x_wconf 81' lang='lat' dir='ltr'>lege</span> <span class='ocrx_word' id='word_1_643' title='bbox 1659 1134 1698 1168; x_wconf 85' lang='lat' dir='ltr'>ad</span> <span class='ocrx_word' id='word_1_644' title='bbox 1718 1135 1896 1171; x_wconf 86' lang='lat' dir='ltr'>Claudium</span> <span class='ocrx_word' id='word_1_645' title='bbox 1937 1112 2253 1174; x_wconf 69' lang='lat' dir='ltr'>Afri&#39;caepro-&lt;3-21’</span> <span class='ocrx_word' id='word_1_646' title='bbox 2267 1120 2322 1167; x_wconf 63' lang='lat'>23</span> 
     </span>
     <span class='ocr_line' id='line_1_98' title="bbox 1264 1185 2153 1228; baseline 0.004 -10"><span class='ocrx_word' id='word_1_647' title='bbox 1264 1185 1446 1220; x_wconf 86' lang='lat' dir='ltr'>Consulem</span> <span class='ocrx_word' id='word_1_648' title='bbox 1468 1186 1591 1228; x_wconf 85' lang='lat' dir='ltr'>primus</span> <span class='ocrx_word' id='word_1_649' title='bbox 1616 1185 1872 1221; x_wconf 81' lang='lat' dir='ltr'>Valentinianus</span> <span class='ocrx_word' id='word_1_650' title='bbox 1884 1196 1968 1221; x_wconf 86' lang='lat' dir='ltr'>vetat</span> <span class='ocrx_word' id='word_1_651' title='bbox 1994 1188 2034 1222; x_wconf 83' lang='lat' dir='ltr'>ad</span> <span class='ocrx_word' id='word_1_652' title='bbox 2049 1190 2153 1222; x_wconf 82' lang='lat' dir='ltr'>sacras</span> 
     </span>
     <span class='ocr_line' id='line_1_99' title="bbox 1265 1235 2156 1279; baseline 0.004 -12"><span class='ocrx_word' id='word_1_653' title='bbox 1265 1236 1333 1270; x_wconf 83' lang='lat' dir='ltr'>suas</span> <span class='ocrx_word' id='word_1_654' title='bbox 1345 1246 1436 1268; x_wconf 85' lang='lat' dir='ltr'>aures</span> <span class='ocrx_word' id='word_1_655' title='bbox 1447 1235 1584 1275; x_wconf 79' lang='lat' dir='ltr'>deferti,</span> <span class='ocrx_word' id='word_1_656' title='bbox 1615 1235 1672 1273; x_wconf 83' lang='lat' dir='ltr'>nifi</span> <span class='ocrx_word' id='word_1_657' title='bbox 1684 1235 1825 1279; x_wconf 78' lang='lat' dir='ltr'>desideria</span> <span class='ocrx_word' id='word_1_658' title='bbox 1833 1237 2017 1278; x_wconf 81' lang='lat' dir='ltr'>probabilia.</span> <span class='ocrx_word' id='word_1_659' title='bbox 2044 1239 2082 1273; x_wconf 76' lang='lat' dir='ltr'>ln</span> <span class='ocrx_word' id='word_1_660' title='bbox 2108 1238 2156 1271; x_wconf 89' lang='lat' dir='ltr'>le·</span> 
     </span>
     <span class='ocr_line' id='line_1_100' title="bbox 1263 1283 2157 1332; baseline 0.004 -14"><span class='ocrx_word' id='word_1_661' title='bbox 1263 1296 1303 1328; x_wconf 89' lang='lat' dir='ltr'>ge</span> <span class='ocrx_word' id='word_1_662' title='bbox 1324 1285 1363 1317; x_wconf 84' lang='lat' dir='ltr'>ad</span> <span class='ocrx_word' id='word_1_663' title='bbox 1379 1283 1602 1318; x_wconf 74' lang='lat' dir='ltr'>provinciales</span> <span class='ocrx_word' id='word_1_664' title='bbox 1613 1284 1794 1329; x_wconf 71' lang='lat' dir='ltr'>imperator</span> <span class='ocrx_word' id='word_1_665' title='bbox 1808 1287 1988 1321; x_wconf 79' lang='lat' dir='ltr'>Gratianus</span> <span class='ocrx_word' id='word_1_666' title='bbox 1999 1290 2157 1332; x_wconf 66' lang='lat' dir='ltr'>exponit:</span> 
     </span>
     <span class='ocr_line' id='line_1_101' title="bbox 1263 1332 2159 1378; baseline 0.007 -14"><span class='ocrx_word' id='word_1_667' title='bbox 1263 1337 1345 1378; x_wconf 63' lang='grc' dir='ltr'>,ραι</span> <span class='ocrx_word' id='word_1_668' title='bbox 1352 1333 1546 1375; x_wconf 73' lang='lat' dir='ltr'>probabiliter</span> <span class='ocrx_word' id='word_1_669' title='bbox 1572 1336 1762 1376; x_wconf 72' lang='lat' dir='ltr'>Principibus</span> <span class='ocrx_word' id='word_1_670' title='bbox 1774 1332 1973 1378; x_wconf 66' lang='lat' dir='ltr'>adserantur.</span> <span class='ocrx_word' id='word_1_671' title='bbox 2004 1338 2083 1370; x_wconf 84' lang='lat' dir='ltr'>Hoc</span> <span class='ocrx_word' id='word_1_672' title='bbox 2096 1339 2159 1377; x_wconf 83' lang='lat' dir='ltr'>est,</span> 
     </span>
     <span class='ocr_line' id='line_1_102' title="bbox 1264 1384 2159 1429; baseline 0.003 -13"><span class='ocrx_word' id='word_1_673' title='bbox 1264 1396 1333 1429; x_wconf 84' lang='lat' dir='ltr'>quae</span> <span class='ocrx_word' id='word_1_674' title='bbox 1355 1385 1534 1420; x_wconf 86' lang='lat' dir='ltr'>fulciantur</span> <span class='ocrx_word' id='word_1_675' title='bbox 1557 1384 1763 1425; x_wconf 88' lang='lat' dir='ltr'>rationibus,</span> <span class='ocrx_word' id='word_1_676' title='bbox 1790 1384 1835 1418; x_wconf 92' lang='lat' dir='ltr'>ob</span> <span class='ocrx_word' id='word_1_677' title='bbox 1858 1397 1939 1428; x_wconf 87' lang='lat' dir='ltr'>quas</span> <span class='ocrx_word' id='word_1_678' title='bbox 1962 1386 1980 1419; x_wconf 73' lang='lat' dir='ltr'>a</span> <span class='ocrx_word' id='word_1_679' title='bbox 2004 1385 2159 1429; x_wconf 76' lang='lat' dir='ltr'>Principe</span> 
     </span>
     <span class='ocr_line' id='line_1_103' title="bbox 1264 1433 2157 1478; baseline 0.003 -11"><span class='ocrx_word' id='word_1_680' title='bbox 1264 1444 1447 1469; x_wconf 85' lang='lat' dir='ltr'>mereantur</span> <span class='ocrx_word' id='word_1_681' title='bbox 1484 1433 1653 1467; x_wconf 86' lang='lat' dir='ltr'>exaudiri.</span> <span class='ocrx_word' id='word_1_682' title='bbox 1680 1434 1717 1468; x_wconf 85' lang='lat' dir='ltr'>ln</span> <span class='ocrx_word' id='word_1_683' title='bbox 1759 1435 1830 1478; x_wconf 84' lang='lat' dir='ltr'>lege</span> <span class='ocrx_word' id='word_1_684' title='bbox 1854 1435 1894 1468; x_wconf 85' lang='lat' dir='ltr'>ad</span> <span class='ocrx_word' id='word_1_685' title='bbox 1917 1436 2157 1471; x_wconf 85' lang='lat' dir='ltr'>Mamertinum</span> 
     </span>
     <span class='ocr_line' id='line_1_104' title="bbox 1265 1483 2156 1529; baseline 0.002 -13"><span class='ocrx_word' id='word_1_686' title='bbox 1265 1484 1422 1518; x_wconf 81' lang='lat' dir='ltr'>Ptaetorio</span> <span class='ocrx_word' id='word_1_687' title='bbox 1434 1483 1724 1529; x_wconf 58' lang='lat' dir='ltr'>Praefectumjdem</span> <span class='ocrx_word' id='word_1_688' title='bbox 1751 1485 1931 1527; x_wconf 81' lang='lat' dir='ltr'>Imperator</span> <span class='ocrx_word' id='word_1_689' title='bbox 1956 1486 2066 1519; x_wconf 83' lang='lat' dir='ltr'>laudat</span> <span class='ocrx_word' id='word_1_690' title='bbox 2085 1495 2156 1527; x_wconf 78' lang='lat' dir='ltr'>pro-</span> 
     </span>
     <span class='ocr_line' id='line_1_105' title="bbox 1263 1533 2158 1576; baseline 0.003 -10"><span class='ocrx_word' id='word_1_691' title='bbox 1263 1534 1389 1568; x_wconf 84' lang='lat' dir='ltr'>babilem</span> <span class='ocrx_word' id='word_1_692' title='bbox 1410 1534 1636 1567; x_wconf 65' lang='lat' dir='ltr'>cunelationem.</span> <span class='ocrx_word' id='word_1_693' title='bbox 1667 1533 1799 1576; x_wconf 82' lang='lat' dir='ltr'>Utique</span> <span class='ocrx_word' id='word_1_694' title='bbox 1811 1537 2052 1569; x_wconf 65' lang='lat' dir='ltr'>cunctationem</span> <span class='ocrx_word' id='word_1_695' title='bbox 2079 1536 2158 1569; x_wconf 73' lang='lat' dir='ltr'>Piae-</span> 
     </span>
     <span class='ocr_line' id='line_1_106' title="bbox 1264 1584 2159 1627; baseline 0.002 -9"><span class='ocrx_word' id='word_1_696' title='bbox 1264 1584 1334 1618; x_wconf 65' lang='lat' dir='ltr'>fecti</span> <span class='ocrx_word' id='word_1_697' title='bbox 1347 1585 1386 1620; x_wconf 85' lang='lat' dir='ltr'>ad</span> <span class='ocrx_word' id='word_1_698' title='bbox 1401 1595 1508 1627; x_wconf 79' lang='lat' dir='ltr'>preces</span> <span class='ocrx_word' id='word_1_699' title='bbox 1521 1584 1780 1617; x_wconf 76' lang='lat' dir='ltr'>provincialium</span> <span class='ocrx_word' id='word_1_700' title='bbox 1792 1609 1799 1617; x_wconf 93' lang='lat'><strong><em>.</em></strong></span> <span class='ocrx_word' id='word_1_701' title='bbox 1831 1586 1908 1620; x_wconf 88' lang='lat' dir='ltr'>Hoc</span> <span class='ocrx_word' id='word_1_702' title='bbox 1931 1585 1975 1619; x_wconf 84' lang='lat' dir='ltr'>est</span> <span class='ocrx_word' id='word_1_703' title='bbox 1992 1611 2002 1626; x_wconf 94' lang='lat'>‚</span> <span class='ocrx_word' id='word_1_704' title='bbox 2029 1588 2159 1620; x_wconf 67' lang='lat' dir='ltr'>cunsta-</span> 
     </span>
     <span class='ocr_line' id='line_1_107' title="bbox 1264 1633 2156 1678; baseline 0.003 -11"><span class='ocrx_word' id='word_1_705' title='bbox 1264 1637 1390 1669; x_wconf 88' lang='lat' dir='ltr'>tionem</span> <span class='ocrx_word' id='word_1_706' title='bbox 1417 1646 1487 1678; x_wconf 82' lang='lat' dir='ltr'>quae</span> <span class='ocrx_word' id='word_1_707' title='bbox 1512 1634 1664 1668; x_wconf 79' lang='lat' dir='ltr'>fulciatur</span> <span class='ocrx_word' id='word_1_708' title='bbox 1702 1633 1860 1678; x_wconf 82' lang='lat' dir='ltr'>legit-imis</span> <span class='ocrx_word' id='word_1_709' title='bbox 1897 1636 2122 1670; x_wconf 79' lang='lat' dir='ltr'>fundamentis</span> <span class='ocrx_word' id='word_1_710' title='bbox 2147 1659 2156 1670; x_wconf 91' lang='lat'>.</span> 
     </span>
     <span class='ocr_line' id='line_1_108' title="bbox 1264 1682 2157 1728; baseline 0 -9"><span class='ocrx_word' id='word_1_711' title='bbox 1264 1685 1407 1719; x_wconf 78' lang='lat' dir='ltr'>Proinde</span> <span class='ocrx_word' id='word_1_712' title='bbox 1426 1685 1524 1718; x_wconf 84' lang='lat' dir='ltr'>etiam</span> <span class='ocrx_word' id='word_1_713' title='bbox 1541 1682 1714 1728; x_wconf 81' lang='lat' dir='ltr'>probabilis</span> <span class='ocrx_word' id='word_1_714' title='bbox 1727 1685 1886 1719; x_wconf 83' lang='lat' dir='ltr'>sententia</span> <span class='ocrx_word' id='word_1_715' title='bbox 1899 1686 1943 1719; x_wconf 84' lang='lat' dir='ltr'>est</span> <span class='ocrx_word' id='word_1_716' title='bbox 1955 1686 2048 1719; x_wconf 87' lang='lat' dir='ltr'>omni</span> <span class='ocrx_word' id='word_1_717' title='bbox 2064 1696 2157 1719; x_wconf 82' lang='lat' dir='ltr'>exce·</span> 
     </span>
     <span class='ocr_line' id='line_1_109' title="bbox 1269 1733 2160 1779; baseline 0.002 -11"><span class='ocrx_word' id='word_1_718' title='bbox 1269 1737 1382 1779; x_wconf 88' lang='lat' dir='ltr'>ptione</span> <span class='ocrx_word' id='word_1_719' title='bbox 1396 1735 1500 1777; x_wconf 84' lang='lat' dir='ltr'>major</span> <span class='ocrx_word' id='word_1_720' title='bbox 1514 1758 1524 1774; x_wconf 91' lang='lat'>,</span> <span class='ocrx_word' id='word_1_721' title='bbox 1557 1733 1602 1767; x_wconf 85' lang='lat' dir='ltr'>est</span> <span class='ocrx_word' id='word_1_722' title='bbox 1616 1734 1690 1768; x_wconf 78' lang='lat' dir='ltr'>talis</span> <span class='ocrx_word' id='word_1_723' title='bbox 1701 1735 1753 1768; x_wconf 87' lang='lat' dir='ltr'>cui</span> <span class='ocrx_word' id='word_1_724' title='bbox 1769 1736 1878 1768; x_wconf 87' lang='lat' dir='ltr'>nullus</span> <span class='ocrx_word' id='word_1_725' title='bbox 1890 1736 1983 1778; x_wconf 85' lang='lat' dir='ltr'>poffit</span> <span class='ocrx_word' id='word_1_726' title='bbox 1994 1746 2034 1769; x_wconf 81' lang='lat' dir='ltr'>ex</span> <span class='ocrx_word' id='word_1_727' title='bbox 2045 1736 2160 1770; x_wconf 87' lang='lat' dir='ltr'>funda·</span> 
     </span>
     <span class='ocr_line' id='line_1_110' title="bbox 1264 1783 2154 1825; baseline 0 -6"><span class='ocrx_word' id='word_1_728' title='bbox 1264 1796 1377 1819; x_wconf 88' lang='lat' dir='ltr'>mento</span> <span class='ocrx_word' id='word_1_729' title='bbox 1393 1784 1579 1824; x_wconf 87' lang='lat' dir='ltr'>detrahere,</span> <span class='ocrx_word' id='word_1_730' title='bbox 1605 1784 1649 1817; x_wconf 80' lang='lat' dir='ltr'>est</span> <span class='ocrx_word' id='word_1_731' title='bbox 1666 1783 1851 1819; x_wconf 54' lang='lat' dir='ltr'>immunis&amp;</span> <span class='ocrx_word' id='word_1_732' title='bbox 1865 1786 2007 1819; x_wconf 85' lang='lat' dir='ltr'>laxitatis</span> <span class='ocrx_word' id='word_1_733' title='bbox 2032 1797 2111 1822; x_wconf 84' lang='lat' dir='ltr'>nota</span> <span class='ocrx_word' id='word_1_734' title='bbox 2141 1809 2154 1825; x_wconf 89' lang='lat'><strong>,</strong></span> 
     </span>
     <span class='ocr_line' id='line_1_111' title="bbox 1263 1834 2158 1879; baseline 0.004 -12"><span class='ocrx_word' id='word_1_735' title='bbox 1263 1836 1306 1869; x_wconf 84' lang='lat' dir='ltr'>est</span> <span class='ocrx_word' id='word_1_736' title='bbox 1320 1834 1400 1870; x_wconf 82' lang='lat' dir='ltr'>boni</span> <span class='ocrx_word' id='word_1_737' title='bbox 1415 1834 1518 1868; x_wconf 86' lang='lat' dir='ltr'>meriti</span> <span class='ocrx_word' id='word_1_738' title='bbox 1533 1860 1542 1874; x_wconf 91' lang='lat'><em>‚</em></span> <span class='ocrx_word' id='word_1_739' title='bbox 1564 1834 1608 1867; x_wconf 84' lang='lat' dir='ltr'>est</span> <span class='ocrx_word' id='word_1_740' title='bbox 1624 1834 1737 1868; x_wconf 86' lang='lat' dir='ltr'>fulcita</span> <span class='ocrx_word' id='word_1_741' title='bbox 1752 1835 1854 1869; x_wconf 85' lang='lat' dir='ltr'>firmis</span> <span class='ocrx_word' id='word_1_742' title='bbox 1864 1835 2041 1876; x_wconf 68' lang='lat' dir='ltr'>anchoris,</span> <span class='ocrx_word' id='word_1_743' title='bbox 2068 1834 2158 1879; x_wconf 78' lang='lat' dir='ltr'>apud</span> 
     </span>
     <span class='ocr_line' id='line_1_112' title="bbox 1269 1884 2159 1929; baseline 0 -10"><span class='ocrx_word' id='word_1_744' title='bbox 1269 1888 1419 1928; x_wconf 58' lang='lat' dir='ltr'>suprema*</span> <span class='ocrx_word' id='word_1_745' title='bbox 1433 1885 1616 1927; x_wconf 80' lang='lat' dir='ltr'>Majessatis</span> <span class='ocrx_word' id='word_1_746' title='bbox 1629 1884 1818 1929; x_wconf 82' lang='lat' dir='ltr'>Principem</span> <span class='ocrx_word' id='word_1_747' title='bbox 1838 1885 1882 1918; x_wconf 91' lang='lat' dir='ltr'>est</span> <span class='ocrx_word' id='word_1_748' title='bbox 1912 1885 2080 1929; x_wconf 80' lang='lat' dir='ltr'>probabile</span> <span class='ocrx_word' id='word_1_749' title='bbox 2101 1884 2159 1919; x_wconf 87' lang='lat' dir='ltr'>hu-</span> 
     </span>
     <span class='ocr_line' id='line_1_113' title="bbox 1264 1934 2159 1979; baseline -0.001 -10"><span class='ocrx_word' id='word_1_750' title='bbox 1264 1935 1575 1970; x_wconf 77' lang='lat' dir='ltr'>manaeinfirrnitatis</span> <span class='ocrx_word' id='word_1_751' title='bbox 1587 1934 1777 1968; x_wconf 81' lang='lat' dir='ltr'>desiderium</span> <span class='ocrx_word' id='word_1_752' title='bbox 1793 1960 1803 1976; x_wconf 89' lang='lat'>,</span> <span class='ocrx_word' id='word_1_753' title='bbox 1830 1947 1867 1969; x_wconf 87' lang='lat' dir='ltr'>ac</span> <span class='ocrx_word' id='word_1_754' title='bbox 1890 1935 1961 1971; x_wconf 83' lang='lat' dir='ltr'>istie</span> <span class='ocrx_word' id='word_1_755' title='bbox 1984 1934 2159 1979; x_wconf 85' lang='lat' dir='ltr'>probabili·</span> 
     </span>
    </p>
   </div>
   <div class='ocr_carea' id='block_1_16' title="bbox 2240 1749 2331 1783">
    <p class='ocr_par' dir='ltr' id='par_1_21' title="bbox 2240 1749 2331 1783">
     <span class='ocr_line' id='line_1_114' title="bbox 2240 1749 2331 1783; baseline 0 -8"><span class='ocrx_word' id='word_1_756' title='bbox 2240 1750 2257 1770; x_wconf 70' lang='lat' dir='ltr'>-t</span> <span class='ocrx_word' id='word_1_757' title='bbox 2270 1749 2331 1783; x_wconf 51' lang='lat'>1³:³11</span> 
     </span>
    </p>
   </div>
   <div class='ocr_carea' id='block_1_17' title="bbox 1266 2132 2339 2559">
    <p class='ocr_par' dir='ltr' id='par_1_22' title="bbox 1266 2132 2278 2274">
     <span class='ocr_line' id='line_1_115' title="bbox 1267 2132 2161 2188; baseline 0.001 -22"><span class='ocrx_word' id='word_1_758' title='bbox 1267 2146 1335 2169; x_wconf 86' lang='lat' dir='ltr'>rum</span> <span class='ocrx_word' id='word_1_759' title='bbox 1350 2158 1357 2166; x_wconf 90' lang='lat'><strong>.</strong></span> <span class='ocrx_word' id='word_1_760' title='bbox 1385 2133 1473 2188; x_wconf 77' lang='lat' dir='ltr'>Qia</span> <span class='ocrx_word' id='word_1_761' title='bbox 1488 2132 1603 2173; x_wconf 74' lang='lat' dir='ltr'>nempe</span> <span class='ocrx_word' id='word_1_762' title='bbox 1616 2132 1739 2165; x_wconf 80' lang='lat' dir='ltr'>servare</span> <span class='ocrx_word' id='word_1_763' title='bbox 1752 2132 1856 2167; x_wconf 80' lang='lat' dir='ltr'>studet</span> <span class='ocrx_word' id='word_1_764' title='bbox 1870 2132 1935 2169; x_wconf 85' lang='lat' dir='ltr'>hoc</span> <span class='ocrx_word' id='word_1_765' title='bbox 1947 2135 2039 2178; x_wconf 69' lang='lat' dir='ltr'>supra</span> <span class='ocrx_word' id='word_1_766' title='bbox 2050 2133 2161 2167; x_wconf 77' lang='lat' dir='ltr'>lauda·</span> 
     </span>
     <span class='ocr_line' id='line_1_116' title="bbox 1267 2181 2162 2227; baseline -0.004 -9"><span class='ocrx_word' id='word_1_767' title='bbox 1267 2196 1334 2218; x_wconf 85' lang='lat' dir='ltr'>tum</span> <span class='ocrx_word' id='word_1_768' title='bbox 1350 2185 1460 2224; x_wconf 71' lang='lat' dir='ltr'>magni</span> <span class='ocrx_word' id='word_1_769' title='bbox 1477 2181 1819 2223; x_wconf 85' lang='lat' dir='ltr'>CaroliCapitulum:</span> <span class='ocrx_word' id='word_1_770' title='bbox 1846 2187 1882 2215; x_wconf 81' lang='lat' dir='ltr'>In</span> <span class='ocrx_word' id='word_1_771' title='bbox 1906 2184 1954 2215; x_wconf 75' lang='lat' dir='ltr'>his</span> <span class='ocrx_word' id='word_1_772' title='bbox 1976 2196 2042 2227; x_wconf 84' lang='lat' dir='ltr'>quae</span> <span class='ocrx_word' id='word_1_773' title='bbox 2066 2182 2162 2217; x_wconf 66' lang='lat' dir='ltr'>dubia</span> 
     </span>
     <span class='ocr_line' id='line_1_117' title="bbox 1266 2210 2285 2274; baseline 0 -10"><span class='ocrx_word' id='word_1_774' title='bbox 1266 2236 1316 2267; x_wconf 85' lang='lat' dir='ltr'>vel</span> <span class='ocrx_word' id='word_1_775' title='bbox 1321 2232 1384 2274; x_wconf 81' lang='lat' dir='ltr'>obs</span> <span class='ocrx_word' id='word_1_776' title='bbox 1386 2244 1440 2263; x_wconf 78' lang='lat' dir='ltr'>ura</span> <span class='ocrx_word' id='word_1_777' title='bbox 1447 2231 1592 2272; x_wconf 81' lang='lat' dir='ltr'>fuerint,</span> <span class='ocrx_word' id='word_1_778' title='bbox 1618 2232 1654 2263; x_wconf 74' lang='lat' dir='ltr'>id</span> <span class='ocrx_word' id='word_1_779' title='bbox 1665 2236 1834 2264; x_wconf 82' lang='lat' dir='ltr'>noverimus</span> <span class='ocrx_word' id='word_1_780' title='bbox 1844 2230 2051 2274; x_wconf 82' lang='lat' dir='ltr'>sequendum,</span> <span class='ocrx_word' id='word_1_781' title='bbox 2075 2233 2162 2273; x_wconf 86' lang='lat' dir='ltr'>quod</span> <span class='ocrx_word' id='word_1_782' title='bbox 2177 2210 2217 2244; x_wconf 54' lang='grc' dir='ltr'>ι’</span> <span class='ocrx_word' id='word_1_783' title='bbox 2221 2210 2249 2244; x_wconf 74' lang='lat' dir='ltr'>b*</span> <span class='ocrx_word' id='word_1_784' title='bbox 2255 2219 2285 2255; x_wconf 86' lang='lat'>7&#39;</span> 
     </span>
    </p>

    <p class='ocr_par' dir='ltr' id='par_1_23' title="bbox 1268 2268 2339 2559">
     <span class='ocr_line' id='line_1_118' title="bbox 1269 2268 2327 2324; baseline -0.002 -8"><span class='ocrx_word' id='word_1_785' title='bbox 1269 2295 1317 2316; x_wconf 85' lang='lat' dir='ltr'>nec</span> <span class='ocrx_word' id='word_1_786' title='bbox 1331 2287 1494 2322; x_wconf 78' lang='lat' dir='ltr'>Praeceptis</span> <span class='ocrx_word' id='word_1_787' title='bbox 1510 2282 1706 2324; x_wconf 83' lang='lat' dir='ltr'>Evangelicis</span> <span class='ocrx_word' id='word_1_788' title='bbox 1719 2288 1926 2322; x_wconf 77' lang='lat' dir='ltr'>contrarium,</span> <span class='ocrx_word' id='word_1_789' title='bbox 1952 2294 2003 2316; x_wconf 86' lang='lat' dir='ltr'>nec</span> <span class='ocrx_word' id='word_1_790' title='bbox 2029 2286 2160 2315; x_wconf 82' lang='lat' dir='ltr'>Decretis</span> <span class='ocrx_word' id='word_1_791' title='bbox 2176 2270 2213 2294; x_wconf 64' lang='lat' dir='ltr'>ca</span> <span class='ocrx_word' id='word_1_792' title='bbox 2216 2271 2246 2304; x_wconf 73' lang='lat' dir='ltr'>P&#39;</span> <span class='ocrx_word' id='word_1_793' title='bbox 2270 2268 2327 2305; x_wconf 75' lang='lat'>40⁰</span> 
     </span>
     <span class='ocr_line' id='line_1_119' title="bbox 1268 2329 2161 2373; baseline -0.001 -7"><span class='ocrx_word' id='word_1_794' title='bbox 1268 2337 1287 2366; x_wconf 88' lang='lat'><em>5</em></span> <span class='ocrx_word' id='word_1_795' title='bbox 1289 2334 1439 2366; x_wconf 57' lang='lat' dir='ltr'>mdiorum</span> <span class='ocrx_word' id='word_1_796' title='bbox 1465 2337 1619 2365; x_wconf 74' lang='lat' dir='ltr'>invenitur</span> <span class='ocrx_word' id='word_1_797' title='bbox 1636 2329 1820 2373; x_wconf 83' lang='lat' dir='ltr'>adversum.</span> <span class='ocrx_word' id='word_1_798' title='bbox 1850 2331 1931 2367; x_wconf 86' lang='lat' dir='ltr'>Haec</span> <span class='ocrx_word' id='word_1_799' title='bbox 1955 2334 2069 2366; x_wconf 87' lang='lat' dir='ltr'>omnia</span> <span class='ocrx_word' id='word_1_800' title='bbox 2097 2331 2161 2366; x_wconf 75' lang='lat' dir='ltr'>alte</span> 
     </span>
     <span class='ocr_line' id='line_1_120' title="bbox 1269 2378 2160 2424; baseline 0 -8"><span class='ocrx_word' id='word_1_801' title='bbox 1269 2378 1413 2417; x_wconf 80' lang='lat' dir='ltr'>clamant</span> <span class='ocrx_word' id='word_1_802' title='bbox 1456 2383 1555 2424; x_wconf 84' lang='lat' dir='ltr'>ipsam</span> <span class='ocrx_word' id='word_1_803' title='bbox 1593 2381 1655 2414; x_wconf 67' lang='lat' dir='ltr'>esse</span> <span class='ocrx_word' id='word_1_804' title='bbox 1682 2382 1767 2414; x_wconf 88' lang='lat' dir='ltr'>viam</span> <span class='ocrx_word' id='word_1_805' title='bbox 1794 2382 1934 2416; x_wconf 86' lang='lat' dir='ltr'>securam</span> <span class='ocrx_word' id='word_1_806' title='bbox 1960 2384 1992 2416; x_wconf 72' lang='grc' dir='ltr'>ὅ(</span> <span class='ocrx_word' id='word_1_807' title='bbox 2015 2393 2122 2416; x_wconf 86' lang='lat' dir='ltr'>tutam</span> <span class='ocrx_word' id='word_1_808' title='bbox 2149 2405 2160 2415; x_wconf 88' lang='lat'>.</span> 
     </span>
     <span class='ocr_line' id='line_1_121' title="bbox 1271 2432 2308 2475; baseline 0 -9"><span class='ocrx_word' id='word_1_809' title='bbox 1271 2432 1522 2475; x_wconf 72' lang='lat' dir='ltr'>Nempealapsu</span> <span class='ocrx_word' id='word_1_810' title='bbox 1545 2442 1638 2465; x_wconf 83' lang='lat' dir='ltr'>extra</span> <span class='ocrx_word' id='word_1_811' title='bbox 1662 2432 1761 2464; x_wconf 88' lang='lat' dir='ltr'>vitam</span> <span class='ocrx_word' id='word_1_812' title='bbox 1787 2442 1958 2466; x_wconf 76' lang='lat' dir='ltr'>aeternam.</span> <span class='ocrx_word' id='word_1_813' title='bbox 1987 2433 2073 2466; x_wconf 84' lang='lat' dir='ltr'>Tres</span> <span class='ocrx_word' id='word_1_814' title='bbox 2098 2444 2159 2474; x_wconf 85' lang='lat' dir='ltr'>po·</span> <span class='ocrx_word' id='word_1_815' title='bbox 2306 2452 2308 2454; x_wconf 33' lang='grc' dir='ltr'><em>ν</em></span> 
     </span>
     <span class='ocr_line' id='line_1_122' title="bbox 1271 2456 2339 2559; baseline 0.001 -43"><span class='ocrx_word' id='word_1_816' title='bbox 1271 2485 1390 2516; x_wconf 61' lang='lat' dir='ltr'>strenia*</span> <span class='ocrx_word' id='word_1_817' title='bbox 1404 2483 1490 2526; x_wconf 73' lang='lat' dir='ltr'>leges</span> <span class='ocrx_word' id='word_1_818' title='bbox 1503 2483 1629 2515; x_wconf 77' lang='lat' dir='ltr'>exstant</span> <span class='ocrx_word' id='word_1_819' title='bbox 1644 2482 1683 2515; x_wconf 85' lang='lat' dir='ltr'>ad</span> <span class='ocrx_word' id='word_1_820' title='bbox 1699 2482 1830 2517; x_wconf 86' lang='lat' dir='ltr'>titulum</span> <span class='ocrx_word' id='word_1_821' title='bbox 1846 2482 1887 2516; x_wconf 90' lang='lat' dir='ltr'>de</span> <span class='ocrx_word' id='word_1_822' title='bbox 1901 2482 2034 2528; x_wconf 85' lang='lat' dir='ltr'>Legatis</span> <span class='ocrx_word' id='word_1_823' title='bbox 2046 2484 2079 2517; x_wconf 84' lang='lat'>&amp;</span> <span class='ocrx_word' id='word_1_824' title='bbox 2095 2484 2160 2517; x_wconf 86' lang='lat' dir='ltr'>De·</span> <span class='ocrx_word' id='word_1_825' title='bbox 2177 2461 2256 2559; x_wconf 56' lang='lat'>{3³1²</span> <span class='ocrx_word' id='word_1_826' title='bbox 2271 2456 2339 2508; x_wconf 80' lang='lat'><strong>3-6·</strong></span> 
     </span>
    </p>
   </div>
   <div class='ocr_carea' id='block_1_18' title="bbox 1271 2533 1600 2577">
    <p class='ocr_par' dir='ltr' id='par_1_24' title="bbox 1271 2533 1600 2577">
     <span class='ocr_line' id='line_1_123' title="bbox 1271 2533 1600 2577; baseline -0.012 -9"><span class='ocrx_word' id='word_1_827' title='bbox 1271 2535 1364 2568; x_wconf 81' lang='lat' dir='ltr'>cretis</span> <span class='ocrx_word' id='word_1_828' title='bbox 1379 2533 1583 2577; x_wconf 80' lang='lat' dir='ltr'>legationum</span> <span class='ocrx_word' id='word_1_829' title='bbox 1593 2556 1600 2564; x_wconf 89' lang='lat'><strong>.</strong></span> 
     </span>
    </p>
   </div>
   <div class='ocr_carea' id='block_1_19' title="bbox 1274 2630 2161 2827">
    <p class='ocr_par' dir='ltr' id='par_1_25' title="bbox 1274 2630 2161 2827">
     <span class='ocr_line' id='line_1_124' title="bbox 1472 2630 1946 2669; baseline -0.002 -4"><span class='ocrx_word' id='word_1_830' title='bbox 1472 2631 1504 2665; x_wconf 92' lang='lat' dir='ltr'>C</span> <span class='ocrx_word' id='word_1_831' title='bbox 1530 2631 1562 2666; x_wconf 90' lang='lat' dir='ltr'>A</span> <span class='ocrx_word' id='word_1_832' title='bbox 1589 2630 1617 2665; x_wconf 91' lang='lat' dir='ltr'>P</span> <span class='ocrx_word' id='word_1_833' title='bbox 1646 2631 1685 2668; x_wconf 89' lang='lat' dir='ltr'>U</span> <span class='ocrx_word' id='word_1_834' title='bbox 1712 2631 1749 2667; x_wconf 89' lang='lat' dir='ltr'><strong>T</strong></span> <span class='ocrx_word' id='word_1_835' title='bbox 1850 2632 1946 2669; x_wconf 82' lang='lat' dir='ltr'>XII.</span> 
     </span>
     <span class='ocr_line' id='line_1_125' title="bbox 1274 2730 2161 2775; baseline 0 -9"><span class='ocrx_word' id='word_1_836' title='bbox 1274 2733 1495 2773; x_wconf 76' lang='lat' dir='ltr'>Demonstratur</span> <span class='ocrx_word' id='word_1_837' title='bbox 1516 2733 1595 2775; x_wconf 82' lang='lat' dir='ltr'>quod</span> <span class='ocrx_word' id='word_1_838' title='bbox 1606 2738 1684 2766; x_wconf 75' lang='lat' dir='ltr'>inter</span> <span class='ocrx_word' id='word_1_839' title='bbox 1704 2731 1876 2774; x_wconf 74' lang='lat' dir='ltr'>probabiles</span> <span class='ocrx_word' id='word_1_840' title='bbox 1889 2730 2058 2774; x_wconf 60' lang='lat' dir='ltr'>sententias</span> <span class='ocrx_word' id='word_1_841' title='bbox 2084 2742 2161 2766; x_wconf 78' lang='lat' dir='ltr'>veru</span> 
     </span>
     <span class='ocr_line' id='line_1_126' title="bbox 1323 2781 2110 2827; baseline -0.004 -10"><span class='ocrx_word' id='word_1_842' title='bbox 1323 2785 1496 2827; x_wconf 84' lang='lat' dir='ltr'>quandoque</span> <span class='ocrx_word' id='word_1_843' title='bbox 1511 2785 1656 2816; x_wconf 78' lang='lat' dir='ltr'>videatur</span> <span class='ocrx_word' id='word_1_844' title='bbox 1670 2808 1680 2823; x_wconf 97' lang='lat'>,</span> <span class='ocrx_word' id='word_1_845' title='bbox 1707 2784 1796 2815; x_wconf 78' lang='lat' dir='ltr'>immo</span> <span class='ocrx_word' id='word_1_846' title='bbox 1809 2783 1842 2815; x_wconf 71' lang='lat'>(⁴2⁶</span> <span class='ocrx_word' id='word_1_847' title='bbox 1849 2781 1888 2822; x_wconf 80' lang='lat' dir='ltr'>fit</span> <span class='ocrx_word' id='word_1_848' title='bbox 1909 2783 2009 2818; x_wconf 68' lang='lat' dir='ltr'>mimis</span> <span class='ocrx_word' id='word_1_849' title='bbox 2021 2790 2091 2816; x_wconf 82' lang='lat' dir='ltr'>tuta</span> <span class='ocrx_word' id='word_1_850' title='bbox 2102 2806 2110 2814; x_wconf 87' lang='lat'>.</span> 
     </span>
    </p>
   </div>
   <div class='ocr_carea' id='block_1_20' title="bbox 1272 2880 2209 3476">
    <p class='ocr_par' dir='ltr' id='par_1_26' title="bbox 1337 2880 2162 2927">
     <span class='ocr_line' id='line_1_127' title="bbox 1337 2880 2162 2927; baseline -0.004 -10"><span class='ocrx_word' id='word_1_851' title='bbox 1337 2883 1434 2917; x_wconf 70' lang='lat' dir='ltr'>Aucti</span> <span class='ocrx_word' id='word_1_852' title='bbox 1461 2883 1641 2927; x_wconf 78' lang='lat' dir='ltr'>Augustini</span> <span class='ocrx_word' id='word_1_853' title='bbox 1675 2882 1833 2915; x_wconf 84' lang='lat' dir='ltr'>sententia</span> <span class='ocrx_word' id='word_1_854' title='bbox 1856 2906 1866 2921; x_wconf 91' lang='lat'>‚</span> <span class='ocrx_word' id='word_1_855' title='bbox 1894 2893 1964 2925; x_wconf 71' lang='lat' dir='ltr'>quae</span> <span class='ocrx_word' id='word_1_856' title='bbox 2003 2880 2162 2922; x_wconf 70' lang='lat' dir='ltr'>injustum</span> 
     </span>
    </p>

    <p class='ocr_par' dir='ltr' id='par_1_27' title="bbox 1272 2930 2209 3476">
     <span class='ocr_line' id='line_1_128' title="bbox 1359 2930 2160 2978; baseline -0.005 -11"><span class='ocrx_word' id='word_1_857' title='bbox 1359 2935 1433 2967; x_wconf 87' lang='lat' dir='ltr'>vitae</span> <span class='ocrx_word' id='word_1_858' title='bbox 1467 2934 1680 2978; x_wconf 81' lang='lat' dir='ltr'>aggrefforem</span> <span class='ocrx_word' id='word_1_859' title='bbox 1705 2942 1800 2975; x_wconf 91' lang='lat' dir='ltr'>negat</span> <span class='ocrx_word' id='word_1_860' title='bbox 1822 2931 1908 2974; x_wconf 79' lang='lat' dir='ltr'>posse</span> <span class='ocrx_word' id='word_1_861' title='bbox 1934 2931 2042 2966; x_wconf 87' lang='lat' dir='ltr'>occidi</span> <span class='ocrx_word' id='word_1_862' title='bbox 2059 2952 2076 2970; x_wconf 67' lang='lat'>,</span> <span class='ocrx_word' id='word_1_863' title='bbox 2115 2930 2160 2964; x_wconf 84' lang='lat' dir='ltr'>est</span> 
     </span>
     <span class='ocr_line' id='line_1_129' title="bbox 1272 2980 2162 3028; baseline -0.003 -10"><span class='ocrx_word' id='word_1_864' title='bbox 1272 2985 1418 3028; x_wconf 79' lang='lat' dir='ltr'>opposita</span> <span class='ocrx_word' id='word_1_865' title='bbox 1445 2983 1599 3027; x_wconf 86' lang='lat' dir='ltr'>Angelici</span> <span class='ocrx_word' id='word_1_866' title='bbox 1629 2983 1784 3016; x_wconf 74' lang='lat' dir='ltr'>Dostoris</span> <span class='ocrx_word' id='word_1_867' title='bbox 1825 2982 1986 3022; x_wconf 87' lang='lat' dir='ltr'>opinione</span> <span class='ocrx_word' id='word_1_868' title='bbox 2018 2980 2162 3015; x_wconf 66' lang='lat' dir='ltr'>omnin&amp;</span> 
     </span>
     <span class='ocr_line' id='line_1_130' title="bbox 1273 3030 2164 3076; baseline -0.007 -8"><span class='ocrx_word' id='word_1_869' title='bbox 1273 3035 1392 3068; x_wconf 88' lang='lat' dir='ltr'>tutior.</span> <span class='ocrx_word' id='word_1_870' title='bbox 1423 3035 1530 3067; x_wconf 87' lang='lat' dir='ltr'>Etiam</span> <span class='ocrx_word' id='word_1_871' title='bbox 1556 3033 1715 3066; x_wconf 86' lang='lat' dir='ltr'>sententia</span> <span class='ocrx_word' id='word_1_872' title='bbox 1732 3057 1742 3073; x_wconf 93' lang='lat'>‚</span> <span class='ocrx_word' id='word_1_873' title='bbox 1767 3043 1835 3076; x_wconf 83' lang='lat' dir='ltr'>quae</span> <span class='ocrx_word' id='word_1_874' title='bbox 1850 3031 1958 3064; x_wconf 88' lang='lat' dir='ltr'>Reum</span> <span class='ocrx_word' id='word_1_875' title='bbox 1975 3042 2028 3074; x_wconf 89' lang='lat' dir='ltr'>per</span> <span class='ocrx_word' id='word_1_876' title='bbox 2042 3030 2164 3074; x_wconf 80' lang='lat' dir='ltr'>allega-</span> 
     </span>
     <span class='ocr_line' id='line_1_131' title="bbox 1273 3082 2163 3127; baseline -0.006 -9"><span class='ocrx_word' id='word_1_877' title='bbox 1273 3086 1348 3119; x_wconf 91' lang='lat' dir='ltr'>ta&amp;</span> <span class='ocrx_word' id='word_1_878' title='bbox 1374 3084 1507 3127; x_wconf 84' lang='lat' dir='ltr'>probata</span> <span class='ocrx_word' id='word_1_879' title='bbox 1531 3083 1718 3116; x_wconf 61' lang='lat' dir='ltr'>convictum</span> <span class='ocrx_word' id='word_1_880' title='bbox 1740 3082 1780 3115; x_wconf 90' lang='lat' dir='ltr'>ad</span> <span class='ocrx_word' id='word_1_881' title='bbox 1805 3091 1943 3115; x_wconf 88' lang='lat' dir='ltr'>mortem</span> <span class='ocrx_word' id='word_1_882' title='bbox 1960 3104 1971 3120; x_wconf 90' lang='lat'>,</span> <span class='ocrx_word' id='word_1_883' title='bbox 1997 3092 2095 3125; x_wconf 83' lang='lat' dir='ltr'>quem</span> <span class='ocrx_word' id='word_1_884' title='bbox 2120 3092 2163 3114; x_wconf 86' lang='lat' dir='ltr'>ex</span> 
     </span>
     <span class='ocr_line' id='line_1_132' title="bbox 1274 3131 2164 3178; baseline -0.003 -11"><span class='ocrx_word' id='word_1_885' title='bbox 1274 3136 1394 3178; x_wconf 82' lang='lat' dir='ltr'>privata</span> <span class='ocrx_word' id='word_1_886' title='bbox 1419 3133 1550 3167; x_wconf 85' lang='lat' dir='ltr'>scientia</span> <span class='ocrx_word' id='word_1_887' title='bbox 1564 3131 1666 3175; x_wconf 85' lang='lat' dir='ltr'>Judex</span> <span class='ocrx_word' id='word_1_888' title='bbox 1681 3132 1771 3165; x_wconf 89' lang='lat' dir='ltr'>novit</span> <span class='ocrx_word' id='word_1_889' title='bbox 1800 3132 2036 3171; x_wconf 84' lang='lat' dir='ltr'>innocentem,</span> <span class='ocrx_word' id='word_1_890' title='bbox 2066 3141 2164 3174; x_wconf 85' lang='lat' dir='ltr'>negat</span> 
     </span>
     <span class='ocr_line' id='line_1_133' title="bbox 1274 3181 2162 3228; baseline -0.006 -10"><span class='ocrx_word' id='word_1_891' title='bbox 1274 3187 1360 3228; x_wconf 77' lang='lat' dir='ltr'>poffe</span> <span class='ocrx_word' id='word_1_892' title='bbox 1371 3184 1517 3218; x_wconf 84' lang='lat' dir='ltr'>damnari</span> <span class='ocrx_word' id='word_1_893' title='bbox 1533 3208 1542 3220; x_wconf 91' lang='lat'>,</span> <span class='ocrx_word' id='word_1_894' title='bbox 1570 3183 1612 3216; x_wconf 86' lang='lat' dir='ltr'>est</span> <span class='ocrx_word' id='word_1_895' title='bbox 1635 3182 1736 3224; x_wconf 65' lang='lat' dir='ltr'>palam</span> <span class='ocrx_word' id='word_1_896' title='bbox 1758 3182 1860 3214; x_wconf 85' lang='lat' dir='ltr'>tutior</span> <span class='ocrx_word' id='word_1_897' title='bbox 1884 3182 1938 3214; x_wconf 87' lang='lat' dir='ltr'>sua</span> <span class='ocrx_word' id='word_1_898' title='bbox 1964 3181 2162 3214; x_wconf 82' lang='lat' dir='ltr'>adversaria.</span> 
     </span>
     <span class='ocr_line' id='line_1_134' title="bbox 1277 3230 2209 3275; baseline -0.004 -7"><span class='ocrx_word' id='word_1_899' title='bbox 1277 3235 1394 3268; x_wconf 86' lang='lat' dir='ltr'>Eadem</span> <span class='ocrx_word' id='word_1_900' title='bbox 1419 3234 1462 3266; x_wconf 75' lang='lat' dir='ltr'>est</span> <span class='ocrx_word' id='word_1_901' title='bbox 1484 3234 1568 3266; x_wconf 87' lang='lat' dir='ltr'>ratio</span> <span class='ocrx_word' id='word_1_902' title='bbox 1591 3233 1631 3266; x_wconf 88' lang='lat' dir='ltr'>de</span> <span class='ocrx_word' id='word_1_903' title='bbox 1653 3230 1844 3275; x_wconf 78' lang='lat' dir='ltr'>quibusdam</span> <span class='ocrx_word' id='word_1_904' title='bbox 1874 3230 2061 3273; x_wconf 84' lang='lat' dir='ltr'>hujusmodi</span> <span class='ocrx_word' id='word_1_905' title='bbox 2090 3230 2162 3264; x_wconf 84' lang='lat' dir='ltr'>aliis</span> <span class='ocrx_word' id='word_1_906' title='bbox 2205 3252 2209 3256; x_wconf 93' lang='lat'>·</span> 
     </span>
     <span class='ocr_line' id='line_1_135' title="bbox 1273 3280 2161 3318; baseline -0.007 0"><span class='ocrx_word' id='word_1_907' title='bbox 1273 3285 1371 3318; x_wconf 69' lang='lat' dir='ltr'>saneti</span> <span class='ocrx_word' id='word_1_908' title='bbox 1392 3283 1537 3316; x_wconf 81' lang='lat' dir='ltr'>Thomae</span> <span class='ocrx_word' id='word_1_909' title='bbox 1548 3281 1792 3315; x_wconf 71' lang='lat' dir='ltr'>assertionibus.</span> <span class='ocrx_word' id='word_1_910' title='bbox 1817 3280 1858 3314; x_wconf 90' lang='lat' dir='ltr'>Et</span> <span class='ocrx_word' id='word_1_911' title='bbox 1880 3291 1988 3314; x_wconf 85' lang='lat' dir='ltr'>tamen</span> <span class='ocrx_word' id='word_1_912' title='bbox 2016 3280 2161 3313; x_wconf 80' lang='lat' dir='ltr'>Alexan·</span> 
     </span>
     <span class='ocr_line' id='line_1_136' title="bbox 1273 3330 2159 3375; baseline -0.006 -8"><span class='ocrx_word' id='word_1_913' title='bbox 1273 3334 1330 3367; x_wconf 89' lang='lat' dir='ltr'>der</span> <span class='ocrx_word' id='word_1_914' title='bbox 1357 3333 1509 3375; x_wconf 75' lang='lat' dir='ltr'>septimus</span> <span class='ocrx_word' id='word_1_915' title='bbox 1543 3333 1641 3365; x_wconf 85' lang='lat' dir='ltr'>etiam</span> <span class='ocrx_word' id='word_1_916' title='bbox 1667 3331 1722 3363; x_wconf 83' lang='lat' dir='ltr'>has</span> <span class='ocrx_word' id='word_1_917' title='bbox 1747 3330 1923 3365; x_wconf 83' lang='lat' dir='ltr'>declaravit</span> <span class='ocrx_word' id='word_1_918' title='bbox 1952 3330 2124 3364; x_wconf 67' lang='lat' dir='ltr'>tutissimas</span> <span class='ocrx_word' id='word_1_919' title='bbox 2151 3353 2159 3362; x_wconf 92' lang='lat'><strong>.</strong></span> 
     </span>
     <span class='ocr_line' id='line_1_137' title="bbox 1275 3378 2164 3425; baseline -0.008 -8"><span class='ocrx_word' id='word_1_920' title='bbox 1275 3383 1379 3417; x_wconf 76' lang='lat' dir='ltr'>Porro</span> <span class='ocrx_word' id='word_1_921' title='bbox 1390 3383 1430 3417; x_wconf 88' lang='lat' dir='ltr'>de</span> <span class='ocrx_word' id='word_1_922' title='bbox 1446 3383 1675 3416; x_wconf 88' lang='lat' dir='ltr'>Romanorum</span> <span class='ocrx_word' id='word_1_923' title='bbox 1691 3380 1891 3414; x_wconf 84' lang='lat' dir='ltr'>Pontificum</span> <span class='ocrx_word' id='word_1_924' title='bbox 1903 3379 2104 3425; x_wconf 85' lang='lat' dir='ltr'>dogmaticis</span> <span class='ocrx_word' id='word_1_925' title='bbox 2115 3378 2164 3420; x_wconf 84' lang='lat' dir='ltr'>ju·</span> 
     </span>
     <span class='ocr_line' id='line_1_138' title="bbox 1273 3427 2167 3476; baseline -0.006 -9"><span class='ocrx_word' id='word_1_926' title='bbox 1273 3432 1366 3467; x_wconf 77' lang='lat' dir='ltr'>diciis</span> <span class='ocrx_word' id='word_1_927' title='bbox 1378 3443 1476 3476; x_wconf 86' lang='lat' dir='ltr'>atque</span> <span class='ocrx_word' id='word_1_928' title='bbox 1490 3432 1668 3473; x_wconf 86' lang='lat' dir='ltr'>Rescriptis</span> <span class='ocrx_word' id='word_1_929' title='bbox 1680 3430 1762 3463; x_wconf 84' lang='lat' dir='ltr'>olim</span> <span class='ocrx_word' id='word_1_930' title='bbox 1774 3431 1860 3467; x_wconf 79' lang='lat' dir='ltr'>dixit</span> <span class='ocrx_word' id='word_1_931' title='bbox 1883 3432 1988 3465; x_wconf 82' lang='lat' dir='ltr'>noster</span> <span class='ocrx_word' id='word_1_932' title='bbox 2013 3427 2167 3462; x_wconf 71' lang='lat' dir='ltr'>sanstiffi-</span> 
     </span>
    </p>
   </div>
   <div class='ocr_carea' id='block_1_21' title="bbox 1275 3479 2169 3561">
    <p class='ocr_par' dir='ltr' id='par_1_28' title="bbox 1275 3479 2169 3561">
     <span class='ocr_line' id='line_1_139' title="bbox 1275 3479 2169 3538; baseline -0.011 -17"><span class='ocrx_word' id='word_1_933' title='bbox 1275 3495 1348 3521; x_wconf 78' lang='lat' dir='ltr'>mus</span> <span class='ocrx_word' id='word_1_934' title='bbox 1365 3481 1544 3529; x_wconf 82' lang='lat' dir='ltr'>Apostolus</span> <span class='ocrx_word' id='word_1_935' title='bbox 1567 3490 1665 3528; x_wconf 81' lang='lat' dir='ltr'>atque</span> <span class='ocrx_word' id='word_1_936' title='bbox 1676 3481 1804 3525; x_wconf 77' lang='lat' dir='ltr'>Martyr</span> <span class='ocrx_word' id='word_1_937' title='bbox 1827 3479 2017 3517; x_wconf 78' lang='lat' dir='ltr'>Bonifacius</span> <span class='ocrx_word' id='word_1_938' title='bbox 2036 3490 2044 3511; x_wconf 86' lang='lat'>:</span> <span class='ocrx_word' id='word_1_939' title='bbox 2071 3481 2169 3538; x_wconf 55' lang='lat' dir='ltr'>Retic-</span> 
     </span>
     <span class='ocr_line' id='line_1_140' title="bbox 2094 3539 2132 3561; baseline 0 0"><span class='ocrx_word' id='word_1_940' title='bbox 2094 3539 2132 3561; x_wconf 82' lang='lat' dir='ltr'>ra</span> 
     </span>
    </p>
   </div>
  </div>
 </body>
</html>
