2366 3736
343 163 459 219 ⁴176
517 165 525 176 ⁴

308 246 311 249 '
323 241 474 285 versorum
502 242 678 284 pertinacia·
700 259 712 277 ,

301 803 369 834 quae
389 797 422 825 in
444 792 537 832 libello
555 788 608 834 suo
623 789 743 832 posuit,
769 797 930 833 cogeretur.

309 839 311 841 ¹
350 842 462 887 Pergit
485 843 517 875 in
545 841 628 874 libro
651 841 691 874 de
710 850 844 883 peccato
870 839 1051 884 originali:
1080 842 1181 873 Atten-

295 893 346 924 dt't
369 899 459 924 etiam
491 891 676 930 Beariffimus
710 893 797 931 Papa
829 892 972 922 Zozimus
993 914 1003 930 ,
1039 891 1115 932 quid
1141 890 1179 923 de

296 942 419 986 Pelagio
435 941 556 985 sentiret
575 941 775 982 ,eradicanda
798 945 829 971 in
842 943 966 972 Domino
982 944 1180 972 Romanorum

290 991 368 1034 fides
388 1018 398 1034 ,
425 1004 546 1035 quorum
567 991 718 1024 adversas
742 992 805 1031 ejus
830 1001 954 1023 errorem
972 999 1028 1032 pro
1050 995 1179 1023 veritate

294 1042 449 1076 catholica
454 1043 554 1083 studia
564 1039 754 1084 consonanua
762 1039 891 1083 flagrare
911 1041 1049 1074 cernebat
1063 1064 1074 1080 ‚
1099 1045 1178 1072 inter

290 1103 363 1135 quos
387 1095 436 1126 ille
457 1095 509 1126 diu
533 1097 676 1131 vixerat,
703 1092 737 1124 (9·
761 1102 831 1133 quos
843 1092 910 1131 ejus
933 1092 1076 1134 dogmata
1087 1091 1178 1123 latere

290 1154 349 1175 mn
365 1150 524 1183 poterant,
553 1148 605 1184 qui
618 1140 769 1179 celestium
791 1143 856 1180 ejus
873 1142 926 1183 esJe
947 1138 1120 1182 discipulum
1137 1137 1177 1179 fic

287 1202 438 1229 neverant
458 1216 469 1231 ‚
496 1201 529 1224 ut
559 1192 754 1232 fideliffimum
777 1191 811 1223 (ff
835 1189 1026 1231 firmiffimum
1049 1190 1088 1222 de
1119 1188 1177 1228 huo

287 1253 319 1274 re
335 1241 448 1283 possent
471 1240 665 1279 testimonium
684 1236 840 1279 perbibere
862 1263 869 1271 .
898 1238 1066 1278 Adversus
1089 1239 1177 1284 fugi·

283 1293 387 1327 ,tivum
412 1290 492 1334 ergo
516 1289 697 1322 Celestium
721 1311 732 1328 ‚

284 1353 360 1374 cum
379 1367 388 1382 ,
416 1340 525 1375 omnis
548 1338 657 1372 Roma
679 1338 902 1372 conclamavit
926 1364 932 1370 .
960 1339 1053 1373 Hinc
1077 1340 1109 1373 in
1136 1339 1174 1373 li·

286 1392 345 1427 bro
367 1392 406 1425 ad
432 1389 643 1423 Bonifacium
666 1387 864 1422 Pontificem
888 1390 992 1433 pergit
1017 1388 1173 1433 Augusti-

283 1455 369 1476 nus.-
397 1443 490 1485 ,Quod
512 1441 531 1472 ἃ
554 1442 683 1477 Zozymo
704 1438 802 1480 posted
824 1438 963 1479 celestius
987 1441 1021 1472 Θ·
1036 1441 1170 1483 Pelagius

281 1493 409 1534 repetita
431 1492 605 1524 auc‘lorttate
629 1491 768 1522 damnati
785 1487 856 1531 sunt
869 1513 880 1530 ‚
901 1490 1062 1531 paululum
1081 1484 1171 1522 litier-

281 1543 373 1585 miffae
396 1567 405 1582 ‚
429 1541 487 1585 sed
509 1541 663 1583 neceffarib
683 1538 873 1582 proferendae
894 1546 973 1572 ratio
992 1537 1170 1583 severitatis

275 1593 360 1638 ficit.
386 1590 494 1625 Etiam
508 1590 587 1624 alibi
611 1591 796 1633 frequenter
819 1589 900 1622 dicit
920 1590 1105 1622 innocentii
1131 1588 1175 1623 de'
1207 1594 1210 1598 ’

278 1642 416 1687 Pelagio
439 1643 473 1676 ὅ(
499 1639 643 1677 Celestio
675 1640 837 1684 judicium
861 1638 955 1673 fuisse
975 1640 993 1672 a
1017 1641 1170 1683 Zozymo

279 1694 513 1727 confirmatum
526 1717 534 1728 ,
678 1687 682 1689 ’

330 1743 500 1777 Exceffiffe
536 1742 568 1775 se
602 1740 684 1774 vidit
713 1740 746 1774 in
773 1739 951 1775 Africanos
985 1739 1170 1783 Episcopus

278 1793 448 1836 Zozymus
469 1817 476 1824 .
507 1792 601 1825 Hinc
628 1791 786 1834 insignem
810 1789 851 1824 ad
875 1792 960 1834 ipsos
980 1789 1068 1824 dedit
1093 1790 1168 1833 Epi-

278 1843 397 1877 stolam
415 1868 426 1884 ,
467 1843 638 1876 inculcans
673 1840 862 1875 Romanam
899 1840 1076 1874 Ecclesiam
1107 1841 1170 1873 esse

278 1895 432 1927 omnium
465 1892 661 1926 afflistorum
698 1891 824 1933 asylum
844 1915 854 1930 ‚
884 1890 1006 1923 nullius
1034 1890 1170 1933 appella·

280 1945 406 1978 tionem
436 1944 524 1985 posse
547 1940 657 1984 repelli
679 1964 689 1979 ,
715 1942 815 1973 etiam
838 1940 1015 1974 Celestium
1042 1951 1080 1974 ao
1115 1938 1169 1972 Pe-

278 1994 406 2039 lagium
430 1993 524 2027 fuisse
547 1989 750 2037 audiendos³
776 1989 1024 2034 Carthagine&
1049 1988 1169 2022 Milevi

282 2045 359 2078 data
383 2045 415 2077 in
442 2044 527 2086 ipsos
548 2040 668 2084 judicia
683 2051 751 2073 non
774 2042 891 2073 cassata
912 2040 1029 2081 fuisse,
1057 2039 1109 2072 sed
1125 2040 1171 2071 su·

284 2095 393 2138 spensa
416 2093 589 2127 dumtaxat
610 2114 620 2130 ‚
655 2090 783 2133 aliaque
809 2087 840 2122 id
863 2096 968 2135 'genus
990 2110 1002 2122 .-
1041 2089 1172 2121 Exinde

284 2146 317 2178 in
336 2145 516 2186 episcopos
530 2143 607 2176 istos
621 2165 630 2180 ‚
658 2140 810 2174 Sannum
825 2141 992 2181 pra-sertim
1015 2136 1171 2182 Augusti-

284 2206 366 2229 num
378 2217 388 2232 ,
415 2193 545 2226 istarum
558 2191 768 2233 Synodorurn
784 2190 946 2222 austorem
960 2213 970 2229 ,
984 2187 1080 2220 >adeo
1102 2197 1172 2231 pro-

285 2246 399 2288 pensus
421 2242 482 2275 fuit
497 2266 507 2282 ,
534 2251 572 2275 ut
594 2241 686 2272 illum
711 2238 903 2281 Apostolica
925 2238 965 2272 ad
991 2234 1171 2275 caesareen-

284 2296 351 2328 sem
367 2293 601 2326 Mauritaniam
612 2288 775 2334 legatione
790 2287 959 2321 honorarit
974 2312 984 2328 ,
995 2287 1053 2331 per
1068 2288 1172 2330 ipsum

287 2342 515 2388 August-inum
528 2340 656 2374 laudata
671 2340 703 2371 in
725 2339 840 2372 litteris
851 2339 891 2372 ad
915 2341 1077 2380 optatum
1099 2333 1174 2380 Epi-

288 2395 426 2435 scopum
441 2416 451 2432 ‚
477 2392 512 2425 &
526 2388 558 2424 i'n
575 2391 666 2423 libris
677 2389 718 2423 de
730 2389 890 2426 Destrina
918 2388 1123 2421 Christiana.

339 2443 427 2476 Tres
446 2440 568 2476 laudati
590 2439 730 2482 Zozyrni
754 2438 794 2471 ad
817 2438 918 2472 Afros
944 2436 1105 2480 Epistolas
1125 2461 1137 2478 ,
1157 2435 1175 2469 ὲ

289 2493 455 2527 Vaticana
479 2489 691 2524 Bibliotheca
714 2499 814 2531 nuper
842 2488 989 2533 vulgavit
1019 2487 1174 2520 cardina-

291 2544 332 2577 lis
356 2543 460 2576 Caesar
483 2540 646 2574 Batonius
666 2563 677 2580 ,
703 2547 735 2571 at
763 2537 844 2581 ipsas
869 2537 1081 2579 quidam-uti
1107 2538 1176 2580 sup-

291 2593 450 2638 pofititias
471 2591 657 2624 aversantur
684 2614 691 2621 .
728 2588 806 2622 Sine
836 2586 1055 2622 fundamento
1075 2612 1084 2620 .
1113 2588 1176 2621 Eas

292 2644 382 2678 enim
416 2651 563 2686 patenter
596 2641 629 2673 in
660 2637 808 2676 secundo
830 2638 870 2671 ad
906 2637 1117 2676 Bonifaeium
1144 2637 1178 2670 li-

294 2694 355 2728 bro
373 2694 504 2727 Sanctus
531 2687 882 2735 Augustinuslaudat,
910 2688 1102 2733 adfirmans,
1132 2688 1176 2720 in-

292 2749 342 2779 ter
375 2737 475 2777 Afros
500 2740 678 2784 Episcopos
703 2739 738 2772 &
766 2738 992 2779 Apostolicam
1029 2733 1178 2776 sedem,

296 2807 364 2828 non
385 2803 513 2826 tantum
537 2791 594 2824 sub
618 2788 837 2828 Innocentio,
864 2787 1027 2821 sedetiam
1049 2787 1107 2820 sub
1119 2787 1179 2820 Zo-

294 2856 393 2888 zymo
406 2868 416 2883 ,
443 2841 528 2876 varia
542 2841 666 2883 Scripta
679 2839 711 2872 &
726 2838 948 2871 Ecclefiastica
960 2837 1057 2871 Gesta
1068 2848 1178 2870 cucur·

295 2896 366 2928 xiffe
378 2894 411 2926 ὅ(
429 2891 608 2925 recurrisse.
625 2888 762 2923 Easdem
773 2888 806 2920 in
820 2888 957 2930 septimo
967 2888 1022 2921 suo
1034 2887 1117 2921 libro
1130 2899 1181 2930 pa-

296 2944 360 2980 lam
375 2942 483 2981 laudat
495 2939 668 2976 Facundus
685 2939 863 2983 Episcopus
873 2937 1121 2976 Hermianensis
1131 2962 1139 2970 .

557 3012 926 3097 PAULiNIJ

299 3136 870 3177 CARTHAG1NENs1s
909 3136 1182 3174 macoNl

569 3188 905 3232 EPlsToLA,

324 3295 400 3338 tQua
411 3293 543 3329 Zozymo
554 3291 642 3321 Ponti
642 3287 690 3328 fici
701 3289 737 3320 de
744 3287 764 3330 s
761 3301 806 3322 uae
819 3288 1012 3333 accusationis
1034 3293 1065 3321 z’n
1079 3288 1159 3321 Cele-

441 3340 528 3381 stium
548 3338 668 3379 firmato
685 3339 799 3375 judicio
809 3346 873 3383 agit
893 3345 1014 3383 granas
1026 3363 1033 3370 .

393 3390 575 3425 Postolicas
587 3413 597 3427 ,
624 3386 742 3430 quibus
757 3389 787 3420 &
811 3390 969 3423 Paulinus
989 3388 1160 3422 Diaconus
1172 3410 1181 3427 ‚

420 3442 540 3484 primus
562 3437 696 3471 Celestii
717 3439 905 3478 accusator,
930 3441 965 3473 δε
978 3438 1181 3473 Milevitanae

758 238 971 280 dementiaeque
1002 248 1060 270 non
1087 238 1195 281 posset.

318 293 363 327 Et
387 294 421 326 in
448 292 552 334 capite
574 287 717 331 sequenti
739 298 746 318 :
774 290 804 320 51
825 285 934 328 obJ'es‘Zd
963 288 1088 320 Paulini
1107 313 1117 329 ,
1150 287 1196 330 fe-

315 343 446 377 cundiaem
473 340 654 384 sententiam
675 339 766 370 Beati
789 340 885 380 Papae
917 341 1079 375 Innocenti}
1103 348 1194 372 vera-

318 398 344 427 ci
364 393 448 426 corde
459 400 546 431 atque
558 399 603 421 ore
623 389 804 428 damnaret,
830 389 907 430 quid
924 394 953 421 et
962 397 1127 421 remaneret
1146 389 1194 422 de-

313 447 412 483 inceps
425 465 435 479 ‚
460 440 540 472 unde
564 439 752 472 contenderet
771 440 883 472 nullum
912 439 962 481 effe
983 451 1021 472 ex
1033 444 1193 480 praeterltae

308 497 403 535 primi
415 490 542 522 hominis
554 487 769 532 transgreffione
780 494 811 521 ὶη
823 490 966 531 parvulis
978 494 1085 522 vitium
1096 512 1106 528 ,
1114 491 1194 531 quod

306 551 365 584 per
375 552 462 573 novae
475 543 712 583 Regeneratlonts
719 538 954 581 purificationem
969 537 1054 582 sacro
1068 538 1189 582 ¹Baptis-

309 602 391 624 mate
399 591 605 634 purgaretur?
623 590 682 622 Sed
693 590 767 622 illud
777 588 949 632 respondiffe
952 589 1108 631 fallaciter
1119 612 1130 628 ,
1141 600 1191 621 no·

309 643 418 681 vtffimo
428 641 509 674 exitu
521 641 663 680 ostendit,
691 640 755 673 crim
767 637 798 682 se
802 637 958 681 subtraxit
970 642 1104 671 examin!
1114 663 1125 678 ‚
1153 651 1188 672 ne

299 690 460 737 secundum
485 690 630 732 Africana
653 688 828 733 Rescripta,
855 688 920 731 ipsa
939 691 1054 721 omnin&
1075 691 1111 721 de
1131 688 1187 722 bac

299 737 455 784 vquaestione
475 741 571 774 verba
601 751 820 773 commemorare
848 742 881 773 (ν
903 738 1183 780 anathematizare,

769 1287 818 1321 uti
841 1289 1028 1323 convictum
1051 1288 1184 1324 haereti2

748 155 1032 214 ANUQJA
1068 149 1370 197 Ecc-Lestn
1404 152 1694 200 Decuma

1259 236 1353 273 illum
1365 250 1440 275 cum
1452 239 1591 286 Pelagio
1601 229 1826 290 damnarant'f
1842 232 1969 282 vicarii
1989 243 2043 278 seu
2056 240 2136 278 Pro&

1259 299 1420 325 curatores
1442 291 1668 335 Appellatorio
1689 291 1846 325 Romanae
1859 292 1992 336 ‘Synodi
2009 294 2136 338 judicio

1252 339 1360 374 adesse
1373 341 1457 374 intra
1468 340 1552 375 duos
1573 342 1698 378 menses
1718 340 1932 384 jubebantur,
1956 344 2076 378 detulit
2095 355 2133 378 ae

1255 388 1395 424 reddidit
1429 390 1599 427 Basiliscus
1630 391 1791 426 Rotnanae
1823 390 1969 431 Ecclesiz
1999 394 2135 429 Subdia-

1252 450 1356 474 conus
1377 453 1384 472 :
1412 441 1508 487 Qin
1532 441 1567 474 δε
1592 440 1678 476 istud
1702 441 1821 488 Papale
1840 441 2028 477 mandatum
2051 444 2135 479 Pau-

1251 488 1324 523 lino
1346 492 1495 534 exposuit
1527 491 1600 524 viva
1622 502 1704 526 voce
1726 518 1734 526 .
1772 491 1842 526 Hic
1878 492 2022 527 Romam
2052 502 2133 527 tunc

1250 538 1399 575 accedere
1421 551 1463 574 ex
1486 541 1585 575 causis
1608 552 1676 575 non
1699 543 1808 586 potuit
1830 555 1840 575 τ
1876 541 2131 578 Excusatorium

1249 599 1359 623 tamen
1381 589 1527 628 libellum
1548 591 1736 633 transmisit,
1764 603 1895 643 unaque
1919 592 2060 635 liquidas
2084 592 2131 625 im

1249 637 1458 682 structiones,
1491 641 1608 686 quibus
1634 641 1786 675 dolosum
1808 641 1986 676 Celestium
2017 641 2131 686 digna-

1248 699 1333 724 retur
1368 689 1525 726 Pontifex
1557 690 1696 726 suaviter
1725 702 1762 725 ac
1784 692 1912 726 fortiter
1942 693 1984 726 ad
2012 692 2132 726 mentis

1245 740 1395 783 abyssum
1419 742 1628 787 retegendam
1653 740 1846 775 traduceres
1863 742 1966 790 Qod
1978 742 2000 775 fi
2016 754 2075 776 nec
2087 742 2131 776 fic

1247 790 1356 834 vulpes
1368 802 1534 835 caperetur
1543 817 1553 832 ,
1580 792 1722 835 promisit
1735 790 1838 825 adesse
1852 787 1919 835 ip‘se
1934 802 2108 826 venaturus
2118 817 2128 830 ‚

1246 838 1370 874 Verum
1381 851 1474 885 capta
1486 842 1629 876 illafuit:
1658 842 1723 885 jam
1734 842 1919 875 audivimus
1932 842 2107 875 successum
2121 865 2130 875 .

1243 888 1334 925 Hinc
1346 891 1500 935 Zozymo
1511 893 1673 926 solemnes
1684 894 1806 937 gratias
1816 891 1887 936 egit
1907 890 2065 925 Paulinus
2077 900 2132 934 per

1243 949 1342 975 novas
1355 941 1535 988 Epistola,
1564 953 1700 985 quarum
1713 942 1871 980 solatum,
1897 940 1988 985 quod
2011 940 2132 984 priores

1244 1001 1312 1030 non
1324 991 1522 1035 reperiantur
1534 1017 1546 1039 ,
1572 990 1627 1034 hic
1636 993 1751 1032 damus
1773 992 1906 1037 copiam
1918 1015 1927 1025 .
2015 987 2017 989 ’
2124 1008 2126 1010 v

1326 1089 1531 1131 PAULUS
1557 1091 1818 1130 DIACONUS
1841 1090 2052 1134 ZOZYMO

1548 1143 1795 1184 PONTIFICI
1807 1167 1816 1184 ,

1313 1240 1514 1278 Batitudinis
1537 1253 1601 1279 tuae
1624 1243 1781 1288 justitiam
1806 1243 1944 1277 obsecro
1967 1266 1980 1282 ,
2005 1241 2125 1277 Domi·

1336 1292 1428 1327 mine
1453 1293 1605 1337 zozyme
1630 1294 1720 1336 Papa
1751 1292 1949 1327 venerabilis
1976 1316 1982 1323 .
2024 1291 2131 1325 Num·

1237 1353 1336 1386 quam
1365 1341 1446 1377 fides
1472 1354 1547 1379 vera
1572 1343 1722 1378 turbatur
1742 1366 1753 1383 ,
1778 1342 1812 1376 δε
1839 1339 1984 1376 maxime
2010 1341 2044 1374 in
2070 1340 2131 1375 an

1235 1393 1329 1428 clefia
1358 1392 1554 1436 Apostolica
1578 1418 1590 1435 ‚
1617 1394 1653 1428 in
1680 1404 1743 1435 qua
1771 1402 1872 1436 pravae
1897 1391 1974 1426 fidei
2003 1390 2129 1424 Docto-

1235 1452 1282 1475 res
1311 1465 1323 1482 ,
1350 1452 1388 1476 ut
1413 1442 1704 1487 deprehenduntur
1731 1441 1828 1481 facile
1851 1466 1862 1482 ,
1898 1443 1943 1476 ita
1971 1441 2128 1475 veracitet
2156 1446 2159 1449 ⁴

1228 1492 1418 1535 ¹puniuntur·
1440 1515 1452 1533 ,
1478 1503 1514 1527 ut
1542 1494 1725 1527 moriantur
1753 1493 1787 1526 in
1815 1491 1883 1525 illis
1904 1515 1915 1532 ,
1942 1490 1999 1524 nist
2024 1501 2131 1525 eorre-

1235 1543 1286 1575 xit
1314 1541 1404 1585 quod
1427 1541 1566 1577 deterius
1599 1551 1839 1586 perpetrarant3
1867 1552 1903 1575 ut
1928 1541 1963 1574 in
1988 1541 2053 1574 illis
2077 1550 2130 1574 ve·

1235 1592 1313 1625 rasit
1326 1592 1430 1631 fides,
1457 1603 1556 1636 quam
1584 1591 1739 1636 Apostoli
1765 1591 1974 1632 docuerunt,
1999 1591 2031 1624 &
2059 1589 2128 1623 Ro·

1237 1652 1331 1675 mana
1359 1653 1434 1675 cum
1460 1641 1618 1676 omnibus
1644 1641 1826 1675 Catholicae
1853 1641 1945 1679 Fidei
1974 1640 2125 1674 Doflori·

1236 1692 1293 1726 bus
1321 1701 1411 1725 tenet
1437 1691 1582 1727 Ecclesia
1603 1717 1610 1725 .
1639 1691 1743 1737 Quod
1770 1692 1791 1724 si
1822 1702 1858 1725 ut
1885 1690 1990 1726 caeteri
2017 1688 2127 1724 aueto-

1233 1752 1282 1775 κε
1310 1739 1464 1776 haereseos
1491 1766 1502 1783 ‚
1529 1742 1586 1785 qui
1614 1741 1679 1785 jam
1706 1740 1834 1776 dudum
1859 1740 1902 1774 ab
1931 1738 2125 1783 Apostolica

1234 1792 1316 1826 Sede
1337 1815 1348 1832 ,
1387 1792 1437 1826 vel
1463 1792 1482 1825 a
1507 1791 1662 1825 Patribus
1697 1791 1832 1834 judicati
1855 1815 1866 1831 ‚
1907 1790 1941 1823 δε
1967 1799 2059 1823 extra
2086 1788 2126 1821 fi-

1236 1853 1314 1875 num
1346 1842 1457 1875 matris
1483 1841 1669 1876 Catholicae
1698 1841 1846 1874 Ecclesiae
1872 1840 1977 1874 effe&
1999 1863 2010 1880 ,
2060 1848 2130 1882 per·

1235 1901 1327 1934 petua
1366 1901 1471 1925 morte
1510 1902 1643 1935 pereunt
1665 1915 1675 1931 ‚
1711 1890 1818 1925 etiam
1838 1888 1878 1922 hi·
1893 1910 1915 1930 ,‹
1940 1890 1998 1932 qui
2035 1898 2126 1922 nuno

1234 1940 1420 1984 deprehenfi
1448 1942 1523 1975 sunt
1542 1966 1552 1981 ,
1578 1940 1630 1975 vel
1655 1938 2031 1984 deprehenduntmsin
2059 1935 2128 1981 ped

1237 1991 1314 2024 fidia
1341 1993 1396 2024 sua
1423 1999 1617 2037 permanent
1638 2014 1649 2030 ,
1686 1989 1845 2039 spirituali
1871 1989 1988 2032 gladio
2008 2012 2020 2028 ,
2055 1996 2125 2028 quo

1237 2041 1466 2074 interimantur
1481 2063 1492 2081 ,
1532 2040 1700 2074 tradantur
1719 2064 1729 2071 .
1761 2038 1824 2073 Ut·
1845 2049 1934 2072 nunc
1960 2037 2122 2081 Pelagius·

1235 2090 1568 2133 Celestiusque,-qui
1594 2089 1613 2123 a
1640 2089 1739 2123 beatae
1762 2089 1931 2123 memoria
1951 2085 2127 2121 Praedeces·

1238 2143 1308 2173 sore
1343 2141 1429 2173 Tuae
1458 2140 1678 2174 Beatitudinis
1706 2138 1795 2182 Papa
1822 2138 2024 2172 Innocentio
2064 2136 2126 2178 (fi

1237 2192 1351 2222 restam
1377 2191 1529 2230 respuant
1551 2190 1652 2222 fidem
1676 2212 1686 2228 ,
1714 2190 1746 2221 ὃ(
1771 2189 1804 2221 in
1829 2189 1885 2222 sua
1907 2187 2050 2232 perversa
2068 2184 2128 2220 do-

1237 2242 1338 2273 strina
1367 2239 1574 2281 perdurent)
1602 2238 1748 2271 damnati
1785 2238 1860 2270 sunt
1883 2260 1890 2269 .
1930 2237 2034 2279 Cujus
2058 2236 2128 2269 serr·

1238 2288 1373 2323 tentiam
1395 2289 1503 2321 secum
1530 2287 1708 2321 Bentitudo
1723 2286 1827 2325 Tua,
1856 2284 2025 2325 Celestio,
2050 2285 2128 2319 cum

1236 2340 1253 2371 a
1274 2338 1358 2374 Sede
1381 2336 1575 2382 Apostoliea
1597 2337 1781 2383 audiretur³
1809 2335 1895 2375 intec
1915 2344 2027 2369 canera
2055 2344 2129 2381 pr»,

1238 2388 1323 2432 cepit
1350 2387 1400 2421 his
1427 2387 1553 2422 verbisz
1950 2394 1953 2397 ·

1287 2438 1436 2471 Damnas
1451 2435 1603 2482 -ergo'illa
1615 2436 1730 2471 omnia
1742 2460 1753 2476 ,
1779 2446 1851 2479 quae
1863 2433 1898 2468 ln
1911 2433 2033 2468 'libello
2041 2434 2132 2470 ‘Pau-

1241 2487 1298 2521 lini
1311 2487 1527 2522 continentur
1539 2511 1549 2526 ,
1575 2486 1640 2521 boc
1654 2487 1698 2520 est
1713 2510 1724 2526 ‚
1749 2486 1790 2519 de
1804 2483 2032 2528 quaestionibus
2046 2485 2059 2517 ἓ
2084 2483 2130 2518 Et

1241 2539 1272 2570 in
1293 2539 1359 2571 alio
1385 2538 1460 2571 loco
1479 2550 1487 2569 ι
1513 2535 1711 2581 Cognovisti
1724 2535 1834 2579 quales
1856 2535 1978 2567 litteras
2005 2532 2137 2584 dederit

1240 2587 1336 2622 Sedes
1350 2587 1595 2630 Apostolicaad
1610 2586 1740 2620 Fratres
1754 2586 1787 2618 ὅτ.
1801 2583 2026 2627 Coepiscopos
2039 2582 2135 2617 Afri-

1240 2650 1325 2672 canae
1339 2637 1543 2671 Provinciae?
1571 2637 1613 2670 Et
1625 2636 1805 2679 adjestum:
1833 2632 2047 2670 Damnasilla
2059 2632 2133 2668 oni·

1244 2689 1295 2721 nia
1318 2686 1386 2732 q'uae
1410 2682 1635 2721 damnavimus
1657 2711 1668 2727 ,
1694 2686 1727 2719 δε
1747 2694 1837 2719 tenes
1862 2684 1934 2726 qua:
1956 2683 2134 2717 tenimns?

1245 2739 1286 2771 Et
1298 2738 1414 2772 iterum
1428 2752 1439 2771 .·
1464 2737 1524 2770 Illa
1535 2736 1647 2770 omnia
1660 2736 1818 2773 damnas,
1841 2733 2035 2776 quaejaaata
2055 2734 2132 2766 sunt

1245 2789 1287 2822 de
1299 2784 1433 2822 nomine
1443 2798 1501 2822 tuo
1515 2786 1533 2819 ,ἓ
1555 2786 1599 2820 Et
1611 2785 1726 2819 iterum
1744 2797 1752 2818 =
1775 2782 1843 2818 Vel
1853 2792 1891 2817 ea
1906 2805 1917 2822 ‚
1942 2792 2014 2826 quae
2034 2781 2131 2820 inli‘-

1248 2838 1333 2872 bello
1348 2839 1405 2871 suo
1417 2838 1568 2881 exposuit
1584 2835 1763 2870 Paulinus?
1790 2834 1919 2867 Etcum
1931 2842 1984 2865 me
2008 2830 2132 2865 diceret

1248 2890 1335 2932 posse
1358 2900 1398 2922 ex
1424 2888 1497 2929 his,
1522 2898 1590 2930 quae
1610 2886 1660 2920 illi
1683 2882 1808 2928 objett‘a
1821 2881 1916 2924 sunt}
1935 2881 2131 2917 -haereticum

1249 2938 1436 2982 approbari;
1464 2939 1582 2972 Sancto
1605 2933 1885 2979 repletusSpiritu
1896 2943 1914 2974 ς’
1935 2929 2132 2974 Apostolien

1249 2988 1448 3022 authoritate
1471 2986 1617 3031 respuisti
1640 2984 1831 3020 insanientis
1843 2981 2130 3017 &calumniantis

1249 3037 1344 3072 verba
1360 3063 1370 3078 ,
1397 3037 1586 3081 hujusmodi
1609 3033 1803 3081 proferendo
1823 3031 2041 3071 sententiam,
2065 3041 2131 3075 qua

1251 3089 1318 3132 ipse
1330 3087 1526 3123 Catholicus
1538 3086 1728 3131 approbarer
1740 3097 1749 3127 ;
1776 3082 1871 3117 illum
1880 3103 1891 3121 ‚
1917 3082 1939 3114 si
1951 3081 2054 3116 sanari
2066 3081 2130 3115 vel·

1249 3139 1294 3172 let
1308 3149 1471 3178 ,cumres-
1499 3139 1585 3184 Qae
1597 3132 1780 3179 hujusmodi
1793 3131 1861 3166 esta
1890 3131 1984 3165 Nolo
1999 3142 2060 3166 nos
2072 3131 2135 3165 eir-

1248 3189 1338 3223 cuitu
1367 3190 1465 3223 ducas
1484 3201 1502 3221 ε-
1536 3188 1684 3223 Damnas
1719 3194 1756 3217 ea
1782 3182 1897 3216 omnia
1917 3205 1928 3222 ,
1965 3193 2039 3224 quae
2067 3180 2131 3214 tibi

1249 3239 1374 3281 objecta
1401 3236 1592 3278 &Paulinm
1619 3236 1680 3270 sive
1706 3244 1762 3277 per
1773 3233 1893 3269 famam
1905 3231 2018 3275 jactata
2029 3230 2132 3264 sunt?

1250 3289 1317 3322 Cui
1345 3300 1412 3324 non
1426 3289 1544 3323 sufficit
1570 3287 1628 3320 issa
1643 3283 1825 3318 sententia?
1854 3283 1941 3330 Quis
1964 3281 2051 3316 hanc
2063 3287 2130 3313 tam

1250 3337 1407 3373 salubrem
1426 3363 1436 3380 ,
1468 3349 1535 3372 tam
1561 3333 1811 3379 ampleffibilem
1827 3357 1839 3374 ,
1865 3343 1934 3367 tam
1959 3332 2045 3376 piam
2071 3329 2134 3362 tes-

1253 3398 1365 3432 pueret
1391 3389 1473 3422 alius
1498 3410 1509 3427 ,
1546 3386 1603 3420 nifi
1630 3386 1686 3428 qui
1714 3385 1731 3416 ὲ
1759 3382 1826 3417 fide
1850 3383 1965 3416 devius
1989 3379 2058 3413 est?
2085 3377 2132 3412 Et

1254 3439 1311 3473 ille
1329 3461 1341 3478 ‚
1367 3439 1423 3482 qui
1445 3436 1589 3480 superius
1608 3434 1765 3478 professus
1784 3433 1889 3467 fuerat
1917 3433 1950 3465 se
1970 3437 2133 3471 quaecum-

297 3478 336 3526 ac
364 3491 512 3531 secundae
542 3485 806 3539 Carthaginenfis
838 3488 1049 3530 synodorum
1066 3513 1079 3533 ‚
1113 3498 1183 3532 quae
1254 3498 1320 3533 que
1344 3487 1393 3524 illi
1420 3487 1544 3532 objecta
1565 3487 1722 3529 fuerant,
1746 3484 1770 3519 fi
1786 3490 1899 3519 contra
1909 3477 2006 3516 fidem
2028 3476 2134 3518 vindic.

1977 3537 2062 3569 cates
2071 3551 2084 3573 a
