2366 3736
147 709 221 743 Lib.
234 721 265 754 7.

146 771 212 807 cap.
237 770 276 799 2.

374 176 468 229 142

528 297 802 339 CAPUT
903 302 1014 338 XIV.

431 406 585 447 ‚Quaenam
608 402 765 436 homicidia
789 408 821 436 in
842 404 913 437 bello
930 403 990 444 fini
1002 405 1103 439 licita.

422 453 550 490 Uaestio
572 448 617 486 est
645 477 655 493 ,
681 464 722 486 an
748 451 863 488 directa
886 454 1116 488 innocentium
1129 454 1210 488 oeci·

444 502 490 536 fio
516 504 552 536 fit
567 503 764 546 quandoque
787 503 899 537 lic-ita?
928 505 1054 538 Partem
1076 505 1213 539 affirma-

323 557 428 588 tivam
451 553 559 587 suadet
580 552 752 587 Godefridi
778 555 908 598 Optimi
933 553 1210 599 Lotagtiugarum

323 605 431 639 Ducis
455 628 465 643 ,
494 604 527 637 in
550 603 693 638 civitatis
716 604 811 638 Assur
829 603 1000 638 obsidione
1023 629 1033 644 ,
1060 617 1146 648 opus
1174 605 1205 639 ἀ

322 654 510 696 exemplum
524 677 535 693 ,
560 654 602 687 de
622 665 689 698 quo
709 654 816 688 scribit
838 654 871 686 in
897 655 983 688 Sacri
999 654 1082 688 Beni
1095 654 1211 688 Histo-

321 706 366 738 ria
400 704 553 738 Albertus
591 703 782 738 eanonicus
807 704 994 745 Aquenfis:
1043 704 1209 743 G'bristiani

320 757 481 796 applicatis
502 756 626 787 tandem
650 766 731 787 muro
753 753 896 786 machinis
911 754 1039 796 fortiter
1064 761 1146 788 cives
1159 763 1206 795 op-

316 804 521 848 pugnabant.
548 805 596 837 Illi
626 807 696 837 verb
718 816 777 838 non
794 803 917 846 segnius
937 812 993 846 pro
1015 810 1084 837 vita
1106 803 1205 846 refisle-

318 856 393 891 bant
417 857 437 887 ἃ
458 862 570 888 turrita
591 866 654 887 arce
675 856 709 887 (9·
729 855 871 887 moembus
891 879 897 886 .
930 855 987 887 sed
1010 854 1129 896 frustm?
1161 861 1202 888 vi·

318 906 423 939 dentes
438 903 472 948 se
498 913 530 937 in
552 903 713 946 defenfione
736 904 900 946 desudare,
926 906 1038 937 malum
1066 906 1204 938 navalem

313 964 445 999 procerae
469 956 640 988 altitudinis
664 979 674 994 ‚
701 960 750 997 qui
776 962 808 987 in
835 956 935 988 media
955 955 1028 988 urbe
1044 955 1166 996 jacebat
1193 979 1203 994 ‚

307 1006 442 1051 sumbus
469 1007 503 1039 ό·
528 1012 636 1038 catenis
666 1004 836 1047 adsis-ibium
859 1029 869 1045 ,
899 1006 1080 1038 levaverunt
1104 1011 1136 1038 in
1161 1007 1199 1040 al*

315 1064 380 1089 tum
394 1082 403 1097 ,
429 1062 461 1089 in
485 1067 541 1098 quo
563 1067 654 1088 unum
676 1058 713 1087 de
732 1054 873 1096 obfidibus
898 1059 990 1089 Ducis
1015 1055 1201 1094 Gehardum,

314 1116 411 1139 ortum
438 1109 476 1139 de
497 1117 606 1149 genere
628 1109 833 1138 Hamaicorum
858 1107 896 1138 de
904 1104 1040 1147 praesi'dio
1052 1110 1201 1144 Aemines,

314 1157 438 1189 militem
464 1163 626 1199 egregium,
653 1155 810 1196 affixerunt
829 1161 864 1187 in
887 1157 1007 1188 modum
1033 1159 1120 1188 Cruci
1123 1155 1202 1195 fixi,

314 1216 423 1238 manus
436 1207 469 1239 &
475 1209 566 1246 pedes
579 1206 662 1237 illius
674 1205 866 1237 extendentes
874 1204 1002 1245 funibus
1017 1228 1027 1244 ‚
1038 1217 1123 1246 quem
1129 1206 1202 1245 jam

313 1256 365 1289 diu
382 1255 470 1296 pejus
498 1253 697 1296 consumptum
722 1257 742 1285 ἃ
760 1254 947 1296 carnificibus
970 1255 1200 1288 arbitrabantur

313 1305 497 1344 Christiani.
524 1306 584 1337 Sed
606 1305 713 1337 erec‘lus
739 1305 772 1337 ό·
792 1305 900 1345 affixus
925 1311 957 1338 in
978 1306 1103 1338 culmine
1123 1306 1199 1338 Mali

311 1356 393 1390 idem
417 1354 576 1387 Gebardus
599 1379 609 1394 ,
636 1359 668 1385 in
694 1354 770 1386 hanc
794 1352 986 1396 miserabilem
1009 1366 1110 1389 vocem
1135 1366 1199 1387 cum

311 1405 468 1444 lachrymis
495 1409 612 1444 erupit,
637 1417 674 1437 ac
702 1405 807 1436 Ducem
835 1404 1017 1446 alloquitur:
1046 1407 1061 1437 ὸ
1081 1406 1152 1437 Dux
1165 1407 1194 1437 ,J

299 1456 490 1496 ilustriffirne„
518 1465 593 1487 nunc
613 1452 796 1496 reminiscere
817 1455 956 1495 quomodo
981 1463 1029 1487 tuo
1046 1463 1198 1496 praecepto

296 1504 368 1540 :huc
390 1503 471 1548 obses
495 1506 529 1538 Θ
549 1505 619 1536 exul
639 1510 717 1536 inter
738 1503 884 1536 barbaras
907 1508 1079 1545 Nationes,
1108 1507 1141 1538 <5
1154 1511 1196 1537 vi-

312 1567 360 1587 ros
391 1559 497 1596 impios
522 1552 706 1596 transmiffus
726 1551 809 1596 sum.
839 1555 962 1596 Ideoque
980 1563 1050 1595 peto
1081 1565 1114 1587 ut
1138 1555 1196 1587 ali·-

311 1616 373 1647 qua
397 1604 597 1646 misericordia
620 1604 671 1637 vel
693 1603 885 1636 humanitate
902 1603 994 1646 super
1014 1616 1059 1637 me
1081 1616 1199 1638 movea-

311 1662 377 1695 ris,
404 1659 438 1691 eb·
464 1664 528 1687 tam
545 1660 643 1698 gravi
662 1655 698 1689 (θ’
710 1652 797 1697 saevo
815 1661 955 1693 martyrio
977 1667 1022 1688 me
1032 1661 1127 1696 perire
1139 1667 1197 1688 non

304 1711 444 1751 patiaris
463 1730 470 1737 .
504 1709 562 1737 Cui
586 1706 658 1739 Dux
684 1717 690 1736 :
720 1708 923 1746 Nequaquam
943 1730 954 1746 ,
980 1708 996 1738 ὁ
1020 1705 1159 1739 Gebarde
1187 1729 1197 1744 ‚

309 1757 396 1790 miles
420 1761 584 1794 acerrime,
610 1754 657 1787 tui
674 1752 803 1796 misereri
818 1755 928 1797 poffum
951 1779 963 1795 ,
991 1757 1025 1789 Θ*
1045 1763 1087 1788 tot
1109 1755 1196 1787 homi·

307 1813 361 1841 nes
389 1815 526 1841 avertere
547 1807 567 1838 ἃ
591 1803 731 1839 ἰϊηάιέῖα
756 1807 907 1838 Civitatis
929 1804 1018 1844 hujus
1032 1829 1039 1836 .
1066 1808 1112 1838 Et
1132 1806 1197 1837 ideo

303 1856 335 1901 fi
344 1856 445 1899 frater
465 1867 545 1888 meus
567 1860 699 1887 uterinus
723 1852 788 1896 effes
810 1879 820 1894 ,
847 1863 880 1887 ut
902 1853 1078 1892 Eustachius
1102 1878 1112 1893 ,
1139 1853 1193 1887 bac

307 1908 474 1941 conditione
495 1905 617 1937 liberari
639 1915 695 1935 non
714 1903 828 1945 poJes,
853 1914 887 1936 ut
908 1904 985 1937 Urbs
1007 1903 1106 1947 illaesae
1128 1913 1197 1946 per-

307 1964 449 1991 maneat.
478 1958 554 1989 Mori
573 1953 718 1996 siquidem
738 1953 853 1986 babes.-
881 1955 924 1984 Et
945 1955 1048 1994 utilius
1078 1954 1136 1995 est,
1164 1964 1198 1987 ut

305 2015 341 2039 tu
357 2005 435 2048 solus
461 2011 622 2042 moriaris,
645 2006 738 2045 quam
759 2006 914 2036 Decretum
937 2005 1198 2046 &jusjurandum

305 2057 466 2096 nostrorum
488 2056 634 2094 violetur,
661 2056 695 2087 (9-
711 2053 784 2085 urbs
808 2053 873 2087 haec
885 2052 1002 2095 semper
1028 2057 1195 2097 Peregrinis

310 2107 458 2141 habentur
479 2103 606 2146 infesta.
634 2106 666 2136 51
686 2108 764 2136 enim
783 2102 928 2145 praesenti
951 2109 1019 2136 vita
1038 2110 1198 2145 moriaris3

307 2163 415 2191 vivere
439 2155 527 2187 babes
548 2165 614 2187 cum
635 2152 750 2190 Christo
777 2158 810 2184 In
833 2151 987 2190 coelestibus
1009 2178 1016 2184 .
1042 2161 1116 2188 Haec
1145 2157 1197 2185 Ge·

309 2206 426 2240 bardus
452 2205 617 2245 intelligens
640 2227 650 2242 ‚
673 2204 706 2235 (5·
728 2202 812 2233 nulla
828 2200 860 2243 se
880 2201 1098 2240 lachrymarum
1113 2210 1199 2242 prece

311 2258 423 2290 videns
452 2253 589 2295 proficere
610 2276 620 2290 ,
643 2250 826 2293 summopere*
848 2252 956 2282 Ducem
988 2259 1092 2285 exorat
1120 2274 1131 2289 ‚
1167 2260 1199 2282 ut

311 2317 419 2348 equum
440 2306 474 2338 (05
495 2314 580 2335 arma
597 2300 654 2343 sua
673 2301 779 2333 sanilo
797 2299 998 2341 praesentaret
1020 2300 1177 2340 Iepulchro
1190 2326 1199 2339 ,

313 2368 382 2398 quae
409 2356 468 2387 illic
491 2357 552 2385 Deo
569 2351 793 2393 famulantibus
815 2358 869 2390 pro
881 2352 1008 2382 remedio
1018 2357 1127 2383 animae
1137 2348 1199 2391 suae

312 2407 479 2448 largiatur.
510 2404 557 2434 Ad
576 2402 638 2434 baec
653 2404 724 2433 Dux
747 2402 779 2434 (3
791 2399 931 2440 universa
945 2401 1101 2432 multitudo
1113 2400 1199 2431 Chri-

309 2456 470 2497 stianorum
486 2452 611 2492 fortiter
632 2451 770 2491 adfiliunt
782 2450 901 2487 urbem,
929 2456 960 2481 in
972 2449 1134 2490 Confratre
1147 2453 1201 2482 Ge·

315 2505 413 2538 bardo
433 2510 523 2536 totius
541 2507 664 2542 pietatis
687 2502 720 2536 (ς’
746 2498 950 2541 misericordia·
979 2500 1092 2538 obliti,
1120 2501 1200 2532 urbis

314 2554 484 2597 defensores
504 2558 535 2584 in
550 2549 692 2594 sagittis,
720 2549 754 2585 cb·
769 2549 943 2589 fundibulis
956 2573 966 2587 ‚
993 2551 1204 2593 &mangenel-

317 2606 355 2639 lis
377 2611 599 2644 circumquaque
619 2608 829 2641 impugnantes
842 2623 849 2630 .
879 2602 923 2630 Et
939 2601 1008 2639 jam
1020 2606 1097 2632 inter
1104 2601 1200 2640 pluri>

317 2667 383 2688 mas
408 2653 536 2697 sagittas
549 2676 558 2692 ,
585 2649 835 2690 incautexemiffas
847 2673 857 2688 ,
889 2650 985 2681 decem
989 2648 1114 2692 sagittis
1128 2648 1199 2691 ejus?

316 2707 386 2738 dem
409 2704 542 2737 Gebardi
563 2710 665 2742 corpus
687 2698 833 2740 confixum
859 2701 891 2731 Θ
915 2701 1106 2732 vulneratum
1128 2700 1164 2738 est
1191 2725 1197 2731 .

317 2756 452 2789 Gentiles
475 2763 576 2786 autem
596 2758 747 2783 cernentes
761 2773 771 2787 ‚
801 2754 871 2790 quia
894 2748 943 2780 vir
961 2748 1119 2790 strenuus,
1144 2761 1202 2782 om-

316 2811 349 2838 m'
370 2811 481 2846 pietate
502 2800 645 2845 bsuorum
663 2799 797 2832 cordibus
809 2797 925 2839 exclusa
939 2822 947 2836 ‚
971 2800 1195 2839 vulneraretur,

310 2855 350 2898 fic
372 2859 448 2888 Duct'
464 2855 497 2887 Θ
517 2857 594 2885 omni
621 2851 730 2896 Populo
752 2847 920 2887 Christiano
939 2857 1054 2891 magnis
1066 2849 1194 2892 blaspbe-

317 2912 385 2938 miis
409 2902 672 2946 improperabant,
701 2901 853 2931 dicentes:
882 2901 962 2930 Gens
985 2903 1079 2938 impia
1093 2901 1197 2933 &cru-

316 2956 391 2987 delis
416 2979 427 2994 ‚
452 2960 501 2995 qui
525 2953 646 2989 minime
668 2950 768 2991 fratri
791 2951 824 2983 (9·
855 2952 918 2980 Con
931 2947 1084 2988 christiano
1105 2948 1198 2982 vellro

313 3013 437 3046 parcere
459 3003 579 3039 curastis
595 3026 604 3040 ,
626 3000 650 3043 s
646 3002 683 3033 ed
694 3006 791 3031 acrius
803 3024 812 3038 ,
840 3000 888 3031 illo
901 2997 964 3040 vifh
978 3022 987 3035 ‚
1015 3001 1047 3031 (Ὗ
1058 3001 1118 3038 eius
1130 3006 1192 3039 per-

314 3056 441 3090 ditione,
465 3054 565 3085 urbem
587 3053 619 3083 (5
637 3057 715 3083 civct
726 3048 930 3092 oppugnastis.
962 3052 1020 3082 Hoc
1030 3049 1129 3087 didio,
1157 3049 1195 3081 ab

316 3103 398 3136 intus
428 3102 639 3144 Mangenellis,
665 3099 786 3136 Balifiis
813 3101 981 3141 &Sagittis
1007 3100 1136 3130 viriliter
1148 3110 1196 3131 re·

311 3152 440 3196 fistentes
463 3176 473 3191 ‚
510 3150 610 3182 urbem
633 3155 664 3181 in
686 3148 823 3180 machina
845 3157 1050 3191 expugnantes
1070 3172 1081 3187 ‚
1108 3150 1196 3180 Ducis

316 3205 425 3236 milites
446 3199 614 3233 nitebantur
640 3200 795 3240 repellere.
829 3198 869 3232 Et
893 3198 1116 3240 depuletum3
1154 3199 1194 3232 Et

316 3253 450 3297 quidem
472 3260 548 3285 cum
572 3249 751 3292 graviffima
775 3247 892 3289 jactura
916 3246 1195 3281 Christianorum:

316 3299 475 3338 Notanda
501 3301 573 3333 sunt
596 3297 690 3331 verba
712 3310 719 3329 ε
746 3300 879 3340 sagittas
914 3299 1026 3331 incaute
1051 3298 1162 3340 emiffas
1190 3323 1197 3329 .

316 3353 505 3387 Adfirmant
539 3346 742 3382 Christianos
765 3348 883 3381 milites
906 3348 1022 3381 cavisse
1043 3348 1198 3381 crucifixo

318 3401 497 3442 Gehardo,
522 3399 554 3434 δε
578 3397 637 3431 sub
660 3396 718 3429 hac
741 3398 865 3430 cautela
891 3399 1062 3439 porrexisse
1084 3398 1116 3430 in
1131 3410 1197 3431 mu-

317 3463 427 3486 rorum
438 3447 686 3498 expugnatione
698 3473 706 3482 .
721 3446 763 3483 Et
775 3446 847 3481 talis
858 3451 1061 3494 expugnatio
1073 3446 1198 3483 videtur

315 3502 441 3539 licuiffe
451 3525 458 3534 .

954 157 1585 214 Dissuta-'Arte

1331 253 1530 298 Respondeo
1554 264 1622 288 non
1643 248 1797 288 licuiffeL
1821 252 1953 292 Etenim
1984 256 2055 301 post
2077 258 2162 293 selu·

1281 314 1347 340 tam
1370 305 1544 340 Gode-fridi
1569 305 1698 345 Ducis,
1723 305 1779 348 qui
1800 317 1962 350 acceptam
1986 309 2056 344 istic
2077 309 2162 343 Stra-

1277 366 1353 400 gem
1375 355 1528 390 referebat
1549 356 1584 389 in
1603 356 1734 390 suorum
1745 355 1888 390 carnalia
1898 358 2022 403 flagitia
2035 384 2048 401 ,
2069 357 2157 394 ideo‘

1276 416 1338 446 que
1363 415 1477 438 omnes
1499 403 1649 438 hortatus
1670 406 1709 439 ad
1725 406 1928 449 poenitentiae
1938 419 2034 450 opera
2047 434 2058 449 ‚
2078 420 2157 443 con·

1273 455 1404 489 cionem
1419 479 1429 493 ‚
1457 454 1561 497 pergit
1588 457 1736 497 praefatus
1757 456 1927 489 Albertus:
1955 459 2095 498 crastina
2115 460 2158 492 lu-

1273 516 1302 537 ce
1320 506 1452 546 primum
1473 513 1579 539 exorta
1599 529 1609 544 ,
1640 505 1811 546 arnulphus
1835 507 2037 539 Canceliarius
2059 509 2159 549 Sepul-

1272 554 1336 586 chri
1356 557 1500 588 Dominici
1515 578 1525 594 ‚
1552 555 1685 588 Clericus
1708 556 1828 596 illustris
1849 557 1885 590 (θ’
1908 560 1969 591 Deo
1993 558 2119 590 devotus
2144 582 2156 599 ,

1272 603 1368 647 ipsum
1389 608 1498 637 Ducem
1521 606 1554 637 Θ·
1574 603 1745 647 universos,
1770 617 1893 650 magnos
1916 631 1927 648 ,
1950 608 1984 640 6·
2000 616 2116 649 parvos
2140 630 2154 648 ,

1270 661 1357 695 coepit
1378 653 1555 698 'redarguere
1577 656 1614 687 de
1634 653 1762 696 perfidia
1780 658 1819 690 Θ·
1843 658 1958 689 duritia
1969 659 2156 699 cordis,qua

1270 709 1303 736 in
1319 704 1439 746 fratres
1460 704 1528 747 suos
1543 728 1553 744 ,
1581 704 1758 738 Gebardum
1778 707 1813 742 ό·
1834 706 2049 747 Lambertum,
2075 707 2152 740 malo

1269 755 1371 796 affixos
1396 780 1406 795 ‚
1432 756 1465 788 (tt
1491 756 1576 796 apud
1601 755 1678 797 Afficr
1711 755 1820 796 obfides
1845 756 1996 791 derelichs
2014 766 2155 799 peccave-

1268 812 1358 836 runt.
1386 806 1494 837 Idcirco
1513 817 1614 837 omnes
1637 806 1673 840 de
1693 804 1748 837 bac
1770 810 1924 847 impietate
1937 808 2153 846 ‚eunllorum-

1267 866 1322 896 que
1338 854 1487 896 faeditate
1510 856 1682 887 delitiarum
1695 878 1706 893 ‚
1730 856 1775 887 ad
1794 855 1986 896 confefflonem
2010 858 2045 892 Θ·
2065 869 2155 891 corre-

1266 903 1391 938 Hionem
1413 907 1540 946 paterne
1561 905 1733 938 cohortatus
1761 905 1814 945 est.
1847 905 1890 940 Et
1913 917 2029 940 omnes
2039 906 2155 941 obedi-

1267 966 1398 989 verunt.
1432 955 1484 988 Ex
1508 954 1558 988 his
1581 956 1686 990 verbis
1710 956 1863 989 discimus
1886 955 1974 990 duo.
2003 956 2116 990 Primo
2139 981 2152 997 ,

1266 1003 1353 1046 qued
1366 1017 1434 1038 non
1450 1005 1536 1039 solus
1550 1005 1722 1039 Gehardus
1735 1006 1938 1040 Avennenfis
1949 1031 1959 1046 ‚
1987 1005 2039 1040 sed
2052 1007 2153 1042 etiam

1264 1105 1554 1141 ceniscrucifixus.
1584 1106 1736 1146 Deinde,
1763 1106 1852 1149 quod
1878 1106 2151 1140 PoenitentiaeSa-

1263 1165 1466 1189 eramentum
1489 1167 1556 1189 non
1584 1155 1602 1190 ὲ
1627 1156 1736 1198 paucis
1757 1155 1827 1199 post
1841 1155 2032 1192 cuffinstam
2045 1156 2152 1201 pubii-

1261 1216 1334 1239 cam
1363 1206 1588 1248 paenitentiam
1615 1206 1734 1247 saeculis
1757 1230 1767 1246 ,
1796 1206 1847 1240 sed
1882 1218 1921 1239 ex
1946 1216 2026 1242 tunc
2052 1207 2151 1242 fuerit

1262 1254 1459 1297 appellatum
1498 1258 1722 1289 Sacramentum
1753 1257 1946 1297 Confeffionis
1978 1283 1985 1288 .
2024 1258 2152 1292 Eadem

1264 1305 1364 1346 phrasi
1401 1306 1502 1339 utitur
1532 1306 1565 1338 in
1590 1305 1678 1339 libro
1696 1306 1736 1338 de
1759 1305 1879 1349 Magni
1904 1305 2016 1339 Caroli
2044 1306 2152 1340 Gestis

1262 1355 1422 1397 Tilpinus
1446 1355 1659 1388 Remenfium
1676 1352 1996 1397 Archi-Episcopus,
2029 1355 2152 1398 aliique

1261 1406 1390 1448 antiqui
1419 1430 1425 1436 .
1456 1404 1616 1438 Evettunt
1653 1403 1814 1439 hodierna
1841 1403 2058 1446 quorumdam
2081 1405 2152 1440 No-

1261 1455 1408 1488 vantium
1434 1455 1560 1487 somnia
1581 1479 1588 1486 .
1620 1455 1662 1487 Et
1686 1455 1819 1497 quidem
1844 1454 2016 1489 Gehatdus
2037 1480 2047 1496 ,
2075 1455 2152 1491 licet

1260 1504 1442 1548 graviffime
1466 1503 1554 1537 iaesus
1574 1529 1585 1544 ,
1612 1504 1708 1537 evasit
1737 1514 1897 1537 mortem.
1927 1506 2059 1540 Etenim
2083 1506 2153 1542 Go-

1259 1555 1404 1589 defridus
1428 1554 1506 1588 Dux
1529 1553 1704 1597 postmodd
1724 1565 1798 1587 cum
1825 1553 2004 1589 Paiaessinis
2025 1557 2152 1593 Sarace-

1261 1605 1310 1637 nis
1334 1616 1445 1647 pacem
1475 1605 1568 1641 iniit,
1598 1604 1630 1636 &
1651 1603 1806 1637 Albertus
1830 1606 2050 1647 prosequitur:
2073 1608 2151 1639 cum

1261 1653 1324 1687 baec
1346 1663 1413 1695 pax
1440 1655 1559 1686 tantum
1585 1652 1751 1695 cresceret,
1777 1655 1811 1686 t&
1831 1660 1971 1687 amicitiae
1992 1661 2087 1699 magis
2112 1658 2153 1694 ῥά

1260 1710 1358 1748 magis
1379 1706 1601 1746 jungerentur,
1626 1706 1763 1745 quadam
1790 1706 1842 1735 die
1871 1702 2151 1746 Praeses&Admi-

1260 1755 1365 1786 raldus
1391 1752 1541 1796 AscalonIs
1565 1753 1737 1787 Gebardum
1761 1755 1797 1785 de
1822 1753 1963 1793 Praelt'dio
1993 1759 2152 1797 AvennIs,

1282 1805 1300 1837 b
1324 1812 1401 1837 omni
1423 1805 1517 1846 plaga
1538 1813 1692 1843 curatum,
1719 1802 1869 1845 honorifice
1896 1804 2022 1844 vestibus
2053 1807 2149 1838 indu-

1263 1864 1325 1887 tum
1352 1878 1361 1891 ‚
1399 1855 1431 1886 (7
1459 1866 1530 1895 equo
1549 1859 1657 1894 optimo
1688 1853 1850 1894 impositum
1868 1877 1878 1892 ,
1907 1857 1983 1886 Daci
2010 1855 2150 1889 CHRI—

1262 1903 1566 1937 STlANiSSiMO
1602 1902 1782 1945 Hierusalem
1815 1905 1888 1935 dono
1914 1902 2039 1944 remifit,
2065 1917 2150 1947 quem

1261 1953 1364 1988 multis
1380 1955 1452 1994 jam
1478 1953 1580 1986 diebus
1601 1958 1633 1984 in
1659 1954 1736 1995 Affiir
1759 1954 1855 1995 objiffe
1880 1957 1952 1987 Dux
1974 1956 2007 1987 (Ὗ
2031 1963 2152 1988 univer-

1256 2002 1285 2044 fi
1307 2002 1471 2042 Christiani
1490 2002 1698 2041 existimabant
1722 2027 1731 2040 ,
1758 2002 1914 2044 nescientes
1934 2005 2015 2044 quod
2027 2005 2047 2035 ἃ
2072 2004 2152 2037 Malo

1261 2051 1410 2094 depofitus
1424 2076 1435 2090 ‚
1467 2050 1506 2083 ab
1529 2052 1610 2094 Affur
1631 2053 1726 2086 eidem
1740 2053 1911 2085 admiraldo
1923 2053 2020 2096 miffus
2031 2052 2150 2098 fuiffet.

1265 2106 1338 2136 Dux
1361 2107 1463 2143 itaque
1479 2099 1566 2143 viso,
1594 2103 1627 2134 Θ
1650 2103 1906 2143 incolumirecepto
1917 2102 2056 2136 Gebardo
2070 2128 2080 2144 ,
2106 2106 2151 2138 di-

1265 2152 1336 2184 ledlo
1360 2153 1453 2184 milite
1471 2148 1525 2192 suo
1545 2174 1556 2191 ‚
1596 2153 1629 2184 (¹5
1654 2158 1766 2194 egregio
1787 2153 1967 2194 adolescente
1990 2176 2001 2192 ,
2022 2153 2151 2197 gavifiis

1263 2201 1300 2239 est
1323 2200 1510 2232 vehementer
1531 2224 1538 2231 .
1566 2203 1623 2231 Cui
1637 2201 1741 2238 statim
1765 2205 1799 2233 in
1818 2208 2082 2236 remunerationem
2103 2203 2151 2246 sui

1263 2255 1366 2292 magni
1388 2249 1498 2281 laboris
1522 2256 1659 2280 maxima
1679 2257 1766 2282 terrae
1785 2250 1926 2291 beneficia
1939 2262 2055 2286 centum
2069 2257 2152 2289 Mar·

1262 2310 1363 2332 carum
1385 2309 1449 2331 cum
1471 2298 1613 2338 castello,
1640 2301 1719 2340 quod
1728 2301 1837 2332 dicitur
1849 2302 1894 2331 ad
1903 2300 2044 2333 sanc‘ium
2059 2303 2150 2337 Abret-

1264 2349 1355 2388 bam,
1379 2354 1411 2381 in
1427 2346 1589 2391 praesentia
1613 2355 1740 2383 omnium
1757 2349 1892 2391 fidelium
1905 2373 1917 2390 ,
1943 2356 1994 2393 qui
2006 2353 2149 2392 aderant,

1263 2402 1389 2442 largitus
1415 2398 1472 2438 est.

1315 2447 1461 2482 Eandem
1485 2448 1678 2482 sententiam
1691 2448 1807 2483 docuit
1820 2449 2008 2485 Radevicus
2020 2475 2031 2491 ,
2057 2450 2150 2486 Pres-

1264 2500 1356 2540 byter
1381 2498 1526 2533 Ecclesiae
1550 2499 1779 2542 Frifingensis.
1808 2499 1941 2534 Etenim
1963 2503 2066 2536 varias
2078 2502 2147 2535 lm·

1264 2550 1414 2591 peratoris
1436 2547 1596 2583 Fredetici
1619 2547 1722 2581 Primi
1757 2551 1791 2582 ὅ(
1814 2549 1941 2585 obseflae
1963 2551 2165 2587 Cremeufis.

1264 2599 1407 2632 civitatis
1429 2597 1612 2631 barbaricas
1638 2600 1673 2631 in
1698 2600 1729 2631 se
1754 2598 1870 2632 mutud
1881 2600 2091 2635 crudelitates
2101 2611 2149 2636 re-

1264 1055 1347 1087 alius
1365 1055 1498 1098 quidam
1528 1055 1722 1092 Lambertus
1748 1056 1844 1090 fuerit
1869 1057 1902 1090 in
1924 1057 2048 1090 murossa
2064 1058 2154 1092 Sara·
2212 1093 2214 1095 ,

1264 2650 1345 2687 fert,
1372 2660 1468 2691 atque
1482 2648 1699 2690 prosequitur:
1722 2652 1863 2694 Jamque
1879 2651 1925 2682 ad
1931 2656 2071 2685 civitatis
2079 2660 2149 2693 per·
2165 2664 2242 2700 Lib·
2263 2679 2294 2705 2·
2324 2669 2332 2677 ψ
2350 2637 2366 2694 J

1267 2704 1371 2732 niciem
1398 2698 1545 2731 machinae
1563 2699 1708 2739 plurimae
1728 2698 1985 2742 admovebantur3
2005 2705 2076 2742 jam
2086 2710 2147 2734 tur-

1268 2761 1316 2782 res
1349 2755 1382 2781 in
1408 2749 1503 2781 altum
1531 2747 1682 2787 exstruc‘lae
1702 2750 2014 2790 applicari-ceperant
2035 2777 2043 2783 .
2071 2755 2149 2784 Tum

1263 2801 1308 2832 illi
1336 2797 1456 2841 summa
1477 2802 1510 2830 vi
1537 2807 1628 2840 atque
1643 2803 1811 2839 pertinacia
1829 2797 1951 2839 refistere
1973 2824 1985 2840 ‚
2010 2809 2100 2843 atque
2126 2803 2150 2834 ἃ

1265 2854 1359 2880 muris
1386 2856 1484 2880 turres
1507 2859 1625 2888 arcere,
1648 2845 1765 2890 suisque
1780 2846 2003 2891 instrumentis,
2030 2852 2150 2885 validis

1259 2898 1402 2941 saxorum
1427 2898 1533 2930 felibus
1556 2897 1666 2938 nostras
1678 2897 1831 2931 machinas
1843 2900 2008 2940 impellere.
2035 2900 2153 2941 Effra-

1272 2954 1355 2982 natis
1382 2951 1453 2981 vero
1479 2953 1590 2979 animis
1622 2949 1766 2988 Princeps
1787 2941 1973 2989 obfistendum
1990 2959 2108 2991 putans
2135 2974 2148 2990 ,

1263 2997 1371 3041 obfides
1395 3009 1491 3030 eorum
1515 2996 1660 3030 macbinis
1684 2999 1840 3039 alligatos,
1867 3002 1912 3031 ad
1920 3010 2014 3031 eorum
2025 3010 2150 3032 tormen·

1263 3059 1317 3090 ta,
1344 3059 1410 3089 quae
1431 3048 1520 3090 vulgo
1542 3051 1670 3090 Mangas
1691 3056 1817 3086 vocant,
1846 3049 1972 3081 &intra
1991 3054 2147 3083 civitatem

1266 3100 1374 3132 novem
1397 3098 1586 3131 habebantur
1606 3121 1616 3136 ‚
1643 3098 1775 3130 decrevit
1794 3098 1973 3138 objiciendos
1985 3124 1992 3131 .
2010 3102 2148 3142 *Seditio-

1258 3148 1287 3189 si
1298 3173 1309 3188 ,
1334 3150 1417 3190 quod
1434 3154 1528 3180 etiam
1548 3148 1635 3188 apud
1656 3147 1810 3179 Barbaros
1831 3153 2028 3193 incognitum,
2057 3151 2147 3183 &di-

1269 3198 1348 3231 c‘lum
1368 3199 1487 3239 quidem
1507 3197 1683 3233 horrendum
1695 3221 1705 3235 ‚
1731 3199 1837 3230 auditu
1859 3201 1930 3233 verb
1952 3200 2146 3239 incredibile,

1266 3259 1323 3281 non
1347 3250 1445 3280 minus
1466 3247 1579 3281 crebris
1601 3245 1705 3278 u‘iibus
1725 3256 1819 3279 turres
1837 3249 2028 3288 impellebant
2047 3274 2055 3281 .
2082 3253 2145 3282 Ne·

1266 3308 1319 3340 que
1341 3308 1386 3330 eos
1401 3296 1560 3340 sanguinis
1587 3298 1621 3330 (5
1641 3298 1790 3329 naturalis
1813 3300 1925 3332 vinculi
1948 3305 2106 3334 communio
2134 3320 2146 3335 ,

1265 3357 1357 3389 neque
1379 3353 1481 3379 aetatis
1502 3346 1640 3379 movebat
1664 3345 1813 3388 miseratio
1829 3372 1836 3379 .
1862 3351 1965 3391 sicque
1983 3350 2094 3389 aliquot
2106 3358 2146 3379 ex

1262 3402 1365 3440 pueris
1389 3419 1400 3436 ‚
1425 3396 1579 3437 lapidibus
1605 3396 1659 3427 1ch
1671 3421 1681 3436 ,
1709 3395 1914 3439 miserabiliter
1935 3400 2110 3433 interierunt
2135 3421 2144 3428 .

1269 3448 1326 3480 Alii
1345 3445 1540 3489 miserabilius
1560 3445 1660 3480 adbuc
1681 3453 1776 3488 vivi,
1795 3447 1969 3491 superstites
1990 3446 2145 3484 crudeliffi'-

1267 3510 1347 3534 tuam
1376 3507 1472 3533 necem
1491 3497 1528 3534 (ν
1552 3497 1628 3531 dirce
1647 3497 1831 3532 calamitatis
1853 3497 2001 3534 horrorem
2018 3497 2144 3536 penduli

2004 3543 2102 3592 exspef

2165 2726 2295 2763 capis,

2344 3195 2347 3202 Α
2343 3110 2363 3179 4
2339 3060 2365 3100 nr
2351 3004 2362 3051 .
2362 2925 2363 2929 Α
