2366 3736
328 228 471 271 species,
495 236 593 271 quam
607 234 704 259 nemo
725 221 819 266 poffit
836 224 1031 267 praevaricari
1049 250 1056 257 .
1084 225 1128 259 Et
1149 226 1204 269 qui

323 289 416 312 nunc
429 289 469 311 ex
482 277 542 312 hac
555 301 566 317 ,
594 287 680 309 nunc
691 286 730 307 ex
745 273 804 306 issa
818 275 976 308 sententia
985 276 1063 309 citra
1075 276 1205 309 neceffi-

322 338 423 361 tatem
435 337 608 372 operantur
619 349 629 364 ‚
656 326 729 357 sunt
743 323 846 366 palam
861 327 1045 366 vertumni,
1072 326 1103 358 δι
1115 324 1203 366 haud

318 378 420 412 dubie
432 387 591 411 venantur
603 383 769 417 proprium
790 375 1004 408 commodum
1017 399 1028 415 ,
1053 375 1203 420 adeoque

313 439 383 461 non
397 439 437 462 ex
450 427 516 459 sola
529 436 607 459 tunc
619 425 805 468 ignorantia
818 435 953 468 peccant
964 450 974 467 ,
1004 426 1056 459 sed
1073 426 1202 470 insuper

312 487 353 510 ex
375 476 639 518 concupiscentia
669 499 675 506 .
703 475 737 508 Si
773 476 907 511 materia
943 476 1040 509 fuerit
1058 487 1161 519 capax
1188 501 1200 521 ‚

314 536 409 560 erunt
420 533 552 575 peccata
563 524 732 559 mortalia.

509 625 541 659 C
567 624 599 658 A
627 624 652 658 P
682 624 723 659 U
749 625 787 657 T
887 627 982 662 XlV.

321 719 324 724 ’
353 731 402 760 An
425 736 526 758 omnes
545 724 719 769 sanc‘lorum
743 730 875 760 Parrum
902 726 1058 770 sententiae
1081 725 1143 768 fini·

601 777 672 809 vere*
692 775 892 817 probabiles?

410 875 487 911 Anc
502 876 714 921 quaestionem
727 878 913 920 nuperrime
926 879 1001 924 quis
1015 880 1189 923 proposuit.

434 927 477 961 Et
494 928 534 961 ad
549 929 648 970 ipsam
662 928 842 970 respondeo
856 931 1006 973 negative
1017 954 1024 962 .
1055 931 1187 963 Etenim

297 987 499 1023 magnorum
515 977 649 1011 Parrum
662 979 857 1013 sententiam
876 982 1009 1014 ¹sanstus
1034 979 1188 1024 Augusti-

296 1039 360 1062 nus
371 1028 509 1071 exponit
524 1028 556 1060 in
570 1028 710 1061 exordio
724 1027 796 1062 libri
811 1032 852 1064 de
874 1031 938 1065 fide
951 1032 984 1064 ὅ(
996 1031 1150 1073 operibus
1176 1045 1186 1064 .-

298 1077 490 1122 .Quibusdam
503 1079 624 1111 videtur
636 1077 794 1121 indiscrete*
806 1091 905 1114 omnes
919 1082 1124 1114 admittendos
1135 1082 1186 1123 effie

294 1130 339 1161 ad
363 1132 537 1161 Lavacrum
559 1132 799 1171 Regenerationis
813 1155 822 1171 ,
849 1143 917 1174 quae
940 1130 977 1169 esi
1004 1138 1035 1164 in
1072 1135 1096 1162 C
1099 1131 1187 1170 bristo

294 1178 410 1221 JESU
438 1182 563 1213 Domino
587 1179 676 1218 nostro
699 1204 709 1219 ,
736 1180 853 1222 ettamfi
878 1182 991 1214 malam
1012 1189 1186 1221 turpemque

292 1233 413 1268 vitam,
438 1227 630 1269 facinoribus
642 1231 676 1262 cr
686 1229 815 1272 flagitiis
835 1232 1053 1271 evidentiffimi
1064 1239 1183 1271 notam,

292 1287 411 1311 mutare
433 1280 605 1318 noluerint,
631 1290 722 1321 atque
743 1287 776 1311 in
814 1292 850 1313 ea
883 1280 927 1322 se-
939 1280 1183 1322 perseveraturos

293 1337 403 1370 aperta
413 1329 507 1361 etiam
522 1327 687 1368 profeffione
706 1330 949 1364 declaraverint.
977 1330 1064 1363 Verbi
1070 1335 1184 1373 gratia,

289 1377 318 1420 fi
326 1384 393 1421 quis
409 1382 556 1411 meretrici
567 1377 705 1412 adbaeret
717 1402 728 1418 ‚
755 1391 812 1412 non
832 1386 862 1412 ei
880 1381 965 1422 prius
984 1386 1181 1422 praeeipiatur

292 1438 327 1464 ut
340 1428 379 1461 ab
401 1438 436 1461 ea
458 1429 606 1468 decedat,
634 1429 748 1462 &tunc
768 1435 871 1463 ventat
884 1432 929 1463 ad
950 1428 1143 1472 Baptismum
1172 1455 1182 1470 ‚

288 1477 447 1522 sedetiam
458 1489 523 1511 cum
543 1490 578 1510 ea
603 1490 728 1512 manens
751 1502 760 1518 ,
788 1476 1020 1523 mansurumque
1036 1478 1070 1522 se
1090 1479 1179 1521 confi-

292 1539 361 1565 tens
370 1553 380 1568 ‚
405 1526 456 1571 seu
468 1534 560 1560 etiam
569 1529 711 1571 profitens
724 1553 733 1568 ,
761 1532 936 1563 dimittatur
950 1534 983 1564 (n
997 1531 1178 1572 baptizetur,

292 1590 344 1612 nec
355 1580 541 1620 impediatur
549 1577 616 1620 fieri
626 1579 788 1612 membrum
805 1580 920 1620 Christi
931 1605 941 1621 ‚
967 1581 1082 1622 ettamfi
1100 1593 1177 1614 men·

291 1628 377 1661 hrum
390 1634 551 1661 meretricis
562 1629 614 1671 effe
623 1629 808 1671 perstiterit·
802 1657 810 1672 ‚
834 1626 893 1674 sed
904 1630 1002 1672 postea
1015 1633 1155 1664 doceatur
1167 1655 1176 1670 ‚

291 1678 428 1739 quamsit
439 1678 493 1711 hoc
502 1680 636 1718 malum,
654 1683 782 1721 jamque
804 1680 887 1722 biiipt
891 1691 978 1714 zatus
1003 1684 1040 1714 de
1061 1690 1175 1713 mutan

290 1731 341 1761 dis
363 1735 394 1760 in
406 1729 507 1761 melius
530 1729 659 1762 moribus
683 1730 860 1770 instruatimr
899 1732 1078 1775 perversum
1098 1739 1176 1764 enim

287 1787 399 1826 putant
410 1788 502 1821 atque
508 1780 742 1821 praeposterum
766 1783 854 1822 prius
867 1783 966 1814 docere
988 1783 1177 1824 quemadmo-

290 1831 363 1865 dum
389 1830 492 1862 debeat
506 1837 613 1862 vivere
623 1829 810 1868 Christianut
826 1856 835 1871 ‚
862 1835 894 1864 (55
907 1834 1017 1864 deinde
1041 1833 1175 1872 baptiza-

291 1885 321 1913 ri
334 1903 345 1919 ,
367 1877 424 1922 sed
443 1878 560 1921 censent
575 1881 744 1920 praecedere
765 1882 870 1915 debere
896 1880 1047 1924 Baptismi
1067 1885 1174 1914 sacra-

292 1940 425 1963 mentum
438 1953 447 1968 ‚
474 1940 507 1962 ui
520 1931 630 1963 deinde
642 1929 785 1973 sequatur
799 1938 873 1964 vitae
894 1943 1060 1974 morumque
1071 1931 1177 1963 doc‘lri·

292 1991 334 2013 κα
353 2003 364 2019 ,
392 1979 516 2021 quamsi
527 1989 626 2013 tenere
637 1983 670 2014 (θ’
680 1982 818 2017 citslodire
831 1983 957 2016 voluerit
973 2008 982 2022 ,
1008 1981 1175 2022 utilsterfe·

292 2036 382 2071 ctrit3
404 2028 434 2070 fi
442 2038 541 2062 autem
555 2032 682 2062 noluerit
693 2054 702 2069 ‚
720 2034 763 2064 a&
774 2039 892 2064 retenta
899 2032 964 2073 fide
984 2032 1174 2070 christiana,

287 2079 349 2122 fine
360 2084 461 2121 quain
473 2082 617 2112 aeterm'cm
636 2086 767 2121 pertret,
797 2086 829 2112 in
850 2081 978 2122 quolibet
996 2080 1103 2123 scelere
1123 2087 1176 2112 lm-

292 2131 501 2170 munditiaque
506 2128 706 2170 permanserit
718 2154 728 2169 ,
750 2129 873 2171 salvum
884 2142 949 2162 eum
955 2130 1097 2170 futurum
1111 2140 1143 2161 ta
1150 2142 1175 2160 η-

295 2190 388 2222 quam
397 2187 452 2219 per
465 2183 561 2220 ignem
574 2202 584 2217 ,
613 2180 696 2210 velut
712 2186 762 2220 qui
777 2179 975 2220 aedificavcrit
993 2178 1086 2221 supra
1103 2180 1164 2220 fun

295 2231 470 2262 damentum
481 2251 492 2267 ,
519 2229 599 2269 quod
608 2227 644 2266 est
656 2228 786 2268 Christus
801 2253 810 2268 ,
839 2241 895 2262 non
918 2241 1024 2261 aurum
1036 2255 1045 2270 ,
1073 2242 1165 2272 argen

296 2288 379 2318 tum,
406 2278 523 2319 lapidet
530 2276 675 2319 pretiosos
691 2303 700 2318 ‚
722 2277 780 2321 sed
802 2280 904 2322 ligna,
926 2279 1064 2320 furnum,
1087 2280 1175 2320 stipu-

297 2331 379 2363 lam:
407 2327 505 2367 idest,
533 2328 685 2367 nonjustos
697 2326 842 2371 castosque
863 2342 974 2369 mores,
998 2329 1053 2372 sed
1062 2332 1178 2371 t'm'quos

297 2380 507 2420 &impudicos
517 2401 525 2409 .
554 2377 615 2411 llia
629 2380 784 2412 sententia
798 2390 1002 2423 nequaquam
1016 2380 1178 2413 haeretico-

296 2441 369 2464 rum
381 2430 463 2466 fuit,
490 2427 541 2461 sed
553 2430 696 2462 omnino
710 2428 981 2463 Catholicorurn.
1009 2431 1101 2462 Hinc
1114 2429 1178 2462 Au-

297 2480 447 2524 gustinus
459 2478 499 2511 de
512 2478 601 2511 istius
615 2479 660 2511 sui
674 2479 834 2513 scribendi
846 2480 920 2512 libri
933 2481 1103 2514 occasione
1129 2479 1178 2512 ba-

297 2530 398 2563 betin
422 2529 661 2562 secundolibro
674 2528 978 2564 Retraeiationum:
1008 2529 1095 2571 Maeffa
1109 2528 1180 2572 sunt

298 2579 373 2613 mihi
396 2580 416 2610 ἃ
438 2575 613 2620 quibusdam
635 2581 823 2619 Fratribus,
850 2582 936 2613 laicIs
961 2582 1102 2623 quidem,
1125 2578 1183 2622 sed

300 2634 487 2663 Divinarum
498 2628 674 2670 eloquiorum
683 2629 815 2669 fludiofis
833 2654 842 2669 ,
866 2627 982 2672 scripta
1004 2631 1144 2662 nonnulla
1171 2655 1180 2670 ‚

298 2691 366 2722 quae
387 2685 433 2711 ita
446 2677 660 2722 distinguerent
673 2681 692 2711 ἃ
714 2679 797 2712 bonis
822 2680 957 2720 operibus
980 2679 1180 2720 christianam

296 2729 388 2773 fidem
401 2753 411 2768 ,
436 2726 535 2769 utfine
547 2729 600 2762 hac
622 2740 678 2762 non
701 2730 797 2772 pqffe,
820 2729 880 2770 fine
900 2731 960 2763 illis
987 2742 1085 2763 autem
1105 2730 1182 2773 posse

296 2785 454 2822 perveniri
460 2777 638 2821 suaderetur
659 2781 704 2812 ad
713 2789 858 2813 aeternam
871 2786 987 2813 vitam.
1016 2781 1118 2822 Cujus
1132 2781 1181 2814 vel

298 2841 439 2873 quorum
451 2827 518 2862 haec
528 2829 642 2872 scripta
656 2831 777 2863 fuerint
790 2855 801 2869 ,
828 2829 1012 2873 ignoratur.

350 2879 503 2922 Ejusdem
522 2880 650 2914 interim
664 2881 828 2914 sententiae
848 2881 1182 2937 ΐεηᾶυςΛυὲυίὶμῐηυε

300 2930 453 2963 meminit
465 2929 497 2962 in
511 2931 617 2972 primo
633 2930 715 2964 libro
727 2931 767 2964 de
779 2930 968 2964 adulterinis
980 2930 1144 2974 conjugiis
1175 2944 1181 2963 :

132 2993 214 3036 cap
230 2988 285 3028 23
302 2983 368 3023 Ego
391 2990 448 3012 non
464 2978 559 3022 scli'zm
580 2982 651 3013 alios
672 2980 905 3014 eatechumenos
927 3005 938 3020 ,
964 2992 1068 3013 verum
1092 2987 1181 3012 etiam

294 3028 378 3071 ipsos
390 3054 399 3070 ‚
417 3035 469 3071 qut
481 3035 652 3063 viventium
662 3033 806 3074 conjugiit
819 3033 946 3073 copulati
958 3036 1087 3063 retinent
1099 3032 1181 3062 adul-

301 3085 401 3115 terina
412 3077 572 3120 consortia,
601 3092 664 3113 cum
670 3079 772 3122 salvos
783 3090 896 3121 corpore
909 3087 940 3113 in
951 3080 998 3112 bis
1007 3090 1178 3122 permanen·

300 3139 346 3163 tes
365 3141 422 3161 non
434 3129 624 3162 admittimus
639 3132 682 3162 ad
693 3130 885 3174 Baptismum
900 3155 909 3170 ‚
937 3138 1037 3163 tamen
1042 3130 1071 3171 fi
1079 3130 1180 3173 despe-

301 3186 382 3219 rati,
409 3181 443 3213 Θ
464 3185 547 3211 intra
569 3178 599 3221 fe
614 3186 793 3221 poenitentes
809 3184 984 3221 jacuerint,
1014 3192 1065 3213 nec
1084 3189 1140 3220 pro
1146 3179 1180 3222 se

301 3228 475 3273 respondere
491 3236 663 3271 potuerint,
689 3224 887 3271 baptizandos
909 3240 981 3272 puto
1003 3256 1012 3271 ,
1040 3239 1071 3262 ut
1090 3236 1180 3263 etiam

302 3280 353 3313 boc
361 3288 511 3322 peccatum
522 3285 711 3312 cum'caeteris
723 3284 859 3313 Lavacro
870 3284 1111 3324 Regenerattonis
1126 3280 1177 3313 ab·

125 1059 207 1103 cap·
224 1072 252 1096 1.

128 2563 213 2608 (ap.
227 2561 282 2611 38.

303 3332 420 3367 luatur.
449 3332 530 3373 ,Quis
541 3335 621 3362 enlm
646 3335 746 3371 novit,
773 3332 872 3364 utrum
885 3331 1016 3371 fortaffis
1039 3332 1196 3364 adulteri-r

303 3391 353 3413 nae
363 3385 461 3412 carnis
481 3379 612 3413 illecebra
633 3379 723 3423 usque
744 3382 789 3413 ad
810 3380 1001 3423 Baptismum
1020 3381 1180 3421 statuerint

304 3430 456 3465 detineri?
482 3432 513 3462 51
523 3439 623 3463 autem
634 3430 673 3463 ab
683 3431 736 3463 illa
757 3429 956 3472 desperatione
980 3437 1108 3464 recreati
1128 3440 1177 3473 po-

305 3483 420 3518 tuerint
447 3485 576 3522 vivere,
601 3487 655 3514 aut
673 3479 791 3523 facient
811 3483 894 3523 quoa'
907 3481 1076 3522 statuerant
1090 3507 1102 3524 ‚
1127 3489 1180 3516 aut

842 132 1484 190 DISsnRTAT'Io

1249 226 1360 259 edocit
1381 225 1650 268 obtemperabunt,
1677 234 1728 260 aut
1765 229 1803 262 de
1839 231 2085 273 contemptoribus
2101 235 2158 278 fiet.

1248 240 1348 319 iquod
1364 277 1432 319 fieri
1451 284 1546 310 ettam
1567 280 1606 310 de
1628 277 1794 319 baptizatis
1818 280 1927 313 talibus
1937 282 2040 317 debet.
2068 287 2153 328 ,Qua

1267 336 1366 360 autem
1379 327 1588 369 Baptismatis
1598 352 1609 368 ,
1637 330 1741 361 eadem
1756 332 2009 365 Reconciliationis
2031 335 2069 374 est
2081 347 2151 368 cau·

1259 376 1299 418 sa
1320 402 1331 417 ‚
1359 377 1390 418 fi
1401 379 1489 418 forte
1511 380 1710 411 Poenitentem
1725 377 1869 419 finiendae
1892 385 1968 414 vitae
1984 386 2154 426 periculum

1259 434 1518 469 praeoccupaverit
1527 452 1534 459 .
1565 432 1632 460 Nec
1643 427 1721 470 iplirs
1731 436 1810 461 enim
1821 441 1859 463 ex
1870 429 1926 463 hac
1938 431 2007 464 vita
2025 433 2084 473 line
2102 448 2154 471 ar-

1242 499 1245 506 .
1263 477 1322 510 rba
1327 476 1393 520 fitae
1416 481 1504 511 Paris
1517 484 1598 510 exire
1611 479 1688 510 velle
1704 478 1791 513 debet
1803 483 1904 514 Mater
1930 482 2057 523 Ecclesia
2067 508 2077 518 .

1242 516 1245 570 i
1313 529 1583 562 Affirmatvaria.
1611 527 1750 569 Primo,
1777 531 1871 573 quod
1879 531 1987 565 Mater
2012 532 2154 571 Ecclesia

1242 577 1343 610 olim
1360 581 1515 620 quosvis,
1528 578 1602 611 licet
1616 579 1755 612 necdum
1769 591 1809 613 ex
1819 583 1946 623 pectore
1958 581 2059 616 essent
2075 595 2153 618 con

1260 629 1327 661 triti
1340 627 1381 662 de
1396 629 1458 662 suis
1471 627 1683 668 criminibus,
1713 629 1823 672 paffim
1843 630 2007 665 admiserit
2032 634 2073 667 ad
2089 634 2153 668 Ca-

1239 677 1550 719 'techumenatum,
1576 689 1614 711 ac
1640 680 1810 713 inferiores
1847 682 1958 714 classes
1978 681 2152 718 Poenitem

1237 722 1365 764 itium.
1396 728 1605 762 Admittebat
1632 729 1722 762 enim
1747 741 1875 786 apertos
1909 743 1947 764 ac
1966 734 2150 774 pertinaces

1257 777 1457 813 Professores
1472 780 1731 813 adulterinorum
1769 780 2002 825 conjugiorum
2029 808 2036 815 .
2080 783 2150 819 Eos

1257 829 1467 873 concipiebat
1480 830 1564 863 intra
1577 840 1760 863 maternum
1774 831 1865 865 suum
1878 841 2003 865 uterum
2014 856 2025 872 ,
2054 834 2150 878 peden:

1256 881 1375 913 tentim
1390 880 1462 913 istic
1474 880 1666 913 formandos
1682 880 1715 913 in
1729 891 1835 914 veram
1848 879 2146 918 Christianitatem.

1233 957 1236 969 ,
1255 929 1298 962 Et
1312 929 1390 963 hinc
1404 929 1506 963 hodie
1527 931 1660 972 quidam
1675 932 1757 965 recte
1769 933 1892 965 docent
1908 956 1918 972 ,
1943 933 2151 975 quodssistius·

1252 980 1344 1013 modi
1358 980 1518 1014 fruecuose
1529 980 1769 1022 admittantur,
1794 982 1900 1015 immo
1917 981 1948 1020 ἀ
1964 982 2148 1017 invitentur

1231 1029 1292 1079 jad
1305 1029 1578 1064 Sacramentalem
1603 1032 1733 1065 suorum
1760 1032 1937 1066 criminum
1963 1032 2149 1068 Confeffio·

1210 1104 1212 1106 .
1230 1085 1233 1100 ¹
1251 1090 1326 1113 nem
1340 1105 1348 1112 .
1377 1079 1510 1114 Etenim
1526 1081 1697 1115 Confeffio
1712 1083 1814 1124 potest
1825 1085 1888 1117 effe
1902 1082 2070 1118 informis.
2100 1085 2149 1118 Ec

1230 1106 1351 1164 ietiam
1365 1129 1560 1174 haecincipit
1571 1129 1744 1174 disponere
1767 1132 1808 1166 ad
1833 1144 1941 1167 veram
1964 1135 2148 1175 conversim

1250 1190 1324 1214 nem
1339 1181 1472 1220 cordis,
1498 1180 1687 1225 adeoque&
1711 1182 1752 1216 ad
1778 1181 1899 1217 Pacem
1924 1183 2057 1218 Divinae
2081 1184 2147 1219 Rem

1248 1230 1513 1265 conciliationis.
1544 1231 1698 1265 Secundo
1721 1234 2073 1278 sanssusAugustinus
2096 1235 2148 1268 dia

1247 1281 1293 1313 cit
1307 1305 1317 1320 ,
1343 1281 1430 1324 quod
1444 1281 1593 1323 quaedam
1614 1281 1803 1316 Catholicae
1825 1284 1973 1320 Ecclesiae
1991 1285 2146 1318 admitti&

1247 1341 1318 1363 rent
1333 1333 1412 1363 tales
1424 1333 1522 1364 etiam
1546 1332 1586 1363 ad
1612 1330 1836 1373 Baptismum.
1868 1334 2008 1366 Nullam
2033 1336 2146 1378 exige·

1227 1380 1229 1392 ²
1249 1379 1326 1413 bant
1343 1381 1606 1422 praeparationem
1618 1402 1628 1418 ,
1654 1382 1713 1413 nifi
1728 1382 1861 1422 plenum
1881 1382 2147 1424 catechismum..

1249 1431 1479 1473 professionem
1505 1430 1641 1473 integrae
1666 1429 1862 1464 Christianae
1886 1433 1982 1465 fidei.
2011 1435 2146 1469 sanetus

1247 1481 1346 1524 Augu
1354 1480 1455 1513 stinus
1467 1478 1566 1514 tertio
1576 1479 1716 1513 affirmat
1730 1479 1821 1513 istius
1833 1482 2007 1524 opinionis
2030 1483 2143 1517 funda-

1224 1517 1227 1560 !
1246 1541 1392 1563 mentum
1407 1531 1502 1564 fuisse
1515 1530 1747 1572 Apostolicum
1761 1529 1874 1564 locum
1891 1532 1924 1564 in
1951 1534 2050 1575 priori
2073 1534 2140 1577 epi-

1248 1580 1329 1613 ssoia
1342 1582 1381 1613 ad
1398 1579 1593 1614 Corinthios
1606 1591 1612 1610 :
1641 1582 1887 1613 Fundamentum
1901 1583 1990 1615 aliud
2000 1595 2082 1616 nemo
2092 1592 2144 1625 po·

1224 1631 1294 1673 test
1305 1639 1412 1672 ponere
1420 1640 1533 1671 praeter
1546 1631 1581 1662 id
1600 1632 1680 1671 quod
1686 1630 1753 1671 pos
1750 1641 1812 1663 tum
1822 1630 1860 1669 est
1872 1656 1881 1671 ‚
1909 1634 1988 1674 quod
1996 1634 2032 1671 est
2053 1633 2144 1666 chrr-

2158 1613 2240 1658 Cap.
2254 1624 2285 1664 3.

1222 1681 1299 1740 ¹stus
1316 1682 1327 1722 J
1338 1681 1425 1714 ESU
1433 1683 1473 1714 8.
1507 1683 1538 1713 51
1549 1687 1616 1721 qui:
1628 1678 1961 1722 autemsuperaedificat
1970 1681 2144 1726 supersum
2184 1719 2187 1722 ¹

1222 1705 1226 1761 i
1245 1732 1416 1764 damentum
1429 1730 1479 1763 boc
1492 1742 1618 1770 aurum,
1625 1740 1832 1774 argentum,
1857 1731 1975 1773 lapides
1984 1732 2142 1776 pretiosos,

1242 1783 1326 1824 ligna
1336 1805 1346 1820 ‚
1370 1779 1487 1822 foenum
1498 1803 1510 1819 ‚
1527 1781 1681 1822 stipulas,
1706 1780 1936 1824 uniuscujusque
1947 1792 2020 1825 opus
2044 1789 2141 1816 mant·

1241 1828 1352 1870 festum
1367 1838 1425 1863 erit
1437 1856 1444 1863 .
1473 1835 1545 1863 Dies
1557 1836 1638 1864 enim
1652 1833 1775 1862 Domini
1787 1833 1952 1865 declarabit
1966 1856 1974 1865 .
2001 1836 2086 1877 ,Quia
2106 1840 2141 1868 in

1245 1887 1313 1923 igne
1323 1882 1526 1914 revelabitur.
1554 1884 1600 1913 Et
1613 1879 1838 1923 uuiuscujusque
1859 1891 1931 1923 opus
1954 1885 2043 1925 quale
2059 1883 2100 1925 fit
2125 1908 2136 1925 ,

1244 1937 1321 1973 ignit
1331 1931 1489 1972 probabit.
1518 1934 1548 1963 51
1565 1934 1646 1968 cuiut
1664 1940 1735 1972 opus
1757 1930 1901 1973 manserit
1913 1959 1922 1973 ‚
1949 1936 2029 1975 quod
2036 1933 2139 1977 [apen⁴

1221 1999 1223 2008 ι
1241 1982 1318 2026 edrfit
1324 1989 1393 2014 avit
1404 2004 1413 2019 ,
1438 1983 1598 2013 mercedem
1608 1986 1731 2021 accipiet
1743 1992 1753 2021 3
1774 1982 1895 2024 ficujtts
1908 1993 1983 2024 opus
1990 1984 2098 2025 arserit
2110 1995 2140 2024 ῖς

1244 2033 1455 2062 detrimentum
1465 2036 1617 2070 pat-tetur.
1648 2029 1715 2071 Ipse
1736 2040 1836 2062 autem
1851 2031 1961 2072 salvus
1972 2041 2066 2067 uerit.
2089 2034 2139 2067 Sic

1243 2090 1341 2111 tamen
1354 2078 1494 2121 quafiper
1516 2085 1615 2122 ignem
1629 2104 1636 2111 .
1666 2080 1744 2112 Hoc
1760 2090 2005 2125 quemcumque
2031 2083 2138 2117 homi-

1247 2141 1321 2162 nem
1337 2130 1459 2161 salvans
1472 2130 1725 2162 funda-mentum
1738 2131 1885 2170 quaedam
1903 2132 2052 2166 Ecclefiae
2063 2144 2139 2167 cen-

1249 2180 1449 2211 suerunt‘esse
1464 2179 1563 2211 solam
1575 2178 1672 2211 fidem
1687 2202 1695 2210 .
1725 2179 1984 2220 Superaedificata
2008 2184 2099 2226 ligna
2126 2207 2137 2223 ,

1247 2230 1396 2266 foenum,
1423 2227 1555 2271 stipulas
1581 2230 1776 2261 censuerunt
1798 2230 1861 2262 eise
1884 2230 2137 2275 qualiacumque

1246 2279 1345 2311 etiam
1360 2278 1506 2312 facinora
1517 2291 1552 2312 ac
1566 2278 1690 2321 flagitia
1704 2301 1711 2312 .,
1742 2278 1864 2311 Haecin
1893 2280 2061 2314 Fidelibus
2073 2293 2137 2316 eree·

1247 2329 1397 2361 diderunt
1409 2327 1569 2362 exurenda
1586 2339 1637 2370 per
1649 2328 1748 2362 futuri
1774 2329 1873 2361 saeeuli
1897 2331 2008 2374 ignes,
2037 2333 2080 2364 ita
2094 2342 2130 2366 ut

1247 2378 1294 2411 illi
1311 2379 1485 2421 postmodo
1496 2381 1596 2413 ellent
1607 2379 1700 2421 plene
1712 2379 1861 2421 purgati,
1888 2390 1925 2413 ac
1939 2381 2052 2415 fierent
2078 2383 2136 2415 ial-

1246 2429 1275 2461 vi
1290 2452 1297 2459 .
1330 2429 1383 2461 An
1400 2429 1463 2461 issae
1479 2429 1625 2462 Ecclefiae
1638 2428 1841 2471 Bapriimum
1854 2430 2037 2465 istiusmodi
2061 2444 2134 2465 cen·

1246 2479 1349 2511 serent
1362 2479 1560 2518 formatum,
1586 2491 1625 2512 an
1639 2479 1809 2514 dumtaxat
1836 2479 2010 2517 informem
2024 2506 2035 2522 ,
2064 2493 2133 2516 non

1247 2529 1360 2572 poffim
1373 2529 1610 2563 demonstrare.
2029 2522 2032 2528 ’

1297 2578 1425 2621 Opinio
1447 2580 1612 2623 originem
1633 2579 1763 2621 sumplit
1784 2590 1824 2611 ex
1848 2581 2134 2615 commiseratione

1246 2640 1320 2673 erga
1332 2630 1514 2663 adulterina
1533 2630 1707 2672 conjugia:
1738 2631 1908 2671 praesertim
1922 2642 1996 2675 erga
2019 2632 2094 2665 illos
2119 2655 2130 2672 ,

1247 2681 1303 2722 qui
1325 2679 1461 2712 dimissis
1498 2680 1595 2712 etiam
1627 2681 1707 2712 eitra
1732 2680 1963 2713 fornicationis
2001 2683 2132 2714 causam

1248 2729 1404 2763 uxoribus
1414 2730 1575 2763 duxerant
1588 2730 1682 2762 alias.
1711 2730 1853 2772 Antiqui
1867 2740 1922 2772 per
1935 2730 2129 2765 Roma-num

1249 2779 1424 2822 Imperium
1438 2779 1586 2814 Gentiles
1599 2779 1769 2813 mutabant
1783 2790 1901 2813 uxores
1913 2796 1925 2819 ·,
1952 2791 1988 2814 ut
2001 2780 2100 2814 vestes
2122 2803 2131 2815 .

1250 2830 1357 2864 Etiam
1371 2829 1566 2864 Christianis
1584 2829 1799 2872 temporibus.
1832 2829 1881 2863 lta
1896 2831 1983 2873 supra
2009 2830 2132 2864 audivi·

1247 2890 1318 2913 mus
1340 2881 1358 2913 ὲ
1371 2880 1477 2913 sancto
1492 2879 1639 2914 Asterio.
1670 2880 1710 2912 Et
1726 2879 1822 2912 istum
1837 2891 1961 2914 morem
1975 2880 2133 2914 Christia-

1247 2941 1295 2963 nae
1318 2930 1426 2974 magni
1448 2930 1665 2963 Constantini
1686 2930 1773 2972 leges
1797 2940 1864 2962 non
1890 2931 1987 2973 plene
1999 2930 2132 2964 damna*

1246 2991 1339 3020 runt,
1368 2992 1426 3014 nec
1439 2978 1668 3013 aboleverunt.
1701 2980 1830 3012 Etenim
1846 2981 1877 3012 in
1891 2981 1966 3015 data
1979 2981 2019 3014 ad
2033 2981 2132 3014 Abla—

1248 3030 1335 3063 vium
1349 3029 1506 3063 Praetorio
1518 3029 1705 3063 Praefestum
1721 3031 1792 3073 lege
1809 3040 1947 3074 magnus
1962 3030 2132 3063 Constan-

1245 3081 1335 3113 tinus
1349 3091 1435 3114 vetat
1455 3080 1607 3124 conjugia
1620 3081 1774 3121 deinceps
1787 3080 1867 3112 solvi
1881 3091 1921 3113 ex
1935 3081 2047 3124 quavis
2060 3091 2132 3114 cau·

1245 3131 1277 3163 sa
1290 3155 1300 3170 ,
1327 3142 1379 3173 atq
1386 3143 1423 3164 ue
1436 3131 1585 3175 adjungit
1600 3144 1609 3163 .-
1637 3135 1672 3162 In
1683 3131 1804 3171 repudio
1816 3132 1963 3163 mittendo
1976 3131 2130 3172 &foemina

1243 3181 1339 3221 placet
1358 3180 1421 3213 baer
1438 3179 1503 3223 sola
1513 3187 1639 3214 crimina
1652 3185 1764 3223 inquiri
1782 3204 1792 3218 ,
1813 3179 1843 3219 fi
1848 3179 2048 3220 homicidam,
2076 3183 2133 3215 vel

1245 3233 1540 3263 medicamentarium
1566 3254 1575 3269 ,
1612 3232 1664 3263 vel
1689 3229 1907 3273 fi’pulchrorum
1939 3232 2128 3274 dissolutorem

1248 3286 1389 3312 maritum
1397 3279 1485 3322 suum
1495 3281 1546 3322 effe
1556 3281 1732 3320 probaverit
1742 3304 1752 3319 ‚
1779 3290 1812 3312 ut
1822 3282 1869 3312 ita
1883 3282 1999 3314 demum
2022 3283 2128 3315 lauda-

1245 3340 1279 3363 ta
1291 3332 1387 3362 dotem
1409 3342 1523 3362 omnem
1544 3336 1665 3371 recipiat
1680 3354 1687 3361 .
1713 3335 1799 3362 Nam
1805 3329 1834 3371 fi
1849 3339 1963 3372 praeter
1982 3331 2045 3364 bac
2064 3337 2127 3364 tria

1247 3386 1374 3413 crimina
1384 3382 1539 3421 repudium
1551 3387 1660 3412 marito
1673 3379 1807 3423 miserit,
1834 3391 1946 3422 oportet
1962 3393 2027 3414 eam
2036 3378 2126 3422 usque

1225 3431 1288 3463 ⁴ad
1297 3431 1446 3463 acuculam
1457 3436 1567 3472 capitis
1581 3436 1613 3462 in
1626 3431 1709 3463 domo
1723 3436 1826 3463 mariti
1837 3434 1999 3474 deponere,
2026 3430 2060 3461 Θ
2067 3438 2125 3470 pro

1226 3451 1232 3525 i
1247 3490 1310 3515 tam
1321 3492 1429 3524 magna
1438 3478 1485 3523 sui
1495 3481 1674 3524 confidentia
1696 3487 1728 3515 in
1739 3480 1792 3525 ms
1787 3483 1867 3518 ulam
1888 3481 2056 3572 deportat?
2086 3485 2122 3513 In

1973 3541 2021 3563 ma
2035 3539 2082 3566 CH·
