2366 3736
765 119 830 170 tu
863 122 1255 168 Panaenum
1289 117 1586 166 HAERssnvt.

1942 122 2033 181 183

302 211 451 257 Antiqua
473 206 623 251 Gratiani
658 208 863 253 Imperatoris
886 206 939 240 lex
973 205 1120 256 degrada·
1166 205 1263 254 tlium
1286 229 1294 236 .
1334 202 1422 238 Natu
1451 207 1585 249 superna
1610 202 1764 247 Maiestas
1788 212 1826 239 ut
1852 204 1981 250 colligit
2017 218 2060 242 ex

254 269 334 299 tum·
347 263 568 307 Episcopum,
591 271 658 305 quo
682 257 791 293 turbas
814 259 896 290 ciere
909 266 976 289 non
999 256 1123 296 valeat,
1166 254 1296 298 {secreti
1324 253 1535 298 ignoratione
1561 256 1787 296 reverentiam,
1814 254 1858 288 ita
1886 256 1919 288 ἃ
1946 257 2060 300 ineptae

251 313 390 346 mandat
402 313 442 347 ad
454 322 585 346 centum
598 311 615 344 a
628 311 681 342 sua
692 306 825 341 civitate
844 304 995 341 milliaria
1007 305 1121 348 relega-

252 361 292 396 ri.
321 361 401 397 Haec
413 363 463 397 lex
476 361 623 404 quemvis
631 357 846 401 ‚Pelagianurn
858 355 996 390 totidem
1008 356 1120 388 millia·

253 409 342 445 ribus
354 412 454 447 abeffe
467 410 597 446 mandat
607 408 625 442 a
636 408 767 441 civitate
780 405 1119 447 Constantinopolita-

253 471 295 495 na
309 486 315 493 .
344 462 392 496 lta
403 472 533 497 omnem
545 458 610 492 illis
620 457 760 491 eradicat
772 458 858 499 spem
871 465 908 489 ac
919 454 1001 488 viam
1021 466 1120 504 gene-

251 510 328 545 ralis
340 512 466 555 Synodi
477 510 627 550 deinceps
639 506 837 550 postulandae
857 529 864 536 .

303 562 417 606 Regiae
438 558 524 593 urbis
543 557 710 592 Praefectus
734 556 868 590 Divales
888 553 975 597 leges
1000 554 1121 588 solebat
1165 569 1169 606 ᾗ

251 609 463 655 publicandas
473 609 600 642 mittere
613 607 651 641 ad
676 606 907 640 Praetoriorum
931 604 957 638 P
966 606 1122 644 raesestos‚
1166 607 1168 610 ⁴

247 659 284 694 hi
297 660 335 693 ad
349 659 601 692 Pro-vinciarum
629 657 780 691 Reaores
792 681 799 688 .
841 653 1030 688 Amborum
1051 666 1121 698 pro-

245 719 428 755 grammata
440 710 491 743 seu
508 708 625 742 Edicta
639 706 692 741 hic
707 708 783 741 item
797 703 894 738 habes
906 728 914 735 .

246 814 413 852 Imperator
440 808 633 849 constantius
661 804 809 848 Volufiano
835 802 918 837 Urbis
957 802 1121 843 Praefec‘io.

337 910 420 945 Um
429 909 506 945 tum
522 907 683 952 praeteritae
693 904 927 949 superstitionis
943 925 953 941 ‚
971 902 1042 937 tum
1074 915 1119 937 re·

354 962 460 993 centis
477 959 568 1002 plena
580 957 733 989 vanitatis
757 954 821 996 jam
848 953 971 987 dudum
1000 954 1118 998 corrigi

240 1010 432 1053 jusserimus,
451 1005 656 1050 quotidianis
669 1003 939 1039 insinuationibus
953 1003 1055 1046 major
1067 1003 1119 1036 fie-

239 1061 265 1092 ri
293 1059 528 1091 denunciatur.
557 1056 599 1089 Et
621 1057 780 1099 quoniam
802 1054 964 1088 discordia
992 1054 1119 1086 animas

235 1117 422 1142 commovet
444 1107 661 1151 populorum,
689 1117 724 1138 ea
737 1116 806 1146 quae
818 1105 880 1147 jam
909 1102 1032 1136 dudum
1057 1102 1121 1145 jus·

235 1159 402 1197 seramus,
430 1158 633 1201 praecepimus
645 1156 749 1191 iterari
765 1180 772 1187 .
801 1152 907 1188 Unde
935 1154 986 1186 his
1012 1154 1118 1192 lectis,

234 1207 419 1242 Eximietas
441 1208 519 1241 Tua
537 1232 546 1246 ‚
575 1206 759 1249 omnesqui
774 1201 995 1238 Deiinvident
1023 1204 1118 1246 pieta-

235 1259 262 1292 ti
287 1283 298 1299 ,
324 1256 498 1301 diligenter
524 1256 668 1299 inquirat
693 1280 704 1296 ,
733 1255 766 1290 &
792 1265 847 1288 eos
873 1253 969 1287 faciat
1007 1253 1116 1291 statim

234 1303 336 1342 muris
362 1308 451 1340 urbis
476 1306 595 1349 expelli
619 1330 630 1344 ,
658 1305 701 1342 ita
728 1314 838 1337 tamen
860 1327 872 1344 ‚
901 1313 938 1337 ut
967 1313 1007 1336 ne
1035 1303 1118 1335 intra

230 1358 447 1391 centesimum
460 1355 591 1400 quidem
619 1354 759 1398 lapidem
787 1353 928 1388 habeant
952 1352 1117 1386 licentiam

236 1406 453 1442 consistendi.
481 1405 660 1438 Celessiurn
673 1414 805 1446 quoque
830 1404 935 1445 magis
952 1413 990 1436 ac
1015 1402 1118 1445 magis

236 1468 276 1491 ex
304 1455 509 1498 urbeexpelli
523 1454 733 1487 mandamus.
762 1450 900 1485 Constat
929 1451 1039 1490 enim,
1063 1450 1118 1483 iis·-

233 1506 308 1540 dem
331 1505 484 1539 e'medio
510 1502 654 1542 sublatis,
681 1503 818 1545 gratiam
847 1501 877 1533 ὅ(
905 1501 1117 1533 concordiam

235 1564 345 1596 tenere
370 1565 507 1588 veterem
535 1552 721 1585 firmitatem
744 1575 752 1583 .
789 1550 870 1583 Sane
913 1550 1067 1592 deinceps
1094 1551 1116 1582 fi

236 1605 302 1640 tale
327 1604 494 1648 quippiam
522 1603 621 1636 fuerit
649 1601 855 1639 nunciatum,
880 1599 1027 1634 officium
1040 1599 1117 1632 Prat—

243 1654 370 1689 ssantiae
397 1654 481 1687 Tuae
494 1651 624 1694 capitali
651 1651 818 1684 sententiae
844 1648 1050 1682 subdendum
1073 1652 1116 1682 es-

244 1706 277 1739 se
299 1704 486 1748 cognoscat.
515 1704 595 1736 Non
607 1702 695 1734 enim
709 1700 848 1743 patimur
863 1700 1062 1741 impunitum
1075 1701 1114 1733 es·

240 1755 274 1788 se
297 1778 308 1793 ,
347 1764 499 1797 praecepta
538 1751 644 1784 nostra
671 1748 874 1783 executionis
915 1750 1115 1793 negligentia

241 1803 401 1848 protelari.
429 1801 514 1835 Vale
527 1801 645 1834 Parens
662 1799 880 1833 charissime&
894 1798 1113 1831 amantissime.

242 1858 287 1887 Et
306 1853 425 1893 adJeAE'a
443 1850 632 1894 subscriptio.
662 1850 836 1890 impleatur
861 1847 1115 1892 quodjuffimus‚

240 1904 317 1948 quia
344 1902 407 1937 hoc
434 1903 527 1937 famae
554 1911 614 1936 tuae
640 1897 790 1945 expedit.

373 2002 540 2046 Volufianus
568 2000 735 2042 Praefefflus
761 1999 847 2033 Urbis
873 2000 967 2033 dixit.

360 2101 500 2137 Abienus
521 2102 721 2140 celestium,
742 2098 861 2133 divinae
884 2097 958 2133 fidei
972 2099 1003 2134 δε
1026 2098 1115 2142 quie·

367 2155 413 2188 ‘tis
436 2152 572 2197 publicae
594 2153 790 2184 turbatorem
811 2174 821 2188 ,
849 2149 981 2191 judiciis
1012 2149 1115 2181 amica

237 2206 299 2237 reis
320 2204 437 2237 secreta
458 2201 679 2235 subduxerunt
692 2223 700 2231 .
725 2199 795 2242 Jam
809 2198 896 2243 leges
910 2201 1008 2230 etiam
1032 2198 1114 2231 Edi-

234 2253 277 2287 ἃί
299 2254 523 2295 persequentur
545 2249 706 2298 absentem
720 2273 727 2280 .
756 2248 839 2287 Cui,
861 2247 948 2290 quod
973 2247 1113 2290 primum

234 2302 303 2342 est,
324 2311 447 2335 aeternae
469 2299 557 2333 urbis
577 2308 714 2343 negatur
737 2296 924 2331 habitatio.-
951 2306 987 2330 ut
1014 2297 1035 2330 fi
1062 2298 1112 2331 vel

239 2353 274 2385 in
289 2350 446 2395 proximis
457 2350 554 2384 fuerit
573 2347 750 2382 diversatus
764 2369 775 2386 ‚
802 2347 950 2381 debitum
964 2357 1029 2380 non
1042 2357 1112 2381 eva·

232 2401 289 2436 dat
302 2400 448 2435 exitium.
475 2398 540 2432 Pro
562 2398 679 2431 merito
690 2397 790 2431 etiam
802 2397 993 2430 temeritatis
1016 2406 1113 2440 atque

233 2453 327 2484 ausus
339 2451 386 2484 sui
411 2475 421 2491 ,
446 2449 576 2483 cunctos
604 2447 698 2490 hujus
726 2446 832 2481 Edisti
859 2448 1012 2480 cautione
1039 2458 1107 2489 prae-

236 2509 409 2534 monemus
422 2523 432 2538 ,
447 2509 487 2531 ne
499 2497 571 2541 quis
584 2497 716 2539 iniquus
727 2498 831 2531 noxio
852 2497 1007 2530 latebram
1021 2507 1109 2539 putet

232 2551 295 2583 esse
310 2548 534 2592 praebendam,
558 2557 598 2579 ne
619 2557 695 2578 cum
718 2545 902 2587 hujusmodi
936 2547 973 2579 sit
1007 2547 1108 2589 posita

232 2610 342 2643 prena,
353 2596 545 2641 supplicium
559 2594 722 2637 acstylum
738 2597 858 2628 necesle
869 2595 905 2627 fit
928 2597 1102 2639 proscriptiv

231 2649 308 2683 onis
324 2649 496 2686 incurrere,
514 2645 658 2688 quisquis
684 2655 772 2678 reum
799 2645 920 2677 divinis
946 2645 1105 2680 humanis·

233 2709 295 2744 que
305 2697 431 2742 legibus
442 2695 526 2740 apud
544 2696 574 2729 se
588 2693 988 2739 putaveritoccultandum
1001 2720 1010 2728 .

274 2799 400 2846 Juniur
426 2799 568 2840 ,Quartus
590 2820 601 2836 ,
629 2795 808 2835 Palladius,
835 2797 996 2828 Monaxius
1022 2797 1057 2829 &⁸

307 2848 451 2892 Agricola,
465 2846 570 2880 iterum
584 2845 724 2886 Praefhdli
737 2848 868 2885 Pretorio
879 2847 1030 2878 dixerunt.

329 2947 474 2982 Dversus
487 2946 657 2990 Pelagium
669 2955 764 2986 atque
776 2944 951 2980 Celestium
962 2969 972 2984 ‚
991 2944 1102 2978 catho-

346 2997 399 3032 lici
411 2998 577 3042 dogmatis
590 2997 686 3031 fidem
699 2997 785 3029 faevis
795 2995 978 3029 trastatibus
989 2995 1101 3028 destru-

230 3058 321 3080 entes
342 3072 352 3089 ‚
378 3048 534 3081 sententia
561 3045 744 3090 principalis
771 3045 920 3083 invaluit,
946 3055 981 3079 ut
1011 3057 1104 3078 vent·-

233 3096 325 3129 rabili
350 3097 426 3131 urbe
453 3097 605 3130 summoti
634 3096 796 3130 bonorum
823 3095 987 3130 consortio
1022 3095 1102 3129 mul-

232 3147 410 3180 &art-ntur.
431 3147 509 3180 Hoc
521 3148 621 3191 igitur
641 3157 757 3180 omnes
779 3146 948 3180 admoneri
971 3155 1100 3188 oportet

233 3195 374 3234 Edicto,
396 3207 436 3229 ne
461 3197 531 3240 quis
551 3195 677 3229 sinistrae
699 3196 909 3239 persuasionis
941 3196 1100 3229 erroribus

228 3245 395 3278 credulum
422 3247 540 3287 piaesser
562 3247 738 3280 assensum.
770 3246 811 3279 Et
839 3246 860 3278 fi
890 3245 943 3279 ille
968 3246 1003 3278 sit
1031 3245 1098 3288 ple·-

227 3294 330 3333 beius,
356 3303 409 3327 aut
435 3294 592 3336 Clericus,
618 3299 673 3339 qui
702 3296 735 3330 in
764 3294 914 3339 caliginis
939 3293 1097 3339 hujusob-

226 3346 325 3379 scaena
339 3343 495 3383 reciderit,
515 3345 530 3376 a
544 3356 750 3390 quocumque
761 3349 876 3380 tracius
887 3344 925 3379 ad
940 3346 1098 3388 Iudicem,

227 3395 294 3428 sine
305 3394 508 3428 accusatricis
517 3392 710 3429 discretione
720 3398 878 3439 persouae,
907 3396 1096 3430 facultatum

226 3444 450 3489 publicatione
464 3443 621 3483 nudatus,
648 3445 854 3482 irrevocabile
864 3446 1007 3490 patietur
1028 3445 1096 3481 exi-

277 3518 279 3520 .
313 3493 421 3535 christ.
435 3497 516 3536 Lupi
527 3497 624 3535 Opera
638 3496 774 3529 Tam-xz.

1183 304 1398 347 disputationi
1427 302 1580 346 injuriam
1605 306 1722 340 eximit
1751 316 1804 350 pet
1832 305 2000 339 Edictum.

1220 404 1379 437 Duodecim
1408 403 1553 441 Articuli,
1579 415 1648 446 quor
1676 410 1708 437 in
1737 406 1792 438 bac
1816 410 1943 439 materia
1978 404 2028 447 effe

1255 453 1329 496 fidei
1341 455 1471 497 Regulus
1479 455 1638 494 judicavit
1649 454 1774 488 sunaus
1788 456 1958 499 Augustinus
1968 479 1977 488 .

1301 553 1391 588 ltalis
1405 553 1554 597 quidam,
1574 553 1719 587 Ecclefiae
1733 552 1997 599 Carthaginensis
2011 566 2066 590 ne·

1314 605 1384 637 scio
1411 614 1453 637 an
1467 603 1590 637 Laicus
1603 627 1613 643 ‚
1639 615 1678 636 an
1693 604 1840 638 Clericus
1851 628 1861 644 ,
1879 605 2064 648 Semi-pela-

1182 657 1286 698 gianae
1310 653 1464 687 factionis
1487 653 1551 688 fuit
1573 653 1696 695 primus
1717 655 1888 696 praecursor
1899 654 1932 687 ὅ(
1945 657 2063 690 auctor.

1185 704 1262 746 Ejus
1273 714 1414 737 errorem
1427 704 1573 737 laudatus
1584 702 1790 747 Augustinus
1801 703 1937 746 exponit
1951 705 1985 736 in
1999 703 2064 738 haec

1184 753 1281 787 verba
1299 767 1310 786 .·
1339 755 1379 786 Te
1403 754 1492 786 audio
1502 756 1597 787 dicere
1610 776 1620 792 ‚
1641 762 1674 786 ut
1685 753 1762 786 rec‘le'
1782 754 1935 785 credamus
1958 759 1990 785 in
2003 757 2062 787 De-

1182 815 1243 843 um,
1269 805 1303 836 <y
1313 805 1481 847 Evangelio
1488 801 1719 846 consentiamus,
1744 814 1802 836 non
1815 804 1866 844 effe
1877 804 1984 835 donum
1996 807 2065 844 Dei,

1178 851 1236 895 sed
1257 851 1307 885 boc
1329 853 1411 885 nobis
1435 853 1486 896 effe
1506 856 1527 886 ἃ
1550 852 1631 887 nobis
1642 877 1653 892 ‚
1679 855 1716 886 id
1736 853 1775 893 est
1784 877 1795 892 ,
1823 854 1857 886 e:
1879 859 2005 893 propria
2016 864 2065 886 vo-

1180 904 1296 936 luntate
1306 928 1316 943 ‚
1344 914 1433 944 quom
1443 902 1528 936 nobis
1539 908 1572 936 in
1585 903 1676 942 nostro
1684 905 1771 936 corde
1783 914 1841 935 non
1863 910 2000 943 operatus
2026 901 2065 942 est

1182 951 1256 995 ipse.
1285 955 1331 984 Et
1342 952 1464 994 adhoc,
1475 963 1542 986 cum
1554 955 1704 989 audieris:
1733 955 1824 997 ,Quid
1842 950 1880 992 est
1900 963 1969 995 ergo
1987 951 2066 994 quod

1181 1004 1226 1035 alt
1241 1001 1408 1044 Apostolus:
1438 1003 1527 1037 Deus
1537 1003 1570 1037 in
1587 1003 1685 1037 nobis
1696 1014 1846 1046 operatur
1856 1003 1888 1038 &
1902 1002 2066 1046 perficere,

1182 1052 1339 1095 respondes
1349 1077 1360 1093 ,
1383 1061 1439 1094 per
1451 1053 1541 1096 legem
1550 1050 1639 1095 suam
1649 1078 1660 1094 ,
1676 1061 1733 1094 per·
1740 1052 1910 1095 scripturas
1917 1050 1990 1094 suas
2006 1055 2066 1085 De·

1183 1114 1231 1136 um
1244 1106 1358 1144 operari
1369 1112 1402 1135 ut
1412 1105 1554 1143 velimus,
1562 1114 1640 1145 quas
1651 1104 1705 1138 vel
1710 1104 1833 1147 legimus
1845 1104 1897 1136 vel
1905 1103 2060 1144 audimus,

1178 1151 1236 1196 sed
1249 1159 1290 1185 eis
1303 1151 1463 1195 consentire
1474 1154 1526 1187 vel
1535 1164 1593 1186 non
1605 1152 1768 1196 consentire
1780 1160 1827 1187 ita
1848 1153 1974 1191 nostrum
1998 1152 2037 1192 est
2047 1175 2061 1193 ,

1183 1212 1215 1234 ut
1230 1201 1260 1243 fi
1267 1203 1396 1236 velimus
1416 1202 1474 1244 fiat
1487 1227 1498 1243 ,
1520 1201 1547 1243 fi
1554 1210 1654 1236 autem
1679 1203 1803 1237 nolimus
1814 1228 1825 1244 ‚
1847 1202 1927 1235 nibil
1934 1208 1966 1234 in
1976 1202 2063 1237 nobis·

1182 1257 1379 1293 operationem
1403 1254 1459 1285 Dei
1484 1255 1586 1286 valere
1603 1252 1758 1294 faciamus
1772 1280 1778 1287 .
1803 1257 1952 1296 Operatur
1975 1258 2063 1294 quip-

1178 1304 1219 1342 pe
1231 1302 1281 1335 ille
1290 1326 1301 1342 ,
1328 1303 1424 1343 dicis,
1454 1310 1598 1347 quantum
1625 1309 1658 1335 in
1684 1302 1747 1346 ipso
1771 1303 1811 1341 est
1822 1328 1831 1342 ,
1858 1312 1892 1334 ut
1918 1304 2060 1342 velimus,

1181 1353 1245 1383 cum
1265 1349 1346 1383 nobis
1368 1359 1437 1383 nota
1445 1352 1526 1392 fiunt
1539 1354 1602 1391 ejus
1614 1353 1730 1392 eloquia
1742 1365 1752 1394 ;
1774 1350 1911 1393 srdfiss‘t
1941 1356 2061 1392 acquie-

1176 1399 1257 1443 scere
1270 1402 1405 1433 nolumus
1418 1425 1429 1441 ‚
1449 1412 1501 1433 nos
1513 1409 1545 1433 ut
1555 1405 1684 1443 operatio
1694 1403 1757 1441 ejus
1770 1400 1847 1433 nihil
1856 1406 1888 1432 in
1898 1400 2061 1442 nobnpro-

1175 1449 1212 1492 fit
1225 1476 1233 1489 ‚
1245 1451 1383 1492 efficimus
1393 1474 1401 1483 .
1432 1450 1485 1485 De
1503 1451 1574 1484 solo
1600 1449 1676 1490 fidei
1698 1461 1736 1485 ac
1763 1451 1856 1485 bonae
1881 1450 2062 1484 voluntatis

1182 1502 1286 1543 primo
1297 1501 1436 1534 exordio
1449 1500 1572 1534 errabat
1586 1500 1721 1540 Vitalis,
1749 1503 1805 1544 qui
1819 1499 1924 1544 postea
1936 1502 1996 1534 fuit
2007 1502 2065 1534 eti-

1181 1562 1232 1584 am
1246 1562 1286 1583 ex
1298 1550 1458 1584 erroribus
1470 1549 1715 1584 Maffilienfium
1732 1575 1738 1581 .
1770 1551 1855 1584 Eum
1868 1550 1974 1583 lucide
1986 1551 2065 1585 revit

1181 1602 1225 1633 cit
1248 1600 1453 1643 Augustinus
1466 1601 1497 1632 in
1514 1599 1662 1643 Epistola
1676 1601 1847 1634 centesima
1860 1601 1994 1643 septima
2008 1625 2019 1639 ‚
2030 1601 2063 1635 &

1182 1649 1310 1683 homini
1323 1650 1485 1683 firmando
1498 1649 1571 1685 fixit
1585 1649 1651 1684 haec
1665 1650 1842 1687 duodecim
1857 1651 1996 1687 materiae
2008 1649 2066 1686 hur

1178 1701 1230 1742 jus
1255 1700 1510 1735 fundamentalis
1536 1700 1658 1743 capita,

1313 1798 1826 1837 CAPITULUM
1897 1804 1923 1837 1.

1182 1911 1210 1937 1.
1345 1897 1512 1942 Uoniam,
1538 1901 1850 1946 propitioChristo,
1879 1902 2062 1939 Christiani

1359 1949 1525 1986 Catholici
1540 1953 1660 1991 sumus,
1676 1954 1793 1986 scimus
1802 1953 1952 1987 nondum
1966 1966 2062 1990 natos

1181 1999 1267 2033 nihil
1280 2004 1379 2045 egisse
1391 2003 1424 2034 in
1439 2004 1501 2035 vita
1516 2003 1637 2045 proprii
1651 2002 1729 2035 boni
1744 2004 1795 2036 seu
1811 2003 1886 2036 mali
1905 2028 1916 2043 ,
1936 2015 1994 2037 nec
2017 2005 2061 2038 se-

1179 2050 1324 2087 cundnm
1339 2052 1452 2084 merita
1467 2051 1581 2093 prioris
1594 2052 1727 2093 alicujus
1749 2054 1820 2086 vitae
1832 2077 1842 2092 ‚
1869 2065 1938 2095 quae
1967 2055 2058 2088 nulla

1179 2103 1305 2142 propria
1319 2101 1434 2145 singuli
1450 2100 1569 2135 habere
1582 2111 1757 2143 potuerunt
1777 2127 1787 2142 ,
1814 2102 1846 2134 in
1870 2102 1964 2145 hujus
1987 2103 2058 2138 vitae

1179 2150 1285 2183 venire
1297 2151 1450 2191 miserias;
1479 2152 1532 2184 sed
1552 2161 1660 2184 tamen
1675 2151 1853 2184 secundum
1867 2151 1972 2185 Adam
1985 2164 2058 2187 car·-

1178 2198 1295 2231 naliter
1315 2210 1410 2232 natos
1429 2200 1622 2243 contagium
1645 2200 1759 2233 mortis
1794 2201 1934 2241 antiquar
1955 2204 2058 2244 prima

1178 2248 1346 2282 nativitate
1368 2246 1569 2288 contrahere,
1593 2260 1652 2282 nec
1667 2249 1791 2283 liberari
1802 2251 1963 2293 supplicio
1976 2263 2059 2286 mot·-

1175 2299 1368 2338 tisaeternar,
1391 2299 1478 2339 quod
1495 2297 1594 2332 trahit
1620 2310 1661 2332 ex
1674 2300 1787 2332 unoin
1810 2311 1923 2335 omnes
1945 2303 2053 2335 transii·

1174 2359 1231 2382 ens
1244 2348 1324 2390 justa
1336 2350 1508 2384 damnatio
1520 2371 1533 2391 ,
1555 2348 1613 2382 nifi
1630 2360 1684 2393 per
1694 2349 1832 2394 gratiam
1852 2351 2059 2386 renascantur

1174 2399 1207 2432 in
1221 2397 1354 2432 Christo
1367 2423 1374 2430 .

1223 2459 1254 2484 2.
1282 2449 1409 2483 Scimus
1420 2449 1558 2494 gratiam
1574 2450 1638 2484 Dei
1654 2460 1714 2484 nec
1726 2449 1867 2492 parvulis
1879 2461 1938 2483 nec
1951 2450 2051 2494 majo-

1172 2498 1260 2533 ribus
1280 2498 1456 2532 secundum
1479 2500 1593 2532 merita
1617 2498 1724 2532 nostra
1746 2498 1833 2534 dari.

1221 2559 1249 2595 3.
1278 2549 1405 2582 Scimus
1417 2548 1595 2591 majoribus
1606 2548 1644 2581 ad
1658 2547 1803 2592 singulos
1822 2551 1907 2583 astus
1918 2549 1985 2584 dari
2002 2576 2011 2584 .

1217 2608 1249 2643 4.
1277 2599 1402 2633 Scimus
1440 2609 1507 2631 non
1535 2598 1688 2632 omnibus
1727 2597 1919 2633 hominibus
1952 2600 2046 2642 dari,

1167 2649 1200 2682 &
1228 2649 1350 2691 quibus
1371 2649 1488 2687 datur,
1514 2658 1581 2682 non
1610 2647 1717 2681 solum
1746 2649 1925 2683 secundum
1951 2651 2045 2685 meri·

1168 2707 1199 2732 ta
1226 2710 1360 2741 operum
1390 2709 1456 2731 non
1484 2697 1577 2738 dari,
1603 2697 1655 2731 sed
1683 2709 1751 2731 non
1780 2700 1955 2735 secundum
1979 2710 2044 2733 me-

1166 2749 1223 2780 rita
1249 2748 1431 2781 voluntatis
1448 2758 1560 2781 eorum
1588 2747 1707 2791 quibus
1732 2747 1848 2790 datur,
1874 2749 1962 2792 quod
1976 2759 2045 2784 ma-

1163 2796 1253 2830 xime
1277 2807 1407 2840 apparet
1432 2798 1466 2830 in
1496 2798 1654 2840 parvulis.

1214 2857 1244 2892 5.
1271 2848 1398 2881 Scimus
1421 2848 1468 2881 eis
1505 2846 1624 2891 quibus
1658 2847 1753 2881 datur
1772 2872 1784 2889 ,
1820 2846 2040 2885 misericordia

1164 2896 1227 2930 Dei
1255 2897 1394 2940 gratuita
1420 2897 1507 2932 dari.

1216 2946 1247 2982 6.
1275 2948 1400 2981 Scimus
1426 2948 1472 2981 eis
1500 2946 1616 2990 quibus
1642 2957 1710 2980 non
1738 2945 1852 2989 datur,
1882 2947 1968 2991 justo
1990 2950 2035 2992 Ju-

1162 2998 1251 3032 dicio
1278 2998 1342 3030 Dei
1372 3009 1437 3031 non
1465 2997 1550 3030 dari.

1210 3060 1241 3096 7.
1269 3048 1395 3080 Scimus
1422 3047 1509 3090 quod
1536 3056 1652 3080 omnes
1678 3045 1853 3081 astabimus
1878 3058 1954 3082 ante
1974 3049 2034 3083 tri-

1163 3097 1260 3132 bunal
1288 3097 1425 3137 Christi,
1451 3097 1590 3129 ut‘ferat
1618 3098 1836 3141 unusquisque
1856 3099 2034 3133 secundum

1160 3160 1195 3182 ea
1222 3159 1289 3190 quae
1315 3159 1369 3190 per
1395 3157 1511 3188 corpus
1536 3146 1626 3189 geffit
1648 3170 1658 3184 ‚
1697 3158 1765 3180 non
1793 3147 1967 3182 secundum
1995 3160 2035 3182 ea

1160 3210 1228 3241 quae
1255 3199 1275 3231 si
1306 3197 1428 3231 diutius
1455 3197 1573 3229 viveret
1602 3197 1744 3240 gesturus
1770 3198 1854 3238 fuit,
1881 3199 1942 3232 sive
1970 3199 2031 3232 bo-

1161 3259 1237 3282 num
1266 3249 1328 3280 sive
1355 3247 1477 3280 malum
1496 3269 1505 3278 .

1208 3301 1238 3336 8.
1251 3298 1377 3331 Scimus
1391 3298 1487 3329 etiam
1501 3296 1648 3338 parvulos
1659 3296 1832 3330 secundum
1846 3308 1880 3330 ea
1895 3308 1963 3339 quae
1978 3307 2033 3339 per

1159 3359 1274 3391 corpus
1286 3348 1465 3392 gesserunt,
1498 3357 1682 3387 recepturos
1697 3348 1746 3380 vel
1760 3347 1882 3380 bonum
1898 3346 1947 3378 vel
1966 3356 2034 3379 rm-

1159 3397 1245 3431 lum.
1274 3397 1446 3430 Griserunt
1457 3406 1566 3430 autern
1582 3408 1649 3429 non
1666 3396 1869 3438 perse—ipsos,
1896 3395 1946 3428 sed
1976 3407 2030 3437 per

1156 3458 1211 3483 eos
1237 3446 1352 3492 quibus
1380 3457 1439 3490 pro
1464 3444 1530 3480 illis
1565 3446 1831 3488 respondentibus
1857 3445 1891 3478 &
1916 3456 2033 3479 renun-

1947 3494 2004 3528 tia-

1570 3495 1678 3541 (ζα,
