2366 3736
333 99 418 143 DE
453 99 727 152 ANNQJA
763 95 1140 143 DiscrettuA
1174 89 1419 141 Cuius-r.
1458 97 1763 144 M11111AE2

230 170 509 215 Germaniassn'eff
519 171 638 223 pratfati
651 178 762 214 caroli
775 202 786 218 ‚
799 173 918 211 fratris
929 177 976 210 sui
988 187 1024 210 ae
1036 177 1100 210 im-

232 229 416 274 petamus,-
432 230 604 264 invadebat
629 231 782 274 regnum,
809 237 865 260 aur
890 225 974 260 certe
996 227 1102 270 dispo-

238 280 335 314 nebat
351 278 516 314 invadere.
546 274 722 322 Hine-ejus
744 276 924 320 Episcopus
952 276 1100 310 laudatus

230 329 387 363 Pontifex
400 331 506 375 arguit
528 337 669 374 utcanes
690 337 823 366 mutos,
848 328 894 360 eis
917 325 951 359 in
978 337 1101 360 memo·

222 378 309 413 riam
322 390 452 414 revocat
468 378 650 415 Ezechielis
662 375 834 421 Prophetas
845 375 977 410 verbum
990 401 1001 417 ‚
1029 380 1101 410 Non

164 428 171 435 '
220 427 419 471 'adscendifiis
442 427 644 470 ex>³adverfh‚
677 437 771 470 neque
793 424 961 469 opposuistis
985 436 1102 459 murum

223 487 281 522 pro
298 480 379 512 domo
390 479 498 523 lsrael,
525 487 557 510 ut
574 476 697 518 staretis
719 484 753 510 in
771 477 876 520 praelio
899 482 930 508 in
941 477 988 508 die
1003 479 1102 508 Domi-

228 535 261 562 ni
279 553 289 568 ‚
314 535 411 572 atque
431 528 633 572 prosequitur
657 540 665 560 :
692 531 746 560 Ex
769 524 896 568 adverso
918 528 1026 568 quippe
1048 528 1103 559 ad-

223 578 363 623 scendere
384 577 421 618 est
442 584 497 619 pro
519 576 678 619 defensione
696 582 797 623 gregis
827 576 924 609 libera
943 586 1012 610 voce
1042 575 1102 609 bu-

220 628 355 671 jusmodi
390 627 585 667 Potestatibm
609 632 776 661 contraire·
802 629 848 660 Et
870 633 904 658 in
929 627 977 659 die
1005 629 1104 659 Domi-

227 684 260 710 m
279 684 310 709 in
328 678 432 719 pr-aelio
444 677 524 718 stare
536 702 548 718 ,
573 677 612 719 est
621 685 733 720 pravis
758 677 980 710 decertantibus
1003 687 1041 709 ex
1047 678 1099 716 ju-

219 727 313 770 stitia·
324 738 422 760 amore
433 726 553 770 refistere
563 753 570 760 .
600 729 693 771 ‚Quod
702 728 807 761 rursus
817 736 874 769 per
885 726 1018 759 eumdem
1031 728 1103 758 Pro·

219 776 348 822 ‘phetam
360 779 489 812 deterret
503 784 660 822 inquiens:
688 803 714 819 „
740 776 773 812 Si
798 787 868 810 non
891 774 1103 810 annuntiave-

216 846 252 868 -‚‚
278 827 320 861 ris
333 827 451 871 iniquo
467 828 676 871 iniquitatem
686 829 774 862 suam
788 851 799 866 ‚
826 825 1020 870 sanguinem
1034 825 1102 867 ejus

216 901 253 918 ,‚‚
276 878 317 911 de
328 889 428 912 manu
439 889 496 913 tua
519 878 682 923 requiram
692 891 702 911 .-
730 878 821 921 ,Quid
830 877 873 908 ad
883 875 947 908 haec
959 877 1101 917 dicemus,

222 928 387 962 Fratres?
414 927 545 970 forfitan
566 929 630 961 ideo
655 930 712 960 Vos
740 925 922 969 excusabiles
946 927 1067 959 creditis
1091 950 1103 965 ,

225 983 297 1020 quia
308 981 416 1021 Regem
428 989 484 1011 non
502 979 684 1021 arguendum
698 979 796 1010 dicitis
811 1001 822 1019 ,
847 975 904 1019 sed
914 977 1099 1009 monendum.

225 1032 286 1060 Aut
291 1025 511 1069 persecutionem
536 1027 699 1071 quamlibet
717 1025 905 1070 praec'avistis
919 1050 929 1066 ,
956 1035 1011 1059 aut
1030 1037 1105 1058 mor-

223 1085 286 1110 tem
296 1100 308 1116 ,
333 1088 400 1118 quae
411 1078 542 1112 omnibus
553 1080 661 1111 ultima
670 1087 761 1119 poena
773 1077 829 1118 est,
861 1075 998 1116 timuistis
1012 1101 1020 1109 .
1047 1076 1107 1108 sed

222 1129 404 1170 'Redemptor
419 1127 510 1167 noster
521 1133 552 1161 in
565 1129 735 1171 Evangelio
747 1139 797 1161 nos
809 1125 945 1159 hortatus
970 1124 1007 1165 est
1023 1150 1034 1167 ‚
1059 1126 1104 1156 di-

224 1188 294 1210 cens
310 1189 318 1208 :
344 1199 367 1216 ‚‚
393 1178 513 1212 Nolite
526 1179 641 1212 timere
664 1189 720 1212 eos
732 1178 788 1221 qui
800 1176 959 1210 occidunt
976 1186 1104 1218 corpus,

224 1251 250 1267 ,‚
277 1227 421 1262 animam
433 1240 541 1262 autem
562 1238 628 1261 non
644 1228 774 1272 possunt
796 1226 963 1260 occidere.
997 1226 1106 1259 Verum

226 1282 296 1318 qula
319 1276 394 1310 nihil
420 1277 543 1317 borum,
570 1282 642 1320 quia
661 1289 711 1310 nec
731 1276 922 1318 inferendum
942 1275 982 1307 ab
1007 1277 1106 1316 aliquo

221 1325 330 1367 fuerat
343 1351 353 1367 ‚
379 1327 515 1367 timuistis
530 1352 540 1367 ,
565 1327 652 1368 restat
659 1327 762 1369 procul
770 1325 858 1360 dubio·
865 1351 875 1367 ‚
901 1323 1052 1367 quianon
1060 1322 1106 1366 so-

226 1377 288 1408 lum
304 1374 465 1419 secundum
474 1377 701 1419 prohibitionem
711 1376 873 1418 Apostolicae
891 1377 975 1407 sedit
987 1382 1102 1414 compa-

226 1431 334 1459 triotas
349 1426 456 1466 vestros
468 1427 506 1458 ab
518 1425 667 1466 invafione
691 1429 788 1467 Regni
799 1427 922 1457 alterius
931 1422 1104 1464 sacerdota·

225 1476 294 1509 liter
313 1485 369 1508 non
381 1474 512 1515 vetuistis
522 1499 532 1514 ,
558 1477 617 1508 imo
629 1477 791 1517 cupiditati
802 1485 900 1506 eorum
913 1472 1002 1511 vestri
1009 1472 1103 1514 savo-

226 1532 272 1559 ris
283 1531 504 1558 conniventiam
513 1523 676 1567 sonantes,
707 1523 790 1567 quasi
807 1523 953 1565 pulvillos
964 1521 1019 1564 sub
1029 1523 1104 1555 cubi-

227 1585 259 1607 to
276 1582 377 1608 eorum·
393 1586 539 1607 manuum
555 1572 707 1616 consuistis
720 1598 727 1605 .
767 1571 865 1616 ‚Quasi
883 1579 961 1606 enim
979 1573 1107 1615 pulvillo

227 1624 340 1659 cubitus
355 1650 365 1665 ‚
392 1626 444 1658 vel
455 1625 649 1658 cervicalibus
673 1631 760 1665 caput
775 1626 903 1663 jacentis
931 1628 1077 1665 excipitur
1091 1646 1102 1662 ,

231 1677 305 1708 dum
327 1676 510 1707 cor-remonis
531 1676 645 1707 duritia
667 1680 805 1716 peccanti
824 1671 1036 1716 subtrabitur,
1063 1678 1107 1705 ei·-

228 1737 285 1766 que
304 1725 440 1758 mollities
455 1725 582 1766 favoris
605 1724 788 1763 adhibetur,
816 1732 849 1755 ut
859 1728 890 1756 in
909 1731 1009 1756 errore
1029 1723 1106 1755 mol·-

229 1777 296 1808 liter
310 1777 411 1815 jaciat
432 1800 444 1815 ,
471 1785 554 1818 quem
576 1776 658 1808 nulla
680 1773 923 1808 contradictionis
946 1772 1115 1805 aueioritar

223 1825 328 1870 pulsat
341 1850 348 1857 .
375 1826 433 1858 sed
446 1825 507 1859 hae‘c
518 1824 653 1858 Rec‘lores
668 1849 678 1864 ‚
703 1822 945 1866 quisemet·ips⁰s
958 1823 1103 1866 diligunt,

227 1876 275 1908 bis
294 1875 396 1916 procul
405 1875 492 1907 dubio
501 1877 606 1917 ‚juxta
616 1876 695 1917 quod
707 1875 812 1907 beatus
842 1873 1035 1916 Praedeceffor
1059 1883 1107 1905 no-

223 1924 281 1963 ster
292 1928 451 1969 Gregoriut
463 1932 620 1966 meminit,
644 1924 810 1965 exhibent,
836 1926 855 1956 a*
871 1922 976 1965 quibus
997 1921 1030 1965 se
1053 1928 1106 1955 mi·

227 1976 282 2005 nus
305 1977 376 2016 posse
391 1975 488 2014 studio
511 1977 689 2017 temporales
708 1976 814 2017 gloriae
838 1979 944 2005 timent
963 1997 970 2004 .
1010 1973 1107 2005 Affir-

223 2034 295 2057 mat
318 2026 408 2067 plura
433 2049 440 2056 .
466 2023 602 2064 Primo,
629 2023 726 2067 quod·
740 2023 779 2056 ad
820 2022 1014 2066 Episcopale
1036 2023 1105 2055 offi-

226 2075 315 2108 cium
328 2074 469 2107 omnino
481 2075 596 2118 speElet
610 2074 717 2118 Reges
731 2074 807 2106 suos
830 2071 873 2106 ab
894 2072 1018 2115 iniquis
1039 2071 1105 2105 bel·

226 2125 287 2165 lis,
306 2134 384 2158 ‘non
408 2124 579 2157 dumtaxat
599 2123 795 2163 mouenda,
833 2122 886 2155 sed
909 2122 1036 2164 insuper
1060 2132 1104 2155 ar-

223 2175 363 2218 guendo
374 2185 411 2207 ac
423 2175 583 2208 minando
605 2174 778 2206 deterrere.
807 2169 959 2205 Secundo
975 2192 986 2208 ,
1012 2170 1102 2212 quod

224 2224 269 2258 ab
280 2223 343 2257 hoc
363 2223 474 2256 officio
496 2233 551 2266 per
585 2222 714 2255 nullum
736 2228 924 2265 praetextutn
949 2221 1104 2254 excusen-

222 2282 302 2306 tur:
323 2273 443 2307 Tertio
456 2297 467 2313 ,
493 2270 581 2316 quod
603 2271 751 2316 Regibus
770 2296 781 2312 ,
819 2270 932 2313 iniqua
955 2270 1039 2303 bella
1052 2281 1103 2312 pa·

222 2322 374 2356 rantibus
411 2334 465 2357 aut
485 2322 671 2366 gerentibus
698 2347 710 2363 ‚
749 2320 873 2355 adulati
903 2320 938 2353 sit
972 2321 1104 2353 manife-

225 2374 315 2407 ssum
336 2374 523 2416 iniquitatis
544 2374 731 2407 fomentum
750 2395 760 2411 ,
794 2381 892 2414 atque
919 2371 952 2403 in
973 2370 1102 2413 Episco-

227 2435 273 2468 po
294 2423 493 2458 horrendum
516 2424 640 2457 crimen
661 2446 670 2456 .
709 2421 788 2455 Haec
809 2421 923 2455 omnia
946 2419 1101 2454 Pontifex

227 2474 375 2518 pluribus
396 2475 587 2508 confirmat.

279 2525 333 2557 Ex
364 2523 477 2557 eadem
502 2523 614 2568 regula
635 2521 784 2557 adversus
805 2521 947 2556 eundem
992 2519 1102 2555 Ludo-

227 2573 363 2614 vicum,
390 2572 650 2616 pontigonensi,
678 2573 732 2605 cui
751 2572 941 2616 Apostolica
966 2571 1102 2613 Joannis

228 2623 325 2658 Vlll.
352 2622 493 2668 Legatio
515 2623 642 2662 aderat,
668 2621 804 2664 synodo
823 2622 1017 2665 supplicavit
1039 2621 1100 2655 Re-

227 2674 344 2710 menfis
366 2672 507 2707 Ecclesia
533 2698 542 2705 .
579 2671 661 2706 Non
683 2672 782 2705 solius
816 2672 963 2706 Ecclefiae
999 2695 1009 2711 ‚
1048 2671 1100 2704 sed

217 2724 330 2758 'etiam
360 2723 564 2766 Reipublicae
594 2720 731 2763 majores
762 2723 872 2756 causas
906 2721 1042 2754 affirmat
1061 2731 1101 2754 ex

227 2774 415 2810 innocentii
429 2775 451 2806 1.
482 2774 522 2807 ad
546 2774 690 2806 faustum
711 2771 906 2806 Vistricium
921 2769 1102 2805 Rot-homa·

227 2826 361 2869 gensem
387 2824 584 2868 Episcopum
604 2823 777 2865 Rescripto
798 2823 933 2866 spediare
959 2819 999 2854 ad
1032 2821 1100 2856 Ro-

225 2886 359 2909 manam
373 2874 548 2908 Ecclesiam
559 2897 570 2914 ‚
597 2873 736 2913 ideoque
747 2874 851 2917 pergit
866 2873 906 2906 ad
919 2872 986 2914 ejus
999 2873 1101 2916 Lega-

225 2935 280 2959 tos
293 2948 303 2965 ,
328 2936 365 2959 ac
376 2924 454 2958 item
464 2923 503 2956 ad
516 2924 748 2966 Imperatorem
768 2923 932 2957 Carolum:
948 2926 1034 2967 ,Quia
1046 2927 1099 2954 lm-

225 2976 368 3016 perialem
389 2975 606 3008 Excellentiam
628 2972 756 3014 vestram
779 2975 886 3012 synodo
900 2973 1041 3016 praeeffe,
1068 2975 1101 3006 Θ·

229 3027 361 3058 Vicarios
386 3026 470 3057 sedis
493 3024 656 3066 Apostolicae
673 3023 770 3065 presto
792 3024 875 3057 nobIs
897 3025 988 3066 adesse
993 3024 1101 3067 gaude-

232 3085 295 3106 mus
309 3099 320 3113 ,
345 3077 532 3108 calamitates
548 3076 580 3108 Θ
600 3073 736 3118 miserias
748 3074 881 3116 Ecclefiae
892 3075 1002 3114 nostra,
1018 3083 1051 3105 ac
1065 3073 1102 3115 fi·

232 3124 332 3155 liorum
343 3125 500 3165 nostrorum
516 3148 526 3163 ,
553 3136 630 3167 qua:
645 3124 693 3156 hoc
703 3136 780 3158 anno
807 3126 825 3155 ἃ
839 3126 986 3157 Ludovico
999 3127 1076 3166 Rege
1093 3148 1103 3164 ‚

231 3182 357 3214 itemque
378 3175 594 3217 Ludovicofilio
605 3177 667 3215 eius
680 3199 690 3214 ‚
717 3177 751 3208 (π
777 3174 960 3216 complicibus
982 3185 1077 3206 eorum
1091 3198 1101 3214 ‚

232 3224 327 3255 caedes
340 3225 490 3264 videlicet,
502 3227 535 3258 er
549 3225 707 3258 homicidia
720 3250 731 3265 ‚
742 3227 890 3258 adulteria
900 3251 908 3262 ,
930 3225 1103 3265 fornicatio-

230 3284 285 3304 nes
300 3296 310 3312 ,
322 3277 459 3313 rapinas,
467 3273 624 3319 sacrilegia
632 3301 643 3316 ,
657 3277 690 3308 &²
699 3286 804 3309 caetera
809 3275 930 3319 flagitia
941 3299 949 3312 ,
961 3286 1028 3317 quae
1040 3275 1104 3307 nul-

230 3323 278 3354 lus
302 3332 467 3354 enumerare
483 3324 571 3363 potest
591 3349 601 3365 ,
629 3324 754 3366 Ecclesia
776 3324 869 3365 nostra
889 3325 1022 3367 perpessa
1045 3324 1103 3364 est,

230 3372 331 3411 vestrae
348 3375 366 3405 5
369 3378 504 3404 ciuitati
517 3374 729 3417 innotescimus,
745 3375 926 3418 obsecrantes
938 3386 971 3408 ut
980 3383 1035 3418 pro
1048 3378 1104 3406 Dei

230 3427 444 3464 Omnipo:entts
467 3434 582 3461 amore,
621 3428 653 3458 Θ
671 3435 726 3466 pro
747 3432 883 3470 ingenita
910 3426 995 3462 vobis
1019 3424 1100 3462 beni-

330 3472 437 3513 christ.
453 3475 532 3515 Lupi
542 3476 640 3517 Opera
651 3477 729 3509 Tem.
742 3478 799 3510 Xi.

1909 115 2009 148 111>

1156 181 1301 222 gnitate,
1327 188 1362 210 ac
1377 185 1435 218 pro
1458 180 1617 219 ministerio
1637 180 1784 223 imposito,
1810 179 1893 213 nobis
1915 184 1949 216 (τ
1969 188 2030 217 Ec-

1160 226 1248 268 clefiae
1273 227 1396 268 nostrae,
1426 230 1459 261 (ν
1476 228 1548 270 filiis
1565 229 1667 270 nostris
1680 253 1690 269 ,
1723 228 1884 274 secundum
1901 236 2029 271 promul-

1158 286 1266 321 gatam
1287 277 1423 310 omnibus
1445 278 1529 310 vobis
1545 279 1752 322 sapientlam,
1778 279 1934 323 consulatis
1942 288 2030 322 pari-

1162 336 1208 360 ter
1229 329 1263 361 (9
1284 327 1466 370 succurratis
1488 352 1498 367 ‚
1538 339 1574 361 ne
1596 332 1632 363 de
1653 340 1757 364 caetero
1787 331 1862 363 talia
1883 341 1918 363 ac
1940 339 2031 364 tanta

1162 378 1244 410 mala
1264 376 1390 418 Ecclesia
1412 376 1510 416 nostra
1531 389 1566 410 ac
1587 382 1721 422 Regnum
1737 386 1901 422 patiatur,
1927 381 2033 422 qualia

1163 426 1305 460 baffenus
1329 429 1443 470 paffum
1464 426 1520 465 est.
1550 427 1685 472 Rogant
1713 430 1968 474 Imperatorem,
1994 439 2033 463 ut

1162 487 1239 510 cum
1264 478 1329 511 suis
1351 477 1542 520 Episcopis,
1570 475 1771 519 Apostolicis
1793 479 2034 523 praesertimLe-

1163 527 1267 571 gatis,
1294 525 1449 570 dignetur
1473 525 1538 560 hoc
1551 525 1671 561 bellum
1686 530 1877 564 terminare.
1906 531 1950 564 Et
1968 541 2035 564 cer-

1163 576 1195 610 te
1220 574 1379 610 horrenda
1394 600 1406 616 ,
1433 575 1526 610 bellis
1547 578 1723 618 consueta,
1758 579 1903 612 facinora
1927 580 1960 613 &
1979 580 2037 614 fla-

1164 625 1244 671 gitia
1266 625 1426 669 impedire
1455 638 1493 659 ac
1515 626 1630 670 punire
1663 629 1781 670 spestat
1812 630 1955 662 omnino
1994 629 2037 664 ad

1168 677 1367 719 Episcopos‚
1395 676 1536 720 ideoque
1561 676 1668 718 Reges
1686 678 1719 709 in
1744 676 1925 711 istiusmodi
1938 689 2039 723 nego-

1164 726 1217 760 tiis
1237 725 1430 771 obligantur
1454 737 1522 761 non
1553 725 1663 760 minus
1687 724 1748 761 hos
1775 727 1910 768 audire,
1937 733 2037 772 quam

1165 778 1240 810 suos
1261 775 1413 811 Proceres
1426 802 1433 809 .

1192 856 1195 858 .
1216 826 1347 860 Eximit}
1369 826 1436 860 haec
1461 825 1596 861 servavit
1620 827 1694 861 Rex
1708 826 1898 861 Ludovicus
1917 827 2040 862 Trans·

1165 876 1327 910 marinus.
1358 876 1414 910 Ab
1428 877 1578 921 Hugone
1600 877 1756 914 Gemite,
1783 888 1880 920 quern
1901 877 2041 912 fibisub·

1165 928 1274 961 ditum
1286 925 1454 969 justissime
1477 937 1602 970 poterat
1623 930 1720 961 armis
1743 927 1938 970 compellere
1952 952 1963 967 ‚
1990 939 2043 962 ve·

1167 987 1260 1011 xatus
1280 1000 1293 1016 ‚
1331 977 1595 1020 Engelheimenfi
1619 977 1759 1019 Synodo
1782 978 1814 1011 &
1839 978 2041 1019 Apostolicis

1167 1027 1291 1061 ibidem
1313 1026 1448 1071 Legatis
1473 1028 1615 1071 porrexit
1639 1027 1697 1061 has
1718 1038 1846 1070 preces:
1874 1027 1988 1061 Dehinc
1998 1040 2040 1061 ex

1162 1077 1289 1120 seffionis
1310 1074 1376 1119 suae
1405 1078 1461 1110 loco
1481 1077 1515 1120 se
1532 1077 1689 1121 subrigens
1712 1080 1834 1116 inclytus
1857 1081 1924 1110 Rex
1944 1079 2045 1111 Ludo-

1167 1134 1252 1161 vicus
1264 1151 1276 1167 ,
1302 1129 1348 1159 ad
1363 1127 1561 1170 praesentiam
1583 1129 1754 1167 Sereniffimi
1779 1132 1868 1171 Regis
1879 1127 2017 1160 otthonis
2030 1154 2042 1168 ,

1169 1177 1262 1221 primi
1288 1177 1494 1219 Imperatoris
1515 1202 1524 1217 ,
1562 1176 1707 1220 totiusque
1723 1177 1895 1220 sanc‘lifflmi
1917 1180 2043 1211 concilii

1166 1233 1398 1260 unanimitatem
1423 1251 1434 1268 ‚
1468 1226 1548 1270 satit
1569 1227 1715 1268 lacrymosi
1733 1227 1897 1270 conquestus
1914 1229 2043 1269 protulit

1167 1281 1399 1319 querimoniam.
1427 1279 1576 1309 Videlicet
1589 1280 1673 1319 quod
1692 1282 1784 1320 Regia
1802 1284 1982 1318 privaretur
1989 1288 2045 1319 po-

1166 1326 1269 1365 testate
1290 1328 1310 1356 ἃ
1326 1327 1453 1366 quodam
1469 1329 1605 1366 Principe
1622 1331 1741 1369 Hugone
1754 1332 1906 1359 nominato
1917 1351 1927 1366 ‚
1955 1338 2044 1368 quon-

1168 1378 1293 1418 damque
1306 1375 1365 1415 fibi
1385 1374 1517 1418 subjcc‘lo
1529 1399 1540 1415 ,
1568 1377 1652 1415 cujus
1679 1382 1829 1408 anxietati
1852 1377 2043 1409 &multimo-

1168 1429 1215 1458 dae
1250 1427 1450 1457 reclamationi
1484 1425 1668 1458 condolentes
1700 1431 1733 1458 ln
1762 1431 1882 1459 unitate
1912 1428 2045 1468 spiritus

1167 1477 1326 1509 coadunati
1340 1473 1512 1517 saneliffimi
1540 1478 1652 1508 Patres
1684 1499 1694 1514 ‚
1719 1475 1863 1518 ejusmodi
1877 1475 1969 1518 super
1990 1476 2047 1510 bac

1166 1538 1198 1558 re
1216 1526 1397 1567 sententiam
1413 1527 1562 1566 protulere
1584 1550 1590 1556 .
1621 1527 1733 1558 Nullus
1756 1527 1893 1568 deinceps
1916 1529 2044 1571 Regiam

1170 1575 1341 1614 potestatem
1356 1573 1522 1617 praesumat
1543 1577 1686 1617 populari
1698 1600 1709 1615 ,
1730 1575 1785 1618 sed
1807 1577 1941 1618 aliquam
1955 1577 2049 1619 perfi-

1167 1628 1228 1659 diae
1249 1626 1397 1658 maculam
1414 1624 1468 1666 fibi
1491 1624 1645 1666 fallaciter
1666 1625 1822 1660 exhibere.
1854 1630 2046 1660 Decrevimus

1166 1682 1269 1716 enim,
1296 1674 1428 1718 Tolesani
1455 1677 1580 1708 Concilii
1595 1678 1747 1717 judicium
1772 1679 1963 1718 exequendo,
1990 1680 2049 1710 Hua

1162 1738 1267 1770 gonem
1287 1729 1375 1768 Regis
1393 1727 1547 1759 ‹Ludovici
1572 1732 1653 1769 regni
1686 1726 1856 1768 invasorem
1879 1729 1913 1760 θ’
1943 1735 2047 1768 raptos-

1166 1773 1230 1809 rem
1251 1776 1561 1809 excommunicationis
1578 1777 1684 1819 gladio
1699 1775 1898 1817 feriendum,
1923 1777 2047 1818 nififor·

1144 1857 1147 1873 ἶ
1166 1827 1195 1858 τὲ
1216 1833 1343 1868 tempore
1360 1825 1474 1865 statuto>
1494 1827 1536 1858 ad
1552 1827 1694 1863 synodale
1714 1828 1882 1861 Concilium
1905 1833 2008 1860 veniat
2027 1825 2044 1866 ‘‚

1144 1890 1147 1897 ’
1167 1878 1201 1910 ὃ·
1219 1877 1238 1908 ἃ
1259 1885 1323 1908 tam
1346 1875 1466 1916 nefaria
1494 1874 1701 1917 protervitate
1729 1874 1950 1918 satisfaciendo
1964 1876 1967 1877 ⁷
1980 1876 2044 1918 resi*

1165 1925 1283 1969 piscat.
1313 1923 1419 1974 Qod
1444 1925 1567 1959 bellum
1579 1925 1675 1970 poffit
1697 1928 1760 1960 elle
1781 1925 1917 1969 justius,
1945 1929 2045 1970 quam

1166 1970 1300 2009 domare
1329 1975 1509 2019 perduelles
1537 2000 1546 2015 ,
1582 1977 1612 2009 δε
1636 1976 1803 2020 publicam
1839 1988 1951 2021 pacem
1988 1989 2044 2020 per

1169 2027 1294 2070 sumpta
1314 2024 1485 2059 adversum
1508 2026 1582 2059 illos
1604 2037 1699 2060 arma
1717 2034 1861 2071 reparare
1881 2030 1893 2060 ?
1935 2027 1976 2061 Et
1999 2024 2046 2061 καλ

1168 2087 1243 2110 men
1268 2075 1457 2110 Ludovicus
1480 2075 1554 2109 Rex
1577 2075 1761 2121 Hugonem
1786 2083 1841 2121 per
1863 2076 2048 2121 Episcopos=

1168 2124 1253 2168 prius
1276 2125 1419 2159 emolliri
1442 2123 1568 2166 voluit,
1595 2127 1629 2160 ἀ
1648 2127 1804 2169 spirituali
1826 2127 1942 2170 gladio
1956 2128 2048 2161 inva-

1163 2174 1222 2215 di,
1243 2175 1339 2217 quam
1364 2172 1405 2208 ad
1430 2173 1553 2208 bellum
1578 2177 1743 2219 prosilire.
1774 2177 1906 2209 Etenim
1923 2176 2047 2211 bellum

1167 2223 1371 2267 paucissimos
1402 2224 1522 2257 noxios
1559 2248 1571 2265 ,
1617 2226 1806 2261 innumeros
1847 2226 2046 2261 innocentes

1167 2274 1275 2318 adigit
1299 2274 1334 2308 in
1359 2283 1521 2308 extremas
1543 2275 1746 2310 calamitates
1765 2299 1776 2315 ,
1811 2286 1907 2319 atque
1936 2277 1984 2321 >ita
2005 2276 2048 2311 ad.

1166 2323 1245 2357 boni
1273 2323 1435 2367 Principis
1466 2325 1612 2360 officium
1646 2327 1764 2369 spectat
1802 2326 1933 2361 nonnisi
1968 2327 2041 2369 post

1164 2374 1227 2407 alia
1242 2373 1354 2408 omnia
1377 2384 1500 2408 tentata
1514 2376 1667 2419 compelli
1691 2378 1728 2410 ad
1743 2377 1835 2410 istam
1860 2376 2039 2410 terribilem

1165 2422 1361 2458 medicinam
1387 2449 1394 2456 .
1436 2424 1517 2458 Non
1542 2425 1690 2468 Populus
1711 2436 1839 2469 propter
1873 2426 2000 2468 Regem
2027 2449 2040 2466 ,

1164 2474 1218 2508 sed
1239 2474 1313 2509 Rex
1336 2472 1381 2508 est
1399 2485 1528 2517 propter
1551 2475 1742 2519 Populum:
1773 2475 1851 2508 hinc
1872 2475 1926 2509 ille
1939 2476 1971 2509 in
1990 2477 2040 2509 in·

1163 2523 1319 2558 choando
1344 2524 1432 2558 bello
1457 2524 1565 2566 potius
1590 2523 1686 2569 hujus
1697 2525 1795 2571 quam
1820 2525 1873 2559 sua
1885 2524 2040 2568 debetju-

1162 2585 1195 2608 ra
1214 2585 1250 2607 ac
1274 2574 1408 2617 injurias
1429 2573 1600 2608 attendere
1622 2599 1629 2606 .
1658 2575 1731 2609 Nec
1753 2576 1842 2609 enirn
1858 2575 2039 2610 exercitum

1162 2624 1357 2668 producere,
1383 2623 1427 2656 est
1441 2624 1614 2666 procedere
1630 2625 1670 2660 ad
1684 2624 1892 2659 venationem
1902 2652 1910 2661 .

1211 2674 1295 2707 Inita
1307 2673 1372 2706 fine
1383 2673 1441 2706 suo
1451 2673 1576 2717 judicio
1588 2674 1694 2715 bella,
1722 2676 1797 2709 licet
1820 2675 1933 2719 justa,
1953 2676 2038 2710 Gal-

1163 2723 1263 2757 licani
1285 2724 1438 2766 Episcopi
1462 2723 1543 2758 olim
1566 2723 1645 2758 dure
1664 2725 1865 2771 castigarum
1888 2751 1894 2757 .
1930 2726 2034 2772 Qiod

1163 2774 1283 2806 initum
1297 2773 1381 2807 inter
1394 2783 1456 2807 tres
1467 2772 1630 2808 Ludovici
1646 2774 1703 2808 Pii
1728 2776 1917 2810 successores
1939 2787 1976 2809 ac
1998 2777 2036 2809 fi·

1163 2824 1224 2856 lios
1237 2823 1360 2857 bellum
1369 2823 1597 2858 damnaverint
1613 2849 1623 2864 ,
1651 2826 1684 2858 ὅ(
1696 2826 1809 2858 omnia
1823 2826 1855 2859 in
1868 2825 2041 2860 Fontinia-

1162 2873 1319 2916 copraelio
1333 2882 1456 2917 patrata
1481 2875 1644 2917 utrimque
1666 2875 1845 2909 homicidia
1857 2875 1897 2909 ad
1920 2875 2039 2910 solem·

1163 2934 1237 2956 nem
1251 2924 1475 2966 poenltentiam
1488 2923 1677 2967 coegerint,
1693 2925 1815 2958 discere
1826 2935 1917 2968 potes
1929 2937 1970 2959 ex
1984 2925 2042 2959 lit-³

1162 2972 1379 3017 teris‚Rabani
1404 2973 1516 3006 Mauri
1541 2972 1816 3018 Archi-Episcopi
1836 2975 2036 3019 Moguntini

1162 3023 1201 3056 ad
1226 3023 1445 3058 Heribaldum
1471 3023 1669 3066 Episcopum
1695 3025 2002 3061 Antifiodorensem
2028 3050 2037 3059 .

1163 3072 1454 3115 CarolusSimplex
1465 3083 1531 3106 erat
1546 3074 1717 3107 manifeste
1739 3074 1908 3118 legitimus
1930 3076 2035 3113 Fran·

1162 3134 1272 3157 corum
1287 3123 1375 3156 Rex.
1406 3123 1512 3166 lpsum
1528 3123 1606 3157 vero
1618 3124 1835 3169 degradarunt
1860 3125 2037 3167 Proceres,

1162 3184 1198 3207 ac
1211 3173 1277 3215 ejus
1293 3175 1326 3207 in
1342 3171 1522 3206 Thronum
1538 3174 1735 3208 intruserunt
1760 3175 1891 3210 Ducem
1913 3175 2038 3209 Rober·

1163 3234 1242 3257 tum.
1261 3225 1301 3257 Et
1313 3221 1402 3257 hunc
1412 3222 1581 3256 Herivaeus
1595 3223 1761 3258 Remenfis
1778 3224 2029 3269 Archi-Episco-

1164 3285 1222 3317 pus
1234 3273 1418 3307 solemniter
1429 3274 1600 3306 coronavit
1613 3299 1620 3304 .
1647 3274 1770 3308 Verum
1782 3275 1894 3309 divina
1909 3274 2040 3308 benedi·

1163 3325 1228 3359 stio
1241 3334 1307 3357 non
1333 3323 1440 3357 adfuit
1456 3347 1464 3355 .
1503 3323 1635 3358 Etenim
1660 3324 1830 3359 Herivaeus
1851 3325 1948 3358 tertio
1967 3323 2039 3365 post

1165 3373 1217 3408 die
1230 3375 1392 3408 exunctus
1404 3396 1416 3411 ‚
1444 3371 1609 3407 Robertus
1625 3384 1705 3408 intra
1718 3386 1757 3409 an
1777 3386 1840 3407 ἰιιη
1854 3374 1897 3407 est
1911 3375 2039 3408 occisus

1164 3423 1196 3460 in
1208 3425 1329 3470 praelio.
1346 3422 1485 3460 Carolus
1498 3424 1563 3459 fine
1579 3423 1768 3469 Episcopali
1781 3424 1903 3467 judicio
1919 3422 2043 3461 bellum

1590 3474 1621 3507 K
1672 3486 1694 3511 2
1891 3483 1994 3518 coepe·
