2366 3736
141 798 180 832 L.

141 859 193 895 19.

212 809 242 847 3·
266 812 294 838 c.

361 168 387 198 2
401 161 460 209 36

322 233 412 267 &um
425 229 621 265 Pontificem
635 223 859 260 Bontifacium
873 240 881 260 :
903 230 984 261 Tunc
995 226 1100 260 bonum
1111 237 1207 261 concu-

319 281 397 324 pifit
422 279 545 322 incipit,
575 278 693 319 quando
703 274 861 319 dulcescere
871 283 998 320 incipit3
1026 280 1146 319 quando
1156 292 1206 311 au-

324 342 385 365 tem
397 336 498 364 timore
506 339 603 370 poenae
613 351 623 367 ,
645 338 703 359 non
713 338 811 360 amore
815 327 940 368 justitiae
949 329 987 369 fit
997 327 1102 360 bonum
1117 351 1127 366 ‚
1137 340 1203 360 non·

321 383 394 414 dum
419 380 491 412 hene
508 377 545 418 fic
565 377 691 416 bonum,
713 375 861 420 adeoque
882 379 1055 411 intrinseca
1078 377 1205 419 justitiae

319 428 452 464 exordia
475 429 612 461 necdum
627 436 787 469 caeperunt
801 428 966 461 ..Divinae
988 428 1112 470 justitiae
1138 439 1202 461 me-

319 489 370 512 tus
392 478 536 518 servilis,
563 476 768 519 ejusdemque
792 477 919 520 justitiae
944 479 995 510 seu
1019 478 1202 520 supremi&

316 528 596 561 incommutabilis
612 527 691 560 boni
713 527 797 561 casta
820 528 952 563 dileffio
975 529 1047 563 sunt
1059 537 1201 561 extrema

314 587 453 611 veterem
478 576 625 611 finientia
638 601 649 616 ‚
676 577 709 610 ὅς
721 589 843 610 novum
855 577 1025 611 hominem
1042 576 1196 611 inchoan·

313 628 542 668 tia.confinia‚
570 625 709 671 ideoque
732 637 881 660 neutrum
909 626 1002 669 poffit
1023 627 1114 661 alteri
1138 629 1205 673 effe¹

311 676 521 711 intrinsecum
544 702 554 717 ,
581 687 636 710 aut
658 677 698 709 ad
721 678 822 720 ipsum
845 677 891 710 uti
915 686 984 718 pars
1007 678 1166 719 pertinere
1190 701 1198 708 .

311 727 397 774 Qae
422 728 466 761 est
490 728 619 760 adfidua
644 726 976 769 Augustinidostrina
992 750 1002 765 ‚
1029 726 1199 770 insigniter

310 779 471 811 elucidata
484 789 538 820 per
550 777 680 811 Petrum
694 776 924 809 pictaviensem
939 787 945 807 :
975 777 1096 809 servilis
1111 781 1197 809 timor

311 829 399 861 aliter
420 830 530 860 dicitur
552 833 668 860 initium
677 824 855 868 sapientiae‚
881 829 970 859 aliter
981 832 1067 859 timor
1091 832 1196 860 initia-

311 879 369 915 tis.
398 881 482 921 ,ραι-ιι
491 883 578 910 timor
584 876 707 919 servilis
730 874 1082 918 esttntttumsaptentiae,
1107 876 1196 918 idest,

309 930 355 965 ad
372 926 554 970 sapientiam
567 939 582 968 ,·
606 926 735 958 initialis
748 927 818 959 vero
829 925 869 965 est
887 930 1006 958 initium
1012 925 1174 968 sapientia·
1185 951 1195 967 ,

308 980 349 1013 id
357 977 394 1017 est
409 1002 419 1017 ,
444 985 476 1010 in
499 974 669 1020 sapientia,
697 979 768 1017 quia
777 974 814 1015 est
825 975 1155 1018 quafiparssapientiae
1184 1000 1196 1017 ,

263 1040 264 1043 ¹
306 1033 360 1070 qui
370 1027 495 1061 babetur
507 1038 570 1061 cum
582 1026 729 1059 charitate
742 1048 750 1056 .
777 1027 838 1058 Sed
845 1030 931 1058 timor
938 1024 1062 1068 ftrvtlis
1074 1026 1112 1066 est
1123 1037 1193 1068 qua-

135 1281 210 1316 Lib.
229 1292 261 1330 3.

131 1332 217 1367 Dist.
230 1341 284 1380 34.

130 1799 206 1834 Lib.
229 1802 260 1848 3ss

129 1862 158 1884 c.
174 1848 228 1888 18.

300 1076 400 1120 fiseta
411 1102 421 1118 ‚
449 1089 516 1119 quae
528 1079 609 1110 ducit
615 1075 700 1118 filum
706 1074 908 1116 perforamen
919 1100 929 1116 ,
956 1081 1029 1117 quia
1041 1074 1104 1119 ipse
1112 1083 1194 1117 prae·

304 1129 385 1161 cedit
394 1127 574 1160 charitatem
583 1151 592 1159 .
619 1124 784 1168 Loquitur
796 1136 837 1159 ex
850 1125 1007 1169 magistro
1020 1126 1080 1160 suo
1092 1125 1193 1160 Petro

302 1175 520 1216 Lombardo,
545 1177 602 1219 qui
626 1175 660 1208 δε
683 1175 748 1217 ipse
760 1175 909 1208 servilem
920 1174 1132 1209 acinitialem
1155 1175 1191 1209 ti-

302 1236 430 1263 morem
455 1227 578 1260 docens
588 1224 682 1259 aliter
693 1225 728 1258 ἀ
740 1223 832 1258 aliter
842 1226 906 1258 effe
917 1225 1081 1268 sapientiae
1099 1237 1192 1259 exot-

301 1275 417 1317 dium,
443 1274 568 1320 pergit:
596 1275 726 1308 serviles
748 1276 813 1307 ideo
827 1277 936 1309 dicitur
947 1280 1067 1308 initium
1075 1273 1188 1317 sapien-

302 1331 355 1359 tiae
368 1349 379 1366 ,
406 1332 476 1367 quia
484 1333 641 1367 praepatat
651 1326 742 1357 locum
748 1322 912 1366 sapientiae
925 1349 936 1366 ‚
956 1326 992 1358 (τ
1002 1326 1083 1358 ducit
1093 1327 1138 1358 ad
1140 1324 1190 1368 sa-

299 1380 468 1418 pientiam3
494 1375 623 1408 initialis
648 1377 720 1407 vero
744 1376 853 1407 dicitur
866 1379 984 1407 initium
992 1374 1152 1417 sapienti-e
1178 1399 1189 1416 ‚

301 1431 374 1470 quia
395 1425 432 1463 est
456 1424 591 1457 inchoata
607 1423 781 1466 sapientia:
809 1426 909 1467 ‚Quem
931 1425 995 1457 ct'cm
1005 1431 1071 1467 quis
1083 1424 1190 1459 babere

304 1479 431 1519 incipit,
455 1473 637 1518 sapientiam
661 1473 886 1510 &charitatem
894 1473 1006 1511 babere
1014 1480 1139 1518 incipit.

302 1575 494 1612 ›vm-c
542 1541 836 1631 afles'ujT
937 1574 1029 1609 xv.

303 1689 305 1692 ·
331 1683 403 1716 mx
419 1678 455 1712 ob
477 1678 546 1720 istas
559 1677 795 1720 tmperftettones
801 1676 925 1721 servilis
930 1675 1138 1722 gehennarum

576 1736 670 1762 metus
685 1728 725 1769 fit
736 1731 915 1770 peccatum?

302 1774 429 1863 DE
440 1778 558 1813 timote
581 1776 756 1812 mundano*
765 1776 877 1811 scribit
889 1777 1002 1811 Petrus
1013 1776 1189 1810 Pictavien-

425 1829 465 1862 fis
478 1841 485 1860 :
513 1829 604 1862 Nulli
614 1828 738 1861 dubium
758 1826 816 1868 est,
844 1832 928 1869 quin*
934 1826 972 1868 fit
990 1828 1087 1860 malus
1110 1851 1118 1858 .
1146 1829 1191 1858 De

299 1877 408 1922 servili
415 1889 514 1912 autem
523 1878 670 1912 dubitatio
681 1877 719 1917 est
731 1902 743 1918 ‚
769 1880 804 1911 ὀ*
824 1878 874 1909 ubi
886 1876 924 1919 est
934 1877 1081 1910 dubitatio
1093 1900 1103 1916 ,
1127 1887 1191 1909 con·

296 1927 450 1969 stituenda
463 1928 501 1968 est
512 1927 672 1971 disputatio
684 1953 691 1959 .
711 1929 779 1960 Ideo
791 1928 829 1961 de
839 1926 889 1966 isto
898 1928 1047 1970 agendum
1057 1926 1091 1965 est
1103 1950 1111 1957 .
1124 1925 1191 1959 Ad-

301 1979 407 2012 serere
427 1978 555 2012 videtur
575 1978 733 2021 quosdam
754 1978 813 2011 suo
825 1987 971 2019 tempore
985 2001 997 2017 ,
1023 1976 1192 2009 fallacibus

305 2029 515 2073 argumentis
527 2028 626 2062 nixos
635 2053 646 2068 ‚
673 2039 732 2071 pro
744 2037 834 2070 parte
846 2026 1048 2060 adfirmativa
1058 2025 1191 2059 stetisse.

306 2078 484 2125 Qidquid
510 2080 549 2112 fit
562 2101 573 2118 ,
598 2077 729 2111 fallacia
750 2076 932 2111 cum-nato
954 2087 994 2110 ex
1004 2075 1077 2119 ipfis
1089 2086 1193 2109 errore

306 2138 500 2173 argumenta
529 2126 779 2171 pertinaciffime
810 2127 845 2160 in
871 2126 994 2171 dogma
1018 2125 1192 2168 adsumpfit

257 2178 260 2182 ’
306 2177 473 2212 Martinus
483 2177 665 2212 Luthetus.
691 2179 812 2211 Favere
830 2176 959 2210 videtur
980 2177 1015 2208 in
1039 2174 1130 2208 libris
1152 2174 1194 2207 de

142 2403 216 2439 Lib.
244 2412 277 2449 3.

144 2465 213 2498 cap.
236 2463 290 2499 31.

310 2227 382 2260 vita
403 2227 661 2271 contemplativa
675 2226 824 2269 Julianus
835 2224 1006 2259 Pomerius
1017 2247 1028 2264 ‚
1055 2224 1111 2267 qui
1123 2222 1192 2266 post

309 2274 483 2321 insigniter
493 2277 636 2320 expofita
649 2275 770 2310 servilis
777 2286 815 2310 ac
828 2274 939 2309 filialis
947 2273 1077 2308 timoris
1089 2272 1194 2307 discri-

312 2329 425 2368 mina„
451 2327 621 2362 adversum
632 2326 763 2361 Stoicos
774 2350 785 2367 ,
794 2335 928 2359 omnem
940 2323 1081 2358 omnino
1094 2323 1195 2357 timo-

311 2387 380 2411 rem
401 2376 441 2410 de
460 2377 548 2411 »vitio
568 2377 759 2411 damnantes
769 2400 780 2416 ‚
807 2375 960 2419 adjungit
972 2388 982 2407 .·
1010 2377 1088 2406 Nemv
1100 2377 1195 2406 omnis

308 2434 411 2463 timor·
424 2426 528 2460 haben·
540 2427 625 2459 debet
638 2432 670 2459 in
681 2432 758 2459 vitto
770 2450 781 2466 ‚
802 2424 859 2469 sed
868 2425 915 2457 ille
927 2424 1044 2457 tantiam
1057 2447 1068 2462 ,
1094 2423 1131 2455 de
1142 2433 1198 2464 quo

308 2479 456 2524 scriptum
465 2478 519 2519 est',
542 2476 671 2523 QUIA
683 2475 848 2510 TlMOR
859 2471 1197 2508 TORMENTUM

315 2529 487 2564 HABET
499 2540 510 2560 .·
534 2528 614 2560 Hoc
626 2526 671 2559 est
682 2550 693 2566 ,
718 2525 819 2559 timor
829 2525 954 2558 servilis
963 2521 1196 2567 gehennarum.

316 2578 447 2613 Fundat
474 2578 505 2611 se
526 2575 691 2610 Martinus
703 2574 1030 2609 Lutherusinffsansto
1046 2572 1195 2617 Augusti·

312 2630 422 2667 -ssino,
431 2656 434 2658 .
444 2628 550 2672 palam
568 2627 734 2661 adserente
745 2625 887 2659 servilem
899 2622 1121 2669 gehennarum
1134 2633 1198 2656 me-

310 2689 391 2714 tum
402 2680 464 2712 effe
477 2677 621 2721 proprii,
649 2673 754 2709 lucide
777 2674 880 2708 vitiosi
890 2698 901 2714 ‚
927 2672 1047 2708 amoris
1067 2674 1177 2707 faetum
1188 2696 1198 2712 ,

308 2730 462 2772 ideoque
482 2728 552 2761 vult
576 2726 675 2760 illum'
686 2736 752 2759 non
766 2725 853 2768 posse
864 2725 1008 2758 non'effe
1020 2723 1199 2756 vitiosumz

320 2781 440 2823 Neque
451 2777 505 2812 hic
516 2777 602 2811 stetit
614 2774 761 2809 hominis
771 2774 934 2807 temeritas
943 2798 950 2806 .
979 2773 1112 2806 Etenim
1135 2773 1197 2806 fex·

320 2840 373 2864 tus
393 2829 461 2871 ejus
483 2839 537 2871 per
548 2828 695 2860 Leonem
707 2826 750 2858 X.
761 2823 956 2857 Pontificem
966 2823 1143 2856 damnatus
1154 2834 1198 2855 ar-

322 2880 441 2913 ticulus
450 2879 496 2912 est
512 2877 566 2910 hic
590 2890 597 2909 ι
624 2879 770 2908 contritio
780 2898 790 2913 ‚
817 2885 886 2916 quae
893 2881 1023 2914 paratur
1032 2881 1085 2914 per
1096 2870 1198 2914 discus·

318 2929 444 2971 sionem,
470 2927 659 2961 collectionem
669 2950 680 2966 ‚
707 2926 741 2958 ό·
762 2923 977 2962 detestationem
984 2931 1168 2963 peccatorum
1185 2934 1198 2963 ‚-

324 2990 383 3021 qua
404 2984 472 3020 quis
490 2983 629 3020 recogitat
639 2986 736 3008 annos
754 2972 820 3016 sitos
834 2979 865 3005 tn
875 2974 1079 3005 amaritudine
1089 2978 1199 3004 anima:

321 3028 386 3071 [ιιι
399 3051 408 3066 ,
431 3028 625 3068 ponderando
642 3034 827 3067 peccatorum
835 3028 1042 3066 gravitatem,
1068 3022 1195 3054 multitu-

324 3079 424 3112 dinem
434 3101 444 3116 ,
464 3075 637 3117 faedttatem
648 3087 670 3114 ‚s
683 3075 853 3116 amissionem
864 3081 984 3106 aeternae
994 3071 1198 3111 beatitudinis,

325 3129 361 3162 δ’
372 3124 577 3169 acquisitionem
590 3134 709 3158 aeternae
719 3126 925 3156 damnationis
940 3146 947 3153 .
975 3126 1047 3154 Haec
1057 3125 1200 3154 Contritio

322 3177 402 3220 facit
417 3175 590 3216 hypocritam
600 3198 607 3205 .
637 3177 723 3206 immo
735 3171 828 3216 magis
842 3180 1041 3214 peccatorem.
1057 3171 1137 3205 Non
1153 3172 1199 3204 so·

326 3227 397 3261 lum
419 3223 574 3269 gehennae
596 3233 719 3257 metum
733 3247 743 3262 ‚
769 3223 822 3257 sed
834 3224 867 3257 δε
877 3231 1068 3264 conceptam
1089 3231 1128 3254 ex
1139 3221 1199 3255 illo

326 3274 574 3311 contritionem
586 3273 818 3315 imperferstam,
844 3274 899 3306 seu
912 3271 1123 3306 Attritionem
1138 3271 1199 3305 bla-

327 3337 410 3361 terat
428 3326 491 3358 effe
513 3332 678 3367 peccatum
691 3346 698 3354 .
726 3322 769 3355 Et
791 3323 822 3354 in
835 3324 889 3356 sua
902 3321 1050 3359 adversus
1076 3321 1198 3355 laudati

327 3374 508 3410 Pontificis
528 3372 657 3407 Bullam
679 3371 830 3415 apologia
842 3369 1076 3406 mordaciffirne
1088 3370 1122 3405 id
1140 3371 1199 3405 de-

327 3425 434 3461 fendit
445 3448 453 3456 .

378 3473 543 3510 Adversus
562 3474 703 3519 primum
725 3482 863 3507 errorem
884 3471 996 3510 statuit
1005 3471 1201 3509 sacrosancta

811 144 1230 193 -D1sscit'TA1-1o
1266 147 1651 194 Docnarica

1246 376 1327 410 ''tum
1338 380 1388 421 effe
1400 403 1409 417 ,
1420 388 1471 410 aut
1478 386 1643 420 peccator-et
1651 381 1768 420 pejores
1775 377 1877 420 facere
1889 402 1900 418 ,
1910 379 2070 413 anathema
2077 379 2115 420 fit
2128 404 2135 412 .
2154 374 2200 409 est
2237 385 2311 417 pec-

1264 227 1464 263 Tridentina
1489 226 1662 270 Synodus:
1687 226 1720 260 si
1743 228 1809 270 quit
1817 225 2140 275 dixeritgebennaeme-
2177 221 2311 261 Gehen:

1263 286 1325 310 tum
1339 303 1349 317 ,
1370 287 1425 320 per
1437 291 1524 321 quem
1534 279 1580 311 ad
1586 277 1814 320 misericordIam
1826 281 1880 312 Det
1889 282 1927 313 de
1934 286 2063 322 peccatis
2086 280 2139 311 do·
2155 286 2204 309 nae
2247 273 2346 309 rue-'⁴'

1262 328 1347 360 lenda
1358 328 1541 371 confugimus
1556 351 1566 367 ,
1592 328 1642 361 vel
1650 330 1670 360 ἃ
1676 329 1826 370 peccando
1837 328 2009 368 abstinemus
2024 338 2138 372 ,pecta-
2155 334 2207 359 tus
2240 336 2310 362 non

1264 428 1410 475 Qidam
1435 438 1500 461 non
1521 428 1561 460 de
1585 428 1662 470 pure
1673 428 1776 462 servili
1790 452 1801 468 ,
1830 427 1883 474 sed
1894 428 1934 462 de
1945 429 2062 463 initiali
2082 431 2136 463 seu
2154 434 2283 459 catum.

1263 478 1390 518 mixto,
1417 479 1563 520 adeoque
1583 478 1616 511 &
1638 477 1679 512 ab
1689 478 1838 521 adjuncta
1847 478 2016 512 servilitate
2029 489 2137 524 purga·
2154 476 2231 509 Sess.
2245 474 2285 511 6·-

1255 536 1299 563 ssto
1319 535 1408 561 metu
1428 528 1618 562 existimant
1637 527 1932 570 statuiasynodo:
1960 529 2002 561 Et
2022 529 2138 571 opinio
2153 525 2238 560 Can.
2276 519 2306 559 8.

1263 586 1330 609 non
1352 587 1438 611 caret
1457 575 1701 612 fundamentis.
1725 578 1798 622 Ego
1818 579 1916 613 credo
1928 577 2139 614 statnietiatn

1260 625 1301 659 de
1320 625 1396 668 pure
1415 627 1540 661 servili.
1572 627 1658 660 Eum
1670 628 1791 670 quippe
1803 629 1865 663 effe
1876 640 1943 663 non
1957 629 2140 663 solummo-

1259 674 1303 708 dc>
1325 677 1438 711 utilem
1451 701 1462 717 ‚
1491 677 1543 712 sed
1564 679 1662 711 etiam
1677 676 1802 711 bonum
1820 678 2004 712 audivimus
2017 679 2139 722 supra&

1255 727 1367 760 sancto
1379 725 1514 761 Thoma
1525 728 1559 762 &
1571 728 1680 761 sancto
1693 726 1880 772 Augustino
1890 753 1901 769 ‚
1921 730 1975 771 qui
1994 729 2138 763 omnin&

1258 778 1414 820 nusquam
1425 788 1501 811 eurn
1514 776 1598 811 dixit
1610 787 1779 821 peccatum
1794 802 1805 818 ‚
1833 778 1953 812 malum
1964 801 1974 817 ,
2000 790 2136 820 vanum,

1258 835 1312 859 aut
1327 827 1478 861 vitiosum
1493 853 1500 860 .
1528 829 1572 862 Et
1594 827 1672 861 hinc
1693 827 1814 871 Juliani
1839 827 2050 871 Pometiipro
2072 830 2137 863 suis
2301 859 2307 863 .

1256 875 1296 909 de
1314 876 1381 911 vita
1400 878 1653 920 contemplativa
1675 877 1766 911 libris
1777 877 1872 912 verba
1885 902 1896 918 ‚
1922 878 2061 911 sanatam
2074 882 2135 911 Aa·
2150 874 2226 909 Lib.
2249 885 2287 920 3.-
2305 896 2310 912 ;

1250 925 1399 968 gustinum
1417 936 1473 969 pro
1482 928 1668 970 poffibilitate
1675 926 1788 970 secutus
1795 926 1888 970 sum,
1914 928 1956 961 de
1976 928 2048 962 solo
2070 929 2135 962 sen·
2148 935 2219 969 cap.
2247 929 2307 971 31..

1258 978 1291 1008 su
1305 998 1316 1014 ‚
1342 988 1410 1010 non
1432 978 1473 1012 de
1484 978 1642 1012 sententia
1656 979 1709 1011 seu
1722 976 1878 1021 loquendi
1891 978 2040 1012 formulis
2060 978 2135 1012 sunt

1256 1025 1456 1068 accipienda.
1484 1029 1551 1061 Eos
1571 1028 1752 1062 concordat
1769 1027 1882 1060 Petrus
1904 1027 2105 1061 Pistavienfis
2126 1041 2134 1061 z

1255 1078 1371 1109 Bonum
1393 1079 1588 1119 multipliciter
1611 1079 1736 1112 dicimus
1758 1102 1765 1110 .
1792 1078 1908 1111 Bonum
1928 1083 2109 1111 meritorium
2125 1101 2136 1117 ,

1405 1133 1410 1139 ,
2148 1096 2222 1131 Lib.
2249 1107 2278 1144 3.
2295 1109 2302 1113 “

1253 1124 1357 1158 bonum
1367 1128 1437 1160 utile
1450 1152 1462 1168 ,
1483 1128 1588 1161 bonum
1600 1130 1749 1172 degenere
1762 1127 1899 1161 bonorum
1912 1152 1920 1161 .
1946 1130 2073 1162 Servtlts
2083 1139 2136 1161 au·
2148 1159 2185 1182 ca
2255 1156 2269 1182 1

1252 1185 1312 1209 tem
1335 1180 1421 1209 timor
1442 1178 1536 1210 bonus
1556 1178 1595 1218 est
1606 1200 1616 1216 ,
1642 1180 1676 1211 td
1699 1178 1738 1218 est
1750 1202 1761 1218 ‚
1787 1179 1872 1212 utilis
1884 1203 1894 1218 ,
1920 1184 1993 1220 quta
2003 1178 2136 1211 introdu-
2188 1158 2217 1191 P‘
2274 1155 2309 1192 ς’
2364 1199 2366 1210 ;

1251 1226 1355 1258 nortus
1364 1226 1405 1268 est
1415 1228 1458 1260 ad
1468 1226 1647 1261 charitatem
1660 1252 1668 1260 .
1694 1229 1754 1261 Sed
1779 1237 1838 1259 non
1849 1226 1884 1264 eft
1896 1227 1987 1260 bonus
1998 1249 2010 1267 ‚
2035 1228 2069 1259 id
2076 1227 2114 1266 est
2122 1250 2135 1267 ,

1252 1280 1420 1310 meritorius
1435 1300 1443 1308 .
1471 1276 1566 1311 Dicit
1577 1278 1676 1310 etiam
1689 1277 1752 1310 effe
1763 1274 1886 1309 bonum
1899 1275 1939 1309 de
1949 1286 2065 1320 genere
2079 1276 2138 1310 bo-

1253 1338 1370 1360 norum
1384 1351 1394 1366 ‚
1420 1325 1453 1360 id
1467 1327 1512 1360 est
1525 1350 1537 1366 ,
1562 1327 1690 1366 officio,
1721 1327 1775 1359 seu
1788 1334 1826 1359 ut
1848 1326 1972 1359 sanetus
1983 1324 2138 1359 Thomas

1254 1375 1343 1418 supra
1355 1377 1486 1410 locutus
1497 1377 1542 1411 est
1553 1400 1564 1417 ‚
1590 1375 1767 1410 substantia
1781 1374 1905 1409 bonum
1917 1399 1926 1407 .
1955 1376 2017 1409 Est
2025 1376 2137 1409 similis

1254 1424 1404 1460 charitati
1417 1426 1487 1467 illi,
1513 1426 1554 1460 de
1568 1427 1678 1469 quain
1693 1425 1838 1468 populari
1851 1426 2000 1460 sermone
2012 1426 2136 1460 sanstus
2201 1464 2203 1467 v
2241 1452 2245 1456 .
2280 1438 2302 1467 >sj
2365 1461 2366 1466 Ἰ

1255 1475 1460 1519 Augustinus
1473 1488 1480 1508 :
1508 1480 1609 1509 Licita
1618 1475 1656 1516 est
1669 1475 1803 1509 bumana
1813 1474 1945 1508 charitas
1955 1498 1967 1514 ‚
1991 1475 2052 1518 qua
2062 1485 2135 1508 uxor
2147 1497 2204 1532 Ser
2242 1466 2247 1469 Μ
2300 1499 2303 1503 -
2364 1472 2366 1514 J

1255 1526 1393 1570 diligitur
1404 1549 1412 1557 .
1438 1526 1481 1560 Et
1491 1537 1556 1569 qua
1567 1525 1673 1559 filii&
1683 1525 1740 1559 alii
1750 1526 1988 1569 consanguinei
1996 1525 2136 1570 diligun·
2148 1546 2189 1582 de
2198 1506 2299 1580 {egb
2364 1525 2366 1530 ’

1256 1586 1306 1610 tur-
1317 1600 1325 1608 .
1353 1580 1495 1608 Humana
1506 1575 1544 1616 est
1555 1599 1567 1615 ,
1584 1574 1648 1618 sed
1656 1575 1739 1609 licita
1753 1600 1760 1608 .
1787 1580 1860 1608 Non
1881 1573 1975 1617 solam
1986 1581 2031 1608 ita
2050 1577 2135 1608 licita
2149 1608 2168 1631 c
2190 1607 2207 1632 1
2242 1557 2300 1633 Ἆρ’

1255 1625 1313 1666 est,
1340 1633 1374 1658 ut
1395 1627 1590 1667 concedatur,
1612 1624 1671 1667 sed
1687 1630 1733 1657 ita
1754 1625 1838 1658 licita
1848 1625 1906 1665 est,
1932 1624 2136 1667 utfidefuerit
2170 1621 2177 1629 '
2213 1620 2221 1628 ⁶
2269 1619 2278 1627 ⁶

1255 1674 1491 1717 reprehendatur
1504 1700 1511 1707 .
1539 1676 1600 1708 sed
1610 1676 1724 1707 videtis
1735 1675 1821 1714 istam
1830 1674 2006 1707 charitatem
2013 1676 2089 1717 posse
2096 1673 2138 1717 es-

1197 1754 1199 1758 ,
1253 1724 1285 1768 se
1299 1727 1498 1767 &lmpiorum
1512 1750 1521 1765 ,
1551 1725 1585 1757 id
1590 1723 1630 1764 est
1646 1747 1657 1763 ,
1684 1726 1873 1767 Paganorum
1885 1749 1894 1764 ,
1916 1726 1946 1766 J
1949 1725 2100 1758 udaeorum
2123 1748 2137 1765 ,

1255 1779 1463 1808 Haereticorum
1474 1800 1481 1807 .
1510 1777 1592 1818 ,Quis
1610 1778 1688 1807 enim
1699 1785 1796 1806 eorum
1806 1784 1863 1806 non
1876 1774 1976 1818 diligit
1995 1784 2115 1807 uxorem
2124 1798 2137 1814 ,

1253 1825 1330 1866 filios
1342 1848 1353 1863 ,
1371 1824 1520 1865 fratres?
1551 1827 1621 1857 Haec
1631 1834 1696 1866 ergo
1706 1823 1837 1855 bumana
1849 1822 1903 1862 ιβ.
1936 1823 2042 1858 Addit
2062 1833 2138 1858 eam

1258 1886 1313 1908 non
1324 1874 1499 1916 reprebendi
1509 1892 1520 1899 —
1547 1873 1603 1907 Est
1615 1882 1726 1907 tamen
1738 1871 1883 1907 humana
1894 1896 1905 1912 ‚
1932 1873 1986 1906 seu
1999 1871 2138 1908 humani

1257 1924 1380 1958 arbitrii
1401 1935 1503 1967 opus,
1529 1934 1597 1957 non
1611 1923 1735 1957 Divina
1747 1946 1758 1963 ,
1784 1923 1838 1956 seu
1851 1922 1995 1956 infusum
2006 1922 2140 1958 Deido-

1259 1985 1337 2008 num
1352 1997 1362 2014 ,
1388 1976 1468 2016 quod
1491 1984 1543 2006 nos
1560 1975 1708 2014 perducat
1727 1974 1772 2006 ad
1779 1983 1920 2016 regnum.
1948 1973 1991 2006 Et
2003 1972 2083 2007 hinc
2101 1973 2136 2006 in
2174 1968 2307 2021 Homisq'

1257 2024 1323 2058 alio
1338 2025 1490 2060 ,sermone
1506 2023 1588 2057 dicit
1613 2034 1686 2056 eam
1706 2023 1770 2056 effe
1791 2022 1952 2056 carnalem
1972 2046 1982 2061 ,
2008 2023 2043 2056 δε
2068 2034 2140 2057 nec·
2154 2022 2206 2073 38.
2228 2037 2258 2060 c.
2275 2014 2311 2065 ᾗ

1257 2074 1336 2108 dum
1348 2073 1545 2108 laudandam
1557 2098 1565 2106 .
1586 2077 1659 2106 Non
1671 2077 1750 2106 enim
1759 2073 1931 2106 laudandus
1943 2072 1980 2110 est
1991 2078 2042 2115 qui
2051 2081 2137 2106 amat
2246 2068 2249 2072 ‘

1258 2124 1328 2164 filios
1343 2149 1353 2165 ‚
1375 2123 1432 2168 sed
1439 2123 1628 2164 detestandus
1640 2128 1693 2165 qui
1703 2134 1762 2156 non
1772 2131 1857 2155 amat
1871 2147 1891 2161 .,
1904 2123 2008 2168 Quod
2031 2124 2138 2166 ipsum

1258 2175 1292 2206 in
1313 2173 1470 2218 vigesima.
1489 2173 1624 2215 septima
1648 2174 1740 2215 super
1773 2173 1964 2216 Evangeliis
1985 2166 2139 2214 Homilia

1258 2223 1356 2257 tradit
1376 2223 1557 2267 Gregorius
1579 2233 1736 2265 magnus:
1761 2223 1836 2254 Sunt
1847 2223 1980 2256 nonnulli
1992 2227 2045 2264 qut
2065 2224 2138 2256 dilt-

1254 2281 1331 2317 gunt
1350 2279 1499 2315 proximos
1512 2296 1522 2311 ‚
1544 2269 1600 2314 sed
1616 2279 1671 2313 per
1694 2270 1878 2311 affectionem
1902 2277 2082 2313 cognationis
2103 2273 2139 2305 θ

1258 2329 1380 2362 carnis,
1403 2322 1507 2365 quibus
1529 2331 1631 2354 tamen
1656 2326 1688 2353 in
1700 2320 1757 2353 hac
1766 2319 1916 2353 dilectione
1925 2318 2015 2362 sacra
2024 2320 2138 2362 eloquia

1258 2384 1317 2406 non
1337 2374 1541 2406 contradicunt
1554 2395 1562 2404 .
1585 2372 1644 2404 Sed
1654 2369 1741 2403 atiud
1747 2369 1785 2410 est
1793 2370 1873 2411 qaod
1876 2368 1981 2412 sponte
1992 2370 2138 2411 impendi-

1259 2431 1307 2455 tur
1319 2432 1437 2455 naturae
1446 2444 1456 2461 ,
1481 2422 1565 2454 aliud
1584 2419 1828 2463 quodpraeceptt‘s
1842 2421 2001 2452 Dominicis
2009 2431 2050 2452 ex
2061 2419 2137 2452 cha-¹.

1261 2478 1352 2506 ritate
1372 2471 1492 2506 debetur
1503 2471 1693 2504 obedientiae.
1722 2474 1762 2502 Hi
1775 2470 1915 2502 nimirrim
1926 2470 2138 2510 &proximum

1260 2523 1407 2566 diligunt,
1435 2523 1470 2555 Θ
1493 2529 1593 2554 tamen
1613 2520 1666 2553 illa
1671 2517 1813 2561 sublimia
1825 2519 1988 2551 dilec‘ltom's
2006 2524 2138 2560 praemia

1261 2583 1319 2606 non
1328 2570 1531 2615 adsequuntur
1543 2584 1554 2603 .-
1580 2572 1665 2612 ,Qut'a
1676 2579 1802 2601 amorem
1806 2567 1897 2611 suum
1910 2592 1921 2607 ‚
1947 2579 2005 2601 non
2012 2567 2139 2610 spirita·

1260 2623 1347 2663 liter,
1370 2620 1427 2664 sed
1435 2621 1599 2655 carnaliter
1615 2619 1808 2660 impendunt.
1837 2617 1893 2651 Est
1904 2629 1998 2651 amor
2008 2619 2137 2658 licitus,

1263 2673 1388 2713 bonus,
1415 2668 1718 2714 irreprehensibilis,
1744 2677 1778 2702 at
1801 2667 1872 2701 solo
1892 2668 2003 2701 officio
2017 2669 2049 2702 δε
2068 2668 2138 2702 sub-

1261 2722 1379 2757 stantia
1390 2717 1480 2763 ‚non
1491 2720 1558 2754 fine
1569 2719 1603 2753 ὃ(
1614 2718 1722 2753 radice
1730 2742 1738 2751 .
1763 2718 1839 2752 Nec
1850 2717 1939 2750 enim
1950 2718 1994 2751 est
2007 2722 2137 2760 propter:

1262 2773 1372 2807 Deum
1384 2795 1395 2811 ‚
1420 2770 1474 2805 sed
1486 2778 1615 2814 propter
1626 2768 1791 2812 proprium
1800 2766 1989 2811 sanguinem
2000 2779 2012 2809 ;
2029 2778 2137 2811 nequo

1261 2834 1302 2855 ex
1315 2821 1405 2856 casto
1418 2820 1506 2861 Dei,
1532 2819 1586 2853 sed
1596 2831 1637 2853 ex
1655 2819 1780 2861 privato
1791 2817 1838 2851 sui
1849 2828 1958 2851 amore
1970 2813 2135 2859 procedit.

1262 2872 1353 2905 Hinc
1375 2871 1538 2905 humanus
1556 2869 1591 2903 δε
1610 2868 1747 2903 carnalis
1766 2866 1830 2907 est,
1855 2878 1923 2900 non
1946 2866 2135 2901 Divinus&

1263 2921 1414 2966 spiritalis
1426 2945 1436 2961 ,
1464 2931 1524 2954 nec
1543 2918 1727 2953 meritorius
1746 2916 1839 2962 regni
1854 2942 1862 2950 .
1886 2916 1997 2950 Radix
2008 2917 2060 2950 seu
2072 2917 2135 2949 ori-

1260 2982 1305 3015 go
1325 2970 1382 3004 ista
1406 2970 1450 3003 est
1471 2967 1612 3011 omnino
1635 2967 1759 3011 aliquid
1782 2966 1874 3007 vitii,
1899 2966 1950 3000 sed
1974 2966 2063 3010 quod
2079 2977 2136 3001 ne-

1260 3031 1354 3064 queat
1375 3021 1528 3060 inficere,
1553 3028 1609 3053 aut
1631 3018 1755 3052 malum
1779 3014 1906 3051 reddere
1926 3017 2030 3058 ipsum
2064 3017 2136 3050 offi-

1261 3073 1371 3110 cium,
1399 3068 1450 3104 sed
1471 3068 1678 3104 substantiam
1701 3069 1806 3102 astus.
1833 3067 1876 3100 Et
1895 3064 1973 3100 hinc
1985 3065 2135 3110 Julianus

1261 3120 1450 3161 Pometius,
1479 3119 1625 3155 servilem
1651 3115 1807 3162 gehennae
1817 3127 1939 3150 metum
1950 3116 2060 3151 dicens
2072 3116 2136 3152 effe

1260 3172 1294 3205 in
1307 3170 1413 3211 vit-io,
1440 3181 1508 3203 non
1521 3170 1565 3203 est
1577 3167 1660 3203 bene
1670 3167 1813 3201 locutus.

1308 3221 1402 3254 Hinc
1423 3220 1507 3254 >item
1530 3216 1677 3253 laudatus
1698 3218 1819 3256 timor,
1846 3214 1922 3251 licet
1942 3216 2135 3252 infusumac
2172 3219 2298 3262 Suppo-

1260 3270 1529 3313 supernaturalem
1552 3268 1630 3302 fidei
1650 3268 1755 3300 astum
1768 3266 1950 3310 frequenter
1961 3268 2133 3311 praesuppo-
2149 3268 2198 3301 nit
2243 3267 2277 3301 fi-

1259 3329 1335 3358 nat,
1363 3331 1431 3353 non
1454 3320 1499 3353 est
1525 3328 1632 3352 tamen
1656 3318 1722 3360 ipse
1732 3316 2020 3351 aecusinfususaut
2032 3318 2135 3358 super·
2147 3317 2240 3352 dem.

1260 3370 1414 3404 naturalis
1428 3393 1435 3400 .
1459 3367 1561 3415 Qod
1580 3367 1679 3401 fidem
1701 3366 1794 3400 istam
1816 3367 1999 3409 frequenter
2018 3365 2133 3408 suppo-

1262 3430 1317 3455 nat
1329 3443 1340 3460 ,
1365 3417 1482 3454 diserte
1505 3416 1602 3452 tradit
1623 3417 1747 3451 sanetus
1760 3416 1964 3461 Augustinus
1973 3415 2006 3448 in
2018 3415 2132 3449 sermo·
2147 3418 2209 3452 Ser.
2225 3426 2276 3463 ¹9·

1261 3469 1358 3508 nibus
1379 3469 1420 3508 de
1431 3467 1534 3506 verbis
1546 3466 1721 3513 Apostoli:
1747 3468 1777 3501 si
1799 3463 2131 3559 timortgebensseqnon
2151 3475 2262 3513 cap-9-

2023 3525 2082 3549 acl!
