2366 3736
40 473 116 512 Lib.
130 485 162 523 ς.

40 523 193 574 cap-189.

157 1244 159 1247 Α
217 1211 353 1248 Etenim
363 1212 410 1248 ita
427 1217 561 1250 trastare
582 1216 748 1259 proprium
761 1215 919 1260 Regnum
939 1239 950 1255 ‚
975 1214 1100 1249 estnon

53 1576 129 1612 Lib.
150 1588 184 1614 2.

52 1639 126 1672 cap.
153 1637 205 1675 37.

71 3225 143 3260 Lib.
167 3239 200 3265 2.

0 3282 3 3385 b
74 3276 132 3320 Ep.
169 3275 200 3314 8.

73 3400 143 3436 Lib.

22 3478 26 3481 .
73 3451 130 3496 Ep.
142 3454 200 3500 36.

168 3413 201 3449 4,
240 3404 408 3434 cottiarum
429 3400 515 3443 affirm
532 3401 682 3443 publicum
701 3411 757 3444 per
780 3409 903 3436 tertiam
922 3405 1114 3438 Indic‘lionem

1761 52 1772 78 -2

313 138 399 186 De
433 139 711 196 AuriQm
743 132 1128 182 Dtscltttun
1164 130 1406 177 Cmusr.
1444 132 1526 179 Mt
1547 139 1763 176 tuin-‚7
1878 145 1968 190 159

206 219 352 259 facinora
373 233 386 254 .·
411 218 591 255 Vaniffime
613 245 621 252 .
657 216 790 253 Etenim
810 213 998 257 Decalogus
1018 235 1029 251 2
1053 213 1087 248 &
1146 217 1248 252 citus,
1273 211 1509 253 morefluminis,
1529 215 1601 248 dum
1609 218 1738 259 irrigat,
1757 212 1910 255 oppreffit.
1933 222 2022 252 Nam

208 272 319 307 omnis
345 269 414 304 Lex
431 270 554 304 Divina
567 267 660 313 plene*
668 265 874 310 obstringunt
884 274 1020 298 omnem
1030 259 1086 296 ho·
1148 265 1213 296 licet
1221 270 1277 303 pro
1282 261 1417 305 generali
1425 260 1582 303 securitate
1585 264 1732 306 frementi
1741 263 1945 299 adundatione
1951 275 2025 307 pro.

208 321 333 355 minem
347 343 356 351 .
382 318 492 355 Etiam
503 319 629 353 Milites
646 317 679 350 δε
691 315 817 360 Reges.
1148 318 1261 353 ruperit
1273 335 1285 352 ‚
1308 316 1487 352 praeteriens
1509 322 1607 346 tamen
1628 313 1742 352 istorum
1762 314 1843 345 culta
1853 314 1991 354 vastavit
2013 338 2023 348 .

258 368 420 415 insignem
444 382 482 406 ac
510 365 784 403 fundamentalem
804 373 919 399 contra
937 361 1087 397 Militum
1150 363 1245 394 Radit
1264 368 1342 395 enim
1359 358 1472 403 semper
1487 360 1599 401 fluvius
1626 364 1745 397 alveum
1760 361 1849 405 suum
1862 386 1874 403 ,
1900 366 1935 399 es
1955 365 2025 399 lieet

207 418 295 454 furta
307 419 432 463 Legem
454 419 608 454 babemus
624 412 661 456 in
671 417 869 450 Francorum
884 415 1013 458 Regum
1026 412 1087 446 Ca·
1152 412 1278 446 molliter
1288 411 1441 454 egrediens
1453 415 1556 443 vicina
1559 411 1714 452 foecundet
1726 438 1736 453 ,
1762 413 1837 445 illud
1844 422 1945 447 tamen
1955 416 2027 448 red-

211 470 425 511 pitularibus:
451 471 484 502 st
494 471 560 510 quis
570 474 604 498 in
614 469 761 500 Exercitu
773 464 859 507 infra
879 467 1013 508 Regnum
1027 461 1090 504 fine
1152 462 1199 494 dit
1203 460 1300 498 sterile
1310 484 1321 501 ,
1348 462 1405 502 quo
1416 460 1704 500 collec‘lusinfluxerit
1716 487 1724 494 .
1750 463 1834 496 Unde
1844 462 2026 506 necessefuit

204 519 324 560 juffione
346 523 499 552 Domintca
516 524 571 558 per
593 520 659 550 vim
680 514 807 556 hostilem
828 513 1090 556 altquidpraedare
1153 516 1248 543 civica
1268 508 1434 549 vastatione
1453 510 1579 551 dejeei'is
1594 517 1741 554 porrigere
1752 513 1906 546 dexteram
1911 512 2029 556 saluta·

209 569 356 608 voluerit,
378 575 432 600 aut
435 566 554 608 foenum
571 567 689 607 tollere,
715 574 922 609 wegrunnan,
939 563 1002 606 five
1011 571 1090 604 peco-

211 630 249 651 ra
268 619 382 658 majora
392 616 445 650 vel
451 622 583 657 minora,
613 614 766 659 domosque
774 614 959 657 infringere,
985 613 1042 647 vel
1048 618 1091 645 in-

210 668 352 708 cendere3
378 664 443 699 haec
459 668 497 700 ne*
514 665 614 708 fiant,
641 663 971 707 omninoprobibemus.
1000 663 1094 706 ‚Quod

206 714 237 759 fi
252 715 292 749 ab
314 716 411 758 aliquo
417 715 649 759 praesumptuoso
654 715 774 756 fadum
778 714 876 756 suerit
898 737 910 755 ,
930 713 1092 757 sexaginta

206 763 335 809 solidos,
352 764 384 807 fi
399 766 471 800 liber
493 767 550 807 est,
572 765 610 807 fit
628 766 801 808 culpabilis,
827 766 861 798 o·
881 770 979 796 omnia
989 762 1092 802 fimilia

211 814 346 856 restituat
356 839 367 856 ‚
387 826 440 848 aut
452 828 515 849 cum
526 818 676 850 duodecim
684 814 800 854 testibus
807 813 844 857 se
851 821 976 857 purget.
1001 815 1019 845 5
1023 819 1032 844 i
1044 823 1093 844 ve·

214 867 249 898 ro
258 866 368 908 servus
379 865 543 907 bocfecerit
553 890 565 907 ,
590 866 726 907 Capitoli
738 870 856 898 crimini
861 863 1018 908 subjaceat
1029 875 1040 895 .·
1049 864 1094 894 Et

215 917 363 949 Dominus
379 921 476 948 omnia
483 915 592 958 fimiliae
606 914 737 954 restituat
752 938 763 955 ,
787 922 861 957 quia
866 911 989 957 servum
1007 911 1096 956 suum

217 975 276 997 non
292 970 442 1006 correxit,
463 977 516 998 nec
524 964 697 1006 custodivit,
724 972 758 999 ut
780 966 858 998 talia
875 972 1096 1006 nonperpetra·

217 1021 264 1047 ret
277 1038 284 1045 .
309 1017 461 1057 ‚Quoniam
470 1014 501 1055 fi
515 1027 566 1048 nor
587 1014 665 1058 ipsos
685 1016 857 1048 comedimus
870 1039 881 1055 ,
907 1017 965 1048 cito
977 1012 1097 1055 deficie-

217 1074 303 1096 mus.
329 1062 529 1107 Unusquisque
551 1076 652 1098 tamen
661 1065 800 1104 custodiat
812 1072 972 1098 exercitum
989 1062 1097 1105 suum,

217 1123 256 1145 ne
276 1113 379 1155 aitqua
402 1116 588 1156 depraedatio
597 1115 683 1157 infra
693 1119 829 1159 Regnum
834 1114 912 1157 fiat.
939 1115 1100 1148 istiusmo-

217 1162 254 1196 di
266 1164 386 1206 rapinae
398 1163 513 1199 merito
525 1164 680 1199 dicuntur
698 1177 753 1208 per
765 1164 918 1199 hostilem
930 1165 997 1198 vim
1010 1165 1079 1199 fieri
1092 1189 1100 1196 .

1152 572 1235 601 rem,
1254 571 1292 594 ne
1317 565 1430 603 ingrati
1441 560 1547 592 dicant
1553 557 1706 603 seperitffe
1717 559 1792 603 solos
1801 570 1858 602 pro
1867 563 2027 605 defenfione

1153 610 1333 645 cuneorum.
1365 608 1547 652 Misi-eantur
1565 612 1665 651 potius
1686 611 1806 643 Iaetitiae
1831 634 1843 651 ,
1869 619 1921 653 qui
1942 619 2029 646 viam

1153 661 1256 694 Italtae
1278 658 1479 703 defensoribus
1496 659 1699 703 praestiterunt
1712 684 1719 692 .
1747 660 1820 694 Rex
1843 660 2037 696 Theodoti·

1154 722 1211 744 cus
1220 734 1232 750 ,
1243 724 1245 726 ·
1257 708 1333 743 licet
1345 711 1488 744 Arianos
1498 710 1530 743 &
1542 710 1700 744 Barbarus
1710 734 1719 748 ‚
1747 709 1860 744 omnia
1871 721 1941 754 quae
1952 721 2040 746 tran·

1156 761 1282 794 seuntes
1303 759 1427 795 Milites
1439 760 1696 795 Provinciahum
1708 759 1791 794 Satis
1809 772 1846 793 ac
1858 762 1930 795 aliis
1944 760 2038 796 rebus

1156 810 1354 850 intulerant,
1383 810 1502 845 damna
1524 810 1924 853 censuitasereparanda.
1952 811 2038 859 Qu

1157 860 1333 894 intulerant
1343 883 1356 900 ,
1381 861 1416 895 ἀ
1436 871 1506 903 qna
1522 872 1592 896 non
1604 860 1715 896 inferri
1727 869 1807 895 tunc
1819 863 1875 894 vix
1887 871 1954 894 non
1968 861 2040 904 pos-

1159 911 1227 944 sent
1248 933 1259 948 ,
1285 909 1415 945 Milites
1435 909 1618 946 Provinciae
1640 909 1824 946 defensores
1845 935 1853 944 .
1881 909 2040 946 Notanda

1160 961 1233 994 sunt
1251 958 1364 993 verba:
1391 961 1497 995 Melius
1514 959 1552 1001 est
1567 959 1733 1004 praesentia
1754 961 1867 995 damna
1878 970 2041 996 contemne-

1158 1021 1207 1048 γε,
1237 1010 1329 1052 quim
1348 1015 1455 1055 exiguo
1467 1010 1575 1054 quaeiiu
1582 1020 1729 1053 perpetua
1747 1013 1895 1045 commoda
1909 1022 1966 1045 non
1987 1011 2046 1044 ba·

1159 1060 1243 1094 bere.
1273 1060 1474 1095 Profitentur
1497 1062 1582 1096 hanc
1595 1060 1988 1106 Regibusobligationem
2000 1062 2046 1096 es-

1163 1111 1193 1144 se
1214 1108 1273 1143 sub
1294 1122 1383 1144 reatu
1403 1111 1603 1155 sempiternae
1623 1113 1867 1148 damnationis.
1894 1112 2050 1156 Ejusdem

1164 1159 1327 1194 sententia
1349 1160 1411 1193 fuit
1423 1161 1601 1205 Imperator
1612 1160 1749 1197 Alexius
1759 1163 1954 1198 Comuenus
1966 1186 1973 1195 .
1995 1161 2050 1197 Fi-

1165 1210 1209 1243 lia
1227 1210 1293 1252 ejus
1313 1209 1413 1244 Anna
1437 1211 1470 1244 in
1493 1213 1601 1255 ptimo
1617 1213 1795 1247 Alexiados
1815 1213 1900 1248 libro
1909 1213 2051 1248 demon-

217 1262 422 1297 defensorem
444 1264 583 1299 militem
603 1275 719 1309 agere,
745 1264 800 1299 sed
821 1263 946 1299 hostem
960 1276 997 1299 π
1010 1265 1102 1299 lau-0-
1166 1259 1242 1294 strat
1264 1258 1394 1294 Divinae
1413 1262 1524 1305 gratie.
1543 1262 1666 1296 auxilia
1689 1263 1771 1298 nulli
1795 1263 1926 1298 mortali
1946 1263 2054 1308 magis

221 1323 298 1346 nem
311 1337 320 1345 .
347 1314 390 1347 Et
409 1313 495 1348 certe
504 1315 584 1348 dum
599 1325 658 1348 nos
670 1314 836 1358 met-ipsos
847 1315 890 1349 ita
902 1314 1103 1353 mordemus,
1166 1310 1229 1343 este
1250 1308 1419 1343 necessaria
1442 1310 1540 1351 <luha
1562 1312 1729 1355 Regibus,
1755 1313 1789 1347 ὅ(
1800 1312 2002 1356 prosequitur
2013 1311 2056 1346 de

222 1372 292 1396 non
316 1364 481 1406 possumus
503 1375 570 1397 non
584 1363 708 1397 absumi
720 1376 756 1398 ac
768 1366 885 1407 perire.
913 1364 1102 1406 Capitulum
1169 1361 1229 1392 suo
1242 1357 1354 1391 Patre:
1370 1365 1487 1393 Harum
1496 1360 1572 1399 tristi
1581 1366 1787 1404 cogitationum
1800 1359 1915 1404 occursu
1929 1362 2053 1395 Alex-ius

222 1410 430 1456 desumptum
451 1413 496 1447 est
510 1425 550 1447 ex
571 1414 657 1448 fabio
669 1413 771 1446 Primi
783 1413 956 1447 Clodovaei
980 1436 992 1452 ,
1017 1413 1073 1456 qui
1087 1413 1105 1446 ὲ
1169 1413 1284 1441 intimis
1312 1418 1440 1441 maerens
1455 1408 1609 1452 senfibus‚
1626 1409 1856 1454 formidansque
1879 1411 2053 1450 &aestuans

222 1463 282 1495 suo
303 1462 385 1495 intra
410 1462 563 1506 Regnum
587 1462 692 1495 milite
710 1459 796 1494 nihil
816 1462 958 1504 permisit
980 1461 1104 1505 accipi,
1172 1463 1271 1490 animo
1293 1482 1303 1497 2
1341 1467 1487 1501 tanquam
1520 1472 1587 1492 mox
1617 1461 1785 1494 incubitum
1806 1468 1838 1494 Μ
1860 1471 1947 1504 caput
1969 1461 2057 1504 '‘Pfiffl

223 1512 284 1545 nifi
304 1523 368 1555 pro
382 1514 473 1554 equis
494 1512 648 1545 alimenta
676 1509 848 1545 herbarum
874 1535 881 1543 .
919 1512 966 1545 lta
998 1511 1108 1546 scribit
1174 1507 1313 1541 vindic‘ia
1332 1511 1388 1540 Dei
1400 1506 1599 1550 severiffima‚
1624 1513 1734 1553 quippe*
1757 1511 1791 1544 ob
1813 1515 2058 1547 tantum&tam

224 1562 358 1595 SanGus
378 1561 580 1606 Gregorius,
607 1559 786 1604 Episcopus
806 1560 1010 1595 Turonensis
1031 1587 1039 1594 .
1067 1562 1108 1595 Et
1176 1558 1335 1598 multiplex
1357 1565 1472 1591 crimen
1492 1561 1636 1601 expilatae
1650 1562 1683 1594 Θ
1695 1560 1871 1602 deformare
1884 1567 2031 1596 Civitatis
2047 1586 2055 1593 .

225 1611 333 1645 omnis
349 1610 466 1653 injusta
488 1610 611 1644 ablatio
628 1622 668 1644 ex
691 1610 828 1644 naturali
851 1621 888 1644 ac
901 1611 1031 1645 Divino
1042 1610 1111 1653 jure
1177 1611 1263 1640 Nam
1286 1610 1437 1650 quidquid
1450 1610 1505 1642 illa
1515 1612 1654 1644 colluvies
1666 1617 1773 1645 mixtae
1785 1614 1988 1645 multitudinis
1992 1612 2057 1654 fae·

226 1661 353 1705 obligat
383 1660 422 1694 ad
442 1661 695 1695 Restitutionem
719 1685 726 1692 .
752 1659 815 1694 Per
839 1661 966 1694 minora
995 1671 1110 1703 pecora
1161 1658 1249 1690 -dum
1260 1669 1294 1689 ac
1306 1659 1474 1699 improbum
1481 1668 1536 1700 per
1554 1661 1686 1694 vidoriae
1697 1662 1847 1695 licentiam
1861 1668 1892 1695 in
1903 1672 1992 1704 capta
2004 1667 2060 1695 Ur-

226 1711 456 1755 intelliguntut
476 1710 633 1744 Gallin'ae.
663 1710 705 1743 Et
727 1720 854 1752 propter
877 1710 1056 1744 istiusmodi
1072 1712 1109 1744 le·
1179 1709 1214 1741 be
1238 1707 1406 1752 defignarat
1427 1720 1461 1741 ac
1474 1709 1611 1752 fecerat,
1640 1712 1810 1752 imputabat
1834 1711 1895 1755 ipse
1911 1712 1970 1753 fibi
1990 1738 2000 1753 ,
2026 1713 2062 1746 (9

227 1762 318 1794 viora
341 1759 440 1794 etiam
456 1761 537 1795 suita
550 1760 741 1805 Capitulum
754 1760 896 1795 deceruit
907 1772 1037 1805 poeuam
1050 1762 1112 1796 Ca-
1180 1766 1325 1800 tanquam
1340 1764 1484 1800 proprius
1494 1768 1587 1802 atque
1599 1772 1673 1794 unus
1685 1761 1785 1794 auc‘Jor
1798 1764 1831 1795 ὦ*
1843 1761 1922 1794 αέῖον
1935 1767 2066 1795 omnium

227 1811 361 1857 pitalem
375 1833 383 1843 .
1179 1809 1286 1840 talium
1297 1832 1304 1839 .
1332 1809 1380 1840 sit·
1400 1810 1674 1843 convulnerabatur
1696 1813 1730 1845 6·
1741 1811 1885 1845 urebatur·
1907 1815 1976 1845 {mis
1985 1820 2069 1853 prae·

281 1861 355 1895 Nec
374 1861 460 1895 solus
477 1862 556 1895 furis
570 1862 738 1897 Dominus
750 1885 760 1901 ‚
788 1861 870 1895 Dux
888 1885 899 1901 ,
924 1871 979 1895 aut
992 1860 1115 1895 Tribu-
1181 1859 1288 1891 cordiis
1306 1857 1420 1901 ingenti
1433 1865 1467 1891 vi
1475 1866 1681 1900 poenitentiae,
1709 1872 1796 1902 quam
1808 1873 1866 1895 non
1882 1866 2041 1903 Imperium
2054 1886 2065 1902 ‚

228 1923 290 1947 nus
305 1936 315 1951 ‚
341 1912 394 1946 sed
416 1911 515 1947 etiam
536 1912 599 1954 ipse
611 1913 690 1947 dum
714 1912 791 1946 talia
817 1923 884 1945 non
902 1911 1039 1954 impedit
1059 1922 1114 1944 aut
1182 1919 1240 1941 non
1255 1910 1392 1949 Purpura
1404 1933 1415 1948 ,
1441 1920 1498 1941 non
1512 1911 1659 1944 Diadema
1664 1922 1850 1954 gemmarum
1861 1921 2001 1946 contextu
2020 1911 2067 1953 af-

229 1962 365 2006 castigat
379 1985 390 2001 ,
417 1961 489 1995 Rex
502 1961 716 2006 obstringitur
728 1961 768 1994 ad
792 1961 922 2003 plenam
935 1960 1115 1994 restitutio‘
1177 1956 1330 2000 florescens
1345 1982 1356 1997 ,
1382 1969 1440 1991 non
1460 1958 1546 1998 vestis
1567 1972 1641 1993 aure
1660 1960 1800 1994 collucens
1822 1963 1856 1995 6
1880 1962 2037 1996 unionibus
2054 1986 2067 2003 ,

231 2023 324 2045 nem.
345 2009 494 2054 Agnovit
523 2010 587 2044 hoc
613 2010 846 2044 Theodericus
867 2008 1058 2043 Gothorum
1081 2009 1113 2042 in
1182 2008 1242 2040 ulla
1265 2006 1626 2050 exparteconsolabatur.
1658 2010 2068 2054 constantinopolitanam

230 2061 322 2095 ltalia
337 2060 409 2095 Rex
423 2083 433 2100 ,
447 2059 587 2093 scribens
596 2058 635 2093 ad
651 2060 760 2093 nescio
772 2070 868 2102 quem
884 2060 1081 2102 Episcopum
1107 2071 1114 2090 :
1183 2058 1350 2090 civitatem
1364 2057 1492 2098 milites,
1505 2058 1583 2092 dum
1599 2058 1739 2093 Alexius
1753 2061 1866 2095 invafit
1879 2062 2069 2105 Imperium,

230 2114 312 2154 ‚Quis
333 2111 437 2143 melius
460 2109 504 2142 ad
512 2115 666 2152 aequitatis
671 2111 748 2150 jura
760 2109 900 2152 deligitur
914 2133 924 2148 ,
950 2111 1040 2151 quim
1062 2113 1118 2149 qui
1183 2107 1358 2149 spoliarant
1378 2118 1416 2140 ac
1426 2107 1646 2143 deformarant
1658 2134 1665 2141 .
1693 2110 1772 2144 Haec
1785 2122 1912 2153 peccata
1925 2112 1980 2145 ille
1994 2123 2072 2145 ceu·

230 2162 395 2194 sacerdotio
404 2160 555 2192 decoratur
570 2162 583 2194 ἒ
607 2165 659 2202 qui
682 2158 911 2197 amorej’ustitiae
918 2156 1116 2200 perfhnaliter
1184 2157 1247 2189 suit
1270 2157 1322 2189 sua
1333 2179 1344 2196 ,
1371 2156 1514 2199 ideoque
1538 2159 1626 2191 suam
1640 2159 1766 2202 nequiit
1779 2163 1853 2202 paca
1860 2172 1892 2194 re
1903 2161 2071 2194 conscien-

225 2209 304 2253 sciat
307 2211 469 2251 judicare,
496 2211 531 2243 θ
549 2210 678 2252 diligens
698 2207 812 2240 cuneos
834 2211 1026 2240 incommune
1044 2230 1055 2248 ,
1077 2207 1115 2239 Io·
1183 2207 1262 2238 tiam
1276 2228 1287 2245 ‚
1313 2205 1415 2248 usque
1437 2205 1545 2239 duma
1562 2207 1681 2241 Cosma
1705 2208 1891 2247 patriarcha
1902 2210 2071 2253 publicam

229 2271 297 2293 cum
318 2270 375 2292 non
395 2258 536 2300 relinquit
559 2258 706 2290 invidiae.
737 2257 868 2289 Proinde
879 2264 985 2298 aptam
994 2253 1117 2297 confide·
1182 2254 1215 2288 &
1228 2254 1432 2288 fibi&omni
1447 2255 1538 2289 Aulae
1550 2256 1740 2300 supplicavit
1760 2260 2008 2302 poenitentiam,
2035 2261 2071 2295 δε

230 2317 334 2342 rantes
352 2306 456 2346 vestris
477 2314 593 2341 mentis
605 2308 747 2340 achonem
761 2330 772 2346 ,
791 2305 988 2350 fignifhamus
1002 2318 1052 2338 nos
1059 2314 1116 2347 per
1185 2303 1370 2338 humillime
1393 2306 1516 2350 peregit
1530 2330 1537 2337 .
1565 2307 1738 2351 Supposuit
1752 2309 1841 2351 quod
1856 2311 1929 2344 Rex
1941 2311 1973 2343 in
1989 2310 2073 2344 Sub-

231 2362 478 2392 Montanuarium
499 2357 659 2390 sanditati
679 2355 782 2396 vestrae
803 2357 885 2389 mille
896 2361 1066 2400 quingentos
1069 2354 1115 2398 fit·
1182 2354 1327 2389 ditorum
1349 2355 1434 2388 bona
1460 2354 1544 2388 nihil
1569 2354 1667 2391 habet
1687 2358 1785 2401 juris,
1811 2361 1845 2394 δε
1871 2361 1916 2393 uti
1930 2361 2070 2403 quisque

231 2409 307 2441 lidos
331 2407 495 2451 destinaffe,
521 2418 593 2451 quos
607 2405 864 2447 Prouincialibus,
892 2414 948 2448 pro
969 2414 1004 2439 ut
1015 2418 1115 2449 quem-
1181 2405 1324 2449 privatus
1345 2415 1400 2438 aut
1415 2403 1581 2446 subditus,
1610 2408 1653 2440 ita
1674 2409 1705 2442 &
1721 2408 1794 2442 Rex
1815 2409 1980 2452 obligatur
2003 2410 2071 2444 suis

231 2469 287 2501 que
295 2455 525 2500 praes'entianno
539 2480 551 2498 ,
576 2459 721 2490 Exercitu
744 2454 835 2495 nostro
848 2454 1040 2498 transuente,
1069 2457 1114 2488 di·
1182 2455 1333 2499 impensis
1355 2454 1500 2489 officium
1523 2456 1652 2498 explere
1664 2481 1671 2488 .
1700 2457 1743 2491 Et
1759 2458 1844 2501 pacis
1856 2460 1888 2492 ὃ(
1906 2457 1982 2492 belli
1996 2460 2070 2494 offi-

230 2505 847 2550 spendiumpertuliffecognoveris,habita
859 2505 979 2546 laefionis
991 2507 1114 2546 aeflima-
1182 2506 1292 2539 cium:
1322 2505 1416 2538 Hinc
1437 2505 1595 2547 quidquid
1619 2517 1745 2549 propter
1765 2509 1867 2551 ipsum
1893 2509 2068 2544 fuerintab

1180 2556 1247 2599 ejus
1272 2555 1399 2594 milite,
1424 2554 1487 2588 five
1504 2554 1546 2587 ab
1572 2555 1665 2590 hoste
1675 2557 1772 2600 paffi,
1794 2558 1962 2604 obligatur
1972 2561 2068 2595 resar-

1180 2618 1263 2641 cire.

1229 2656 1333 2704 Qod
1360 2654 1458 2689 etiam
1482 2654 1513 2688 in
1535 2654 1633 2689 illatis
1645 2667 1698 2698 per
1709 2655 1834 2693 hostem
1850 2658 1979 2694 damnis
2001 2660 2066 2696 hoc

1180 2705 1293 2740 habeat
1305 2707 1417 2739 locum
1429 2729 1440 2744 ,
1466 2705 1510 2737 est
1532 2708 1622 2749 supra
1634 2707 1888 2743 demonstratum
1902 2736 1909 2743 .
1940 2711 1979 2744 Et
1992 2722 2064 2754 pro-

1180 2757 1288 2789 fitetur
1315 2755 1388 2789 Rex
1401 2751 1649 2790 Theodericus.
1678 2756 1767 2791 Audi
1790 2759 1858 2802 ejus
1878 2760 1997 2794 litteras
2021 2761 2061 2795 acl

1181 2805 1381 2839 Gemellium
1406 2816 1414 2835 ε
1444 2804 1660 2847 Arelatenfibus
1679 2831 1690 2847 ‚
1716 2813 1766 2849 qui
1789 2809 1892 2847 nostris
1917 2810 2062 2844 Partibus

236 2857 290 2888 tuf
310 2852 448 2899 rigidam
466 2853 725 2898 obligationem.
752 2853 909 2887 Notanda
922 2854 1037 2888 sunt&
1050 2867 1114 2888 ver-

1163 2898 1164 2901 Ἴ
1176 2856 1389 2897 perdurantem
1410 2855 1546 2899 gloriosae
1580 2856 1732 2898 obsidionis
1749 2863 1907 2899 penuriam
1924 2862 2062 2901 pertule-

238 2904 296 2939 ba:
319 2905 464 2937 Nolumus
471 2902 528 2947 sub
538 2903 696 2946 confufione
706 2905 831 2947 largiri.
862 2903 1004 2937 Edicunt
1030 2905 1114 2939 hanc
1162 2910 1164 2921 ’
1178 2915 1270 2945 runt,
1292 2914 1348 2947 per
1373 2905 1565 2939 1ndu‘iionem
1589 2915 1728 2949 quartam
1740 2906 1869 2950 Fiscalia
1881 2909 1995 2943 tributa
2010 2922 2061 2944 re-

236 2954 291 2989 ren
299 2954 473 2988 itutiouem
492 2954 583 2997 juxta
599 2955 712 2988 damni
725 2955 904 2988 mensuram
916 2955 977 2988 effe
992 2955 1127 2992 unicui-v

1162 2953 1165 2999 Ῐ
1181 2957 1268 2988 laxat
1291 2955 1463 2989 humanitas
1479 2978 1489 2994 ,
1514 2962 1559 2989 ita
1574 2967 1608 2989 ut
1621 2956 1729 2998 futuro
1741 2967 1870 3000 tempore
1890 2961 1934 2992 ad
1935 2958 2058 3003 solitam

238 3014 300 3047 que
312 3004 515 3045 faciendam,
542 3002 781 3048 ideoqueistam
805 3003 1040 3048 obligationem
1062 3005 1115 3038 de-

1179 3006 1301 3039 redeant
1331 3003 1513 3048 sanc‘l'ionem
1539 3030 1546 3037 .
1574 3008 1734 3049 ,Quatenus
1753 3010 1787 3041 ὁ·
1806 3021 1858 3042 nos
1878 3008 1949 3043 bene
1970 3016 2060 3044 meri·-

239 3053 307 3087 nuo
327 3054 536 3097 profitentur.
564 3054 657 3088 Hinc
670 3052 822 3098 providus
835 3054 907 3088 Rex
917 3053 1114 3088 distributio·
1180 3061 1220 3088 tis
1243 3057 1467 3096 vicissitudinem
1492 3057 1648 3099 reddidrffe
1670 3058 1827 3091 videamur
1840 3082 1850 3098 ‚
1875 3060 2027 3094 &abillis
2046 3086 2060 3103 ,

236 3113 313 3137 nem
332 3105 491 3137 commisit
516 3104 697 3147 Episcopo.
727 3103 841 3137 Exstat
865 3103 1008 3146 Epistola
1031 3103 1113 3147 apud

1180 3116 1246 3138 cum
1264 3118 1311 3139 res
1329 3103 1490 3147 poposcerit
1505 3130 1516 3145 ,
1536 3103 1624 3147 solita
1648 3108 1833 3141 devotionem
1846 3120 1980 3153 negetur.
2009 3114 2061 3144 Sa-

238 3152 408 3186 Aurelium
431 3153 677 3188 Caffiodorum.
705 3152 950 3188 Exstatibidem
964 3155 1027 3188 alia
1039 3154 1111 3197 ejus-
1179 3162 1337 3189 tiemurin
1349 3156 1509 3193 libertate,
1539 3160 1589 3197 qui
1597 3165 1652 3198 pro
1664 3157 1938 3203 nobisinangustiis
1951 3160 2059 3203 efiirire

236 3201 312 3236 dem
335 3201 435 3246 Regis
457 3204 599 3245 Epistola
622 3205 660 3237 ad
687 3204 838 3238 Faustum
872 3203 1076 3247 Praepositum
1105 3219 1114 3238 :

1182 3207 1348 3239 maluerunt
1364 3230 1370 3237 .
1399 3207 1465 3237 Sint
1476 3206 1541 3238 laeti
1552 3230 1563 3246 ,
1575 3213 1627 3247 qui
1637 3206 1789 3245 tristitiam
1796 3209 2059 3252 fideliter-pertule-

240 3253 345 3285 Melius
367 3252 405 3291 est
413 3251 575 3295 prasentia
593 3255 708 3287 damna
718 3261 903 3286 contemnere
914 3278 924 3293 ,
949 3256 1042 3297 quaeim
1053 3260 1114 3288 exi·

1178 3264 1251 3288 runt
1264 3280 1271 3288 .
1299 3260 1371 3288 Non
1393 3256 1470 3288 decet
1487 3254 1590 3295 statim
1614 3258 1650 3291 de
1662 3258 1796 3291 Tributis
1808 3261 1860 3302 effe
1864 3258 2020 3302 sollicitum
2044 3281 2059 3300 ,

232 3313 293 3345 guo
309 3299 418 3344 quaestu
426 3308 568 3343 perpetua
577 3306 725 3337 commoda
736 3315 795 3336 non
807 3303 915 3336 babere
927 3327 935 3334 .
963 3310 1057 3347 Atque
1068 3313 1114 3338 ita
1177 3311 1229 3347 qui
1243 3313 1299 3347 pro
1317 3304 1412 3345 nostra
1431 3304 1581 3346 fidelitate
1603 3304 1700 3349 casum
1725 3314 1783 3341 vix
1799 3315 1898 3350 potuit
1910 3310 2060 3342 declinare

238 3350 358 3392 illustris
392 3351 615 3394 Magnificentiae
646 3363 697 3387 tua
724 3354 965 3386 Provincialibus
998 3356 1115 3396 Alpium
1173 3353 1359 3399 supremum.
1389 3357 1411 3386 A
1426 3360 1531 3396 quiem
1541 3355 1614 3396 ista,
1629 3368 1686 3389 non
1698 3358 1736 3389 ab
1749 3357 1858 3401 obseffis
1868 3364 2058 3400 inquirimus.

1178 3407 1268 3450 ,Quid
1277 3411 1354 3438 enim
1366 3406 1385 3436 ἃ
1399 3407 1524 3438 Domino
1537 3410 1606 3450 Agri
1617 3412 1721 3450 exigas
1733 3432 1743 3447 ‚
1770 3419 1852 3449 quem
1872 3419 1936 3441 eum
1949 3419 2006 3441 non
2015 3419 2059 3441 co-

242 3462 292 3485 nos
313 3450 457 3494 relaxaffe
478 3449 628 3494 cagnofiat
641 3473 651 3490 ‚
675 3463 745 3492 quos
757 3452 903 3495 tranfiens
915 3452 1005 3494 noster
1015 3458 1115 3489 Exer-
1159 3456 1256 3500 ,luiffe
1280 3452 1452 3500 cognoscas?
1475 3455 1641 3499 Pretiosum
1655 3456 1785 3499 vefflgal
1804 3462 1865 3490 iam
1880 3458 1963 3491 nobis
1974 3459 2060 3492 dede·

336 3500 446 3544 Christ.
458 3503 540 3545 Lupi
549 3503 648 3544 opera
658 3503 796 3537 Tomxs.
1642 3507 1675 3540 O
1726 3516 1749 3542 2
1945 3517 2016 3541 runt

235 2563 312 2590 tione
322 2581 332 2596 ,
345 2555 502 2596 distribuas
514 2580 520 2586 .
536 2560 574 2588 Ut
587 2556 683 2588 nullus
695 2558 714 2587 ἃ
726 2556 820 2594 nostra
834 2556 1037 2597 Munifi'centia
1048 2558 1112 2589 red-

235 2607 328 2639 datur
348 2605 459 2638 alienus
471 2628 481 2643 ,
507 2615 592 2646 quem
597 2602 655 2647 sua
673 2605 785 2636 damna
792 2615 1005 2647 gravaverunt
1018 2628 1026 2636 .
1053 2610 1113 2639 No-

234 2655 333 2689 lumus
364 2658 442 2688 enim
459 2651 514 2696 sub
536 2653 692 2696 confufione
714 2655 840 2697 largiri,
865 2656 945 2697 quod
959 2656 1038 2688 decet
1058 2655 1116 2698 sub

236 2711 349 2739 ratione
380 2703 514 2744 distribui
536 2729 542 2736 .
570 2705 622 2737 Νέ
642 2705 720 2746 quod
740 2704 889 2747 neceffario
909 2715 959 2737 nos
976 2704 1114 2748 transmi-

234 2754 291 2799 fiffe
311 2753 418 2794 conflat
431 2753 554 2796 afflic‘lis
566 2779 578 2795 ,
599 2753 744 2797 superfluo
754 2753 904 2787 tribuatur
915 2754 1011 2795 illaesis
1026 2780 1030 2785 .
1045 2755 1113 2789 No-

237 2804 334 2838 tanda
345 2805 418 2838 sunt
430 2804 523 2837 verba
536 2816 544 2837 t
571 2805 734 2847 Necessaria
748 2801 945 2846 transmififfe.
959 2804 1114 2838 Profiteo—

2119 1221 2175 1262 80.

2104 2809 2135 2848 3.
2150 2813 2207 2852 32.
