2366 3736
9 1664 111 1692 -22.

605 159 671 208 be
706 151 1137 207 Cotti-mumma
1174 171 1236 201 ετ
1270 159 1659 204 Arria-nom:-

227 242 399 278 fraternum
422 242 536 280 odium
557 244 592 279 in
616 245 713 280 corde
723 245 867 279 retinent
885 268 896 284 ‚
918 253 973 277 aut
985 242 1126 285 quovisl

227 294 295 326 alio
307 305 346 327 ex
359 296 463 338 capite
475 296 607 339 plenum
619 296 770 338 deinceps
780 305 848 327 non
863 293 1019 337 peccandi
1033 303 1101 335 pro-

227 341 364 384 P0fitum
390 357 457 380 non
478 345 623 386 habent,
654 343 886 379 Poenitentiam
914 345 962 377 uti
989 342 1101 375 falsam

227 393 347 428 merito
369 396 562 430 damnarunt
589 396 622 428 in
642 396 801 437 quinta&
814 395 949 437 septima
970 394 1024 426 sua
1038 393 1102 426 Ro·

227 451 324 477 mana
337 446 473 487 Synodo
485 445 663 489 Gregorius
676 443 755 477 VH.
767 445 937 486 Pontifex,
948 442 981 475 in
998 443 1103 484 Syno-

227 491 279 525 dis
291 495 513 539 Melphitana,
538 493 727 528 Placentina
754 519 764 535 ‚
790 496 822 528 δε
844 494 1103 528 Clarotnontana

229 543 390 579 Urbanus
412 546 452 578 11.
475 545 509 578 ἀ
534 544 747 578 Innocentius
762 544 803 577 11.
827 545 860 578 in
889 541 1025 586 Synodo
1049 544 1103 576 sua

51 567 137 661 {ez
158 574 211 609 14.
232 594 456 628 Lateranenfi.
483 594 526 627 Et
542 593 620 628 hinc
632 594 711 628 refle
737 595 818 628 dicit
838 592 1034 628 Tridentina
1046 593 1102 635 Sy.

52 665 126 698 Sesl
150 663 183 699 5,
230 644 336 678 ¹¹0dus
346 643 387 677 de
399 644 632 678 Contritione:
660 644 1103 685 Voluntatempeccandiexclu-

51 725 80 747 c·
108 714 139 749 6·
227 695 298 726 dat.
329 693 524 728 Etiterum:
548 699 588 727 Ac
595 696 751 736 propterea
775 703 932 727 moventur
953 693 1102 726 adversos

222 751 344 785 peccata
362 742 421 786 sua
438 752 494 786 per
515 745 613 778 odium
644 745 767 787 aliquod
796 745 831 777 &³
864 742 1081 783 detestationem
1094 766 1101 773 .

226 792 381 827 Declarat
394 794 639 828 Conttitionem
651 795 714 828 else
729 804 888 837 oportere,
901 804 967 826 non
980 793 1021 826 de
1033 803 1101 826 uno

50 812 174 858 Propo·
226 842 396 878 dumtaxat
417 838 473 878 aut
496 846 620 886 altero,
642 844 693 878 sed
716 843 757 878 de
780 843 904 876 cunctis
927 841 1102 877 commistis

54 865 149 897 {itum
350 894 356 901 .
543 894 550 901 .
656 894 663 901 .
871 899 874 903 .
1041 892 1048 899 ·

51 913 135 947 mad
143 914 211 947 effe
226 894 421 928 mortalibus
429 905 584 938 peccatis.
618 895 707 927 Dico
719 918 730 933 ‚
752 893 930 926 Mortalibus
942 906 952 925 :
980 892 1103 937 Agitur

50 961 148 997 debet
169 962 211 996 de
226 943 315 976 enim
329 942 383 977 hic
393 945 433 977 de
448 945 513 978 sola
528 943 616 976 illius
627 967 638 982 ,
649 954 718 985 quae
729 943 925 977 Sacramenti
940 943 1105 976 Poeniten·

226 993 277 1026 tiae
288 993 332 1026 est
345 993 515 1027 essentialis
527 1004 611 1035 pars,
623 993 843 1027 Contritionis
857 994 1023 1026 neceffaria
1037 1004 1100 1026 ma·

19 1041 22 1043 ,
47 1013 192 1106 {gigatis
227 1042 304 1076 ‘²¹5³
318 1065 329 1080 2
339 1062 342 1066 ·
352 1053 449 1083 quam
461 1043 590 1076 constat
602 1043 664 1076 effe
677 1043 743 1077 sola
756 1043 909 1077 mortalia
925 1053 1057 1086 peccata
1069 1068 1076 1075 .

7 1103 18 1123 Α
44 1121 174 1146 mona,
276 1091 382 1126 Porro
395 1091 436 1126 de
451 1093 639 1127 mortalium
653 1104 862 1135 peccatorum
887 1093 1104 1127 detestatione

41 1161 134 1195 'ibus
153 1185 161 1193 ⁸
225 1142 257 1175 ἀ
269 1140 346 1176 odio
359 1141 464 1176 scribit
479 1143 513 1176 in
536 1143 626 1176 libris
638 1143 677 1177 de
690 1145 812 1186 nuptiis
824 1145 856 1178 &
870 1143 1103 1186 concupiscen-

14 1231 15 1234 ,
50 1211 177 1247 Excm,
226 1191 270 1226 tia
291 1193 416 1226 sanetus
440 1192 644 1237 Augustinus
666 1205 673 1225 ε
702 1195 832 1227 Multam
847 1194 971 1235 fallitur
997 1193 1080 1225 homo
1094 1217 1105 1233 ,

52 1262 132 1294 dere
160 1259 210 1294 de·
227 1247 277 1283 qui
294 1240 474 1284 consentiens
494 1242 732 1286 concupiscentiae
754 1250 857 1277 carnis
873 1243 939 1286 suae
960 1244 1107 1285 ,eoquod

55 1310 114 1344 bet
140 1311 184 1343 af·
227 1293 281 1323 illa
290 1290 432 1331 desiderat
442 1294 602 1326 decernens
607 1293 709 1334 facere
723 1294 896 1333 &statuens
912 1319 921 1334 ,
942 1301 1032 1335 putat
1051 1291 1105 1335 fibi

4 1348 11 1354 ‘
53 1359 175 1398 festum
193 1384 196 1386 v
227 1341 277 1384 effe
288 1343 456 1383 dicendum,
475 1343 580 1376 NON
597 1343 692 1378 EGO
719 1343 913 1378 OPEROR
930 1342 1101 1382 ILLUD,

228 1391 343 1432 etiamfi
348 1393 442 1424 oderit
454 1399 523 1434 quia
534 1389 682 1434 consentit.
696 1395 790 1425 Simul
799 1395 877 1426 enim
888 1393 926 1433 est
939 1402 1104 1434 utrumque:

231 1444 260 1472 E
263 1449 276 1472 t
288 1439 349 1483 ipse
357 1443 419 1474 odit
431 1443 511 1484 quod
520 1443 631 1474 malum
642 1444 693 1483 effe
704 1448 790 1474 novit
801 1466 812 1481 ,
820 1445 854 1475 6*
868 1440 928 1484 ipse
931 1441 1010 1482 facit
1033 1447 1105 1483 quta

221 1490 445 1531 facerestatuit.
460 1492 502 1524 Et
515 1491 594 1524 tales
605 1502 707 1533 pravae
719 1493 780 1525 suae
794 1492 971 1525 voluntatis
982 1491 1017 1524 &
1030 1503 1105 1534 ope·

227 1541 363 1574 rationis
374 1541 482 1573 osores
493 1542 642 1574 novimus
654 1542 792 1575 multos.
821 1542 949 1575 Verum
972 1541 1031 1574 ista
1052 1541 1104 1574 de-

227 1588 369 1629 testatio,
381 1590 529 1633 illudque
539 1590 655 1624 odium
671 1602 873 1634 nequaquam
889 1591 1052 1624 sufficiunt
1064 1591 1103 1623 ad

226 1638 480 1674 Contritionem.
508 1641 635 1673 Multam
646 1641 773 1681 interest,
787 1640 895 1684 inquit
911 1641 943 1673 in
963 1639 1052 1674 libris
1063 1638 1104 1674 de

227 1690 383 1723 Sermone
395 1690 535 1725 Domini
553 1691 584 1723 in
599 1701 712 1724 monte
727 1691 875 1724 laudatus
889 1690 1104 1734 Augustinus,

224 1741 309 1781 quali
334 1743 526 1773 Poenitentiae
536 1739 665 1784 ignoscat
686 1745 784 1773 Deus.
812 1741 937 1775 Eorum
950 1764 960 1779 ,
976 1741 1031 1784 qui
1046 1740 1110 1773 sta-·

223 1788 284 1821 tim
297 1790 327 1822 se
342 1789 481 1832 peccaffe
491 1791 643 1831 fatentur,
667 1791 699 1824 &
714 1793 756 1824 ita
769 1790 825 1824 fibi
841 1791 1031 1824 succensent
1059 1799 1096 1822 ut

197 1831 212 1839 '¹
221 1839 370 1881 peccasse
383 1840 413 1872 se
427 1838 637 1873 vehementer
651 1841 776 1874 nollent
792 1865 801 1880 ‚
822 1841 855 1874 δ(
870 1849 978 1873 tamen
991 1851 1102 1883 quam·

222 1888 310 1930 piam
322 1888 505 1932 iniquitatis
520 1890 579 1923 suae
599 1891 804 1924 affeciionem
819 1890 959 1923 retinent
978 1914 988 1929 ‚
1000 1891 1097 1932 poeni-

222 1937 359 1971 tentiam
372 1938 505 1972 damnat
516 1940 707 1983 gravissime,
721 1942 782 1974 esse
793 1940 903 1973 dicens
916 1949 982 1972 non
997 1938 1100 1972 fidelis

223 1986 426 2029 Christiani,
445 1988 497 2023 sed
521 1989 607 2031 Judae
630 1989 803 2032 proditoris
825 2015 832 2021 .
864 1989 965 2036 Qod
997 1990 1099 2031 ipsum

222 2035 280 2070 alii
307 2036 417 2071 Patres
444 2039 615 2072 inculcant
638 2038 908 2082 frequentissime,
933 2049 1033 2082 atque
1059 2050 1099 2071 ex

221 2085 335 2121 eadem
372 2087 484 2132 regula
519 2089 650 2129 requirit
676 2090 773 2122 etiam
802 2088 1003 2121 Tridentina
1042 2090 1098 2131 Sy-

222 2137 351 2177 nodus,
378 2146 413 2171 ut
439 2149 593 2182 germana
622 2138 792 2172 Contritio
821 2149 988 2179 peccatum
1015 2149 1099 2171 mor-

220 2187 286 2219 tale
311 2198 378 2220 non
389 2185 559 2221 dumtaxat
586 2188 704 2226 oderit,
726 2187 778 2221 sed
801 2189 835 2221 &
856 2187 1009 2221 excludat
1030 2199 1097 2220 om-

222 2246 299 2269 nem
317 2236 384 2278 ejus
409 2238 556 2270 affectum
571 2261 579 2268 .

271 2285 361 2319 Dico
384 2286 506 2327 rursus,
529 2285 670 2326 Affec‘lum
679 2292 794 2329 peccati
818 2289 968 2320 mortalis.
995 2287 1095 2330 Quod

221 2334 310 2371 enim
323 2334 460 2370 charitas
474 2336 527 2369 illa
544 2361 554 2376 ‚
578 2348 647 2379 quae
663 2338 766 2371 'nobis
788 2337 953 2372 Christum
980 2339 1094 2371 Domi-

225 2396 306 2418 num
317 2387 410 2428 ponit
423 2387 454 2419 in
468 2386 682 2421 fundamento
695 2412 704 2427 ,
729 2387 868 2430 ideoque
882 2390 913 2422 ὃς
925 2389 964 2422 ad
986 2387 1094 2430 justifi-

223 2435 388 2469 cationem
399 2436 541 2470 omnino
556 2437 684 2478 sufficit,
698 2437 800 2481 ligna,
811 2426 1116 2482 foenum,stiffulas‚1

222 2484 256 2518 id
270 2485 466 2524 est,leviores
477 2496 625 2519 creaturae
637 2498 759 2521 amores
771 2487 805 2520 ὃς
818 2488 858 2520 ad
873 2488 1012 2522 venialia
1028 2500 1097 2531 pec-

224 2545 296 2567 cata·
307 2535 436 2568 affectus
450 2535 507 2568 fibi
521 2537 750 2577 compatiatur,
774 2538 939 2571 manifesta
951 2538 994 2571 est
1010 2537 1095 2580 Apo-

223 2584 343 2617 stoliin
358 2585 517 2628 prioribus
531 2585 569 2618 ad
592 2585 785 2619 Corinthios
810 2587 910 2621 literis
933 2588 1093 2621 doctrina.

221 2634 308 2679 Qis
337 2646 403 2667 non
433 2634 538 2668 solum
554 2634 817 2669 Catechumenus
838 2646 894 2670 aut
914 2637 1094 2678 Poeustens,

222 2684 276 2717 sed
286 2684 318 2717 δε
329 2684 446 2717 ε1εὸὶιις
457 2683 561 2718 fidelis
575 2686 803 2728 semet-ipsum,
818 2687 979 2728 propriam
993 2688 1093 2722 vitam

220 2734 432 2775 autfamam,
453 2745 608 2775 uxorem,
632 2735 718 2769 filios
739 2760 749 2776 ‚
772 2736 974 2777 poffeffiones
1002 2761 1013 2777 ‚
1039 2748 1093 2770 aut

221 2783 323 2830 alium
349 2784 495 2826 quemvis
521 2784 703 2818 humanum
714 2785 802 2819 diem
823 2786 967 2821 adfixiva
980 2787 1093 2826 etiam,

221 2843 294 2876 quae
313 2834 376 2867 fine
396 2834 510 2867 dolore
531 2834 671 2868 frustrari
697 2847 762 2868 non
784 2836 877 2877 poffit
900 2862 910 2878 ,
934 2837 1092 2880 cupidita-

220 2892 253 2917 te
275 2895 341 2916 non
362 2883 499 2928 diligit?
525 2884 597 2918 Nec
611 2885 743 2927 perfecta
756 2884 850 2928 hujus
860 2886 932 2920 vitae
953 2887 1092 2920 charitas

221 2933 315 2975 poffit
326 2945 459 2968 omnem
470 2933 578 2974 istum,
589 2936 697 2968 saltem
712 2935 900 2977 volaticum,
922 2938 1090 2971 adsensum

223 2983 393 3017 excludere
405 3007 416 3024 ‚
438 2984 585 3028 adeoque
597 2987 616 3018 si
632 2996 667 3018 ea
679 2986 821 3019 exclusio
833 2986 870 3020 fit
894 2987 934 3020 de
959 2988 1091 3021 Contri—

224 3031 324 3065 tionis
340 3034 472 3068 essentia
493 3060 503 3075 ‚
540 3045 655 3069 omnes
678 3034 785 3068 adhuc
812 3037 918 3070 sumus
945 3036 978 3070 in
1019 3049 1089 3080 pec·

222 3081 303 3114 catis
314 3083 447 3124 nostris,
471 3085 644 3128 nullusque
658 3096 713 3118 aut
726 3085 808 3119 certe
820 3086 990 3120 rariffimus
1001 3087 1089 3120 adul-

224 3139 276 3163 tus
288 3142 341 3173 per
351 3132 666 3176 Regenerationisac
680 3135 976 3170 Reconciliationis
988 3138 1089 3170 Sacra-

223 3190 334 3214 menta
344 3180 532 3222 iustificatut
546 3209 553 3216 .
582 3185 624 3218 Et
638 3185 716 3218 hinc
740 3187 772 3219 in
801 3186 886 3220 libro
912 3185 953 3220 de
978 3185 1088 3220 decem

50 3225 130 3271 Cap.
150 3236 164 3263 1
178 3238 205 3264 1.
223 3229 356 3264 chordis
381 3232 538 3271 declamat
551 3235 580 3269 S.
594 3235 808 3279 Augustinus:
829 3238 1088 3279 ,Quotidianapec-

220 3289 292 3315 cata
311 3292 368 3313 non
387 3282 500 3323 possunt
521 3295 578 3317 non
601 3284 746 3328 fici-repere
766 3292 798 3318 in
817 3293 950 3319 animam
967 3295 1089 3329 propter

216 3329 416 3374 fragilitatem
436 3330 596 3366 humanam
608 3358 615 3366 .
645 3337 734 3367 Aliud
757 3336 794 3374 est
814 3337 865 3369 ubi
876 3346 971 3370 mutes
984 3339 1091 3376 ,aliud

220 3381 271 3414 ubi
282 3382 381 3413 toleres
395 3387 505 3413 vitam*
527 3383 583 3415 Illa
595 3387 741 3417 mutanda
748 3385 784 3424 est
798 3411 807 3425 ‚
821 3385 850 3427 fi
866 3398 935 3420 eras
949 3386 1085 3427 moecbus,

222 3431 337 3472 noliesse
347 3430 543 3469 moechus,&c.
557 3433 586 3464 A
600 3435 717 3475 quovis
729 3437 858 3469 mortali
871 3437 1088 3480 purgandum,

223 3479 257 3513 in
269 3481 458 3524 quibusdam
472 3482 651 3515 venialibus
662 3486 824 3519 amoribus
835 3498 870 3520 ac
882 3487 1022 3531 peccatis
1043 3487 1086 3522 di·

318 3530 426 3572 Christ.
440 3535 517 3575 Lupi
535 3537 634 3575 Opera
651 3535 730 3566 Tom.
743 3536 800 3567 XI.

49 1420 107 1444 orn
113 1421 130 1442 n
135 1409 162 1446 is

49 1459 174 1504 peccati

50 1517 171 1592 {norta-

68 1569 92 1591 lS
100 1582 109 1589 .

49 1607 92 1642 L·
107 1618 134 1646 1-
144 1620 172 1645 c.

47 2268 131 2303 Non

48 2317 158 2352 omnis

47 2367 171 2412 peccati

50 2416 188 2451 venialis
197 2441 206 2449 .

51 3119 63 3159 ⁸.

915 3580 949 3587 --a

1920 173 2017 219 207

1161 242 1207 277 cit
1228 243 1328 277 vitam
1350 242 1510 286 patienter
1530 242 1734 279 tolerandam
1760 266 1770 284 ,
1794 241 1944 287 istudque
1969 247 2036 279 esse

1163 292 1472 327 notabileinterista
1485 305 1613 335 peccata
1635 293 1828 327 discrimen.
1857 293 1960 326 Porro
1985 305 2038 336 pa-

1163 343 1277 377 tientia
1288 354 1354 378 non
1369 342 1413 378 est
1428 343 1492 375 fine
1502 342 1582 376 odio
1595 345 1628 377 ἀ
1639 343 1764 377 dolore.
1784 344 1824 377 Et
1837 342 1914 376 hinc
1928 343 2038 377 venia-

1164 391 1246 427 libus
1257 393 1322 427 istis
1329 391 1494 427 amoribus
1505 393 1645 427 omnine>
1654 394 1808 427 debemus
1822 392 1903 426 istud
1917 394 2035 436 ipsum,

1163 443 1252 487 quod
1277 442 1506 477 involuntariis
1541 442 1714 475 libidinum
1738 443 1881 477 motibus
1907 454 1965 476 nos
1986 442 2039 476 de-

1165 494 1238 527 bere
1257 494 1368 527 scribit
1391 494 1424 526 in
1446 491 1534 526 libris
1556 492 1597 524 de
1620 492 1785 533 nuptiis&
1809 495 2037 536 concupiscen·
2054 516 2083 549 L

1162 544 1207 577 tia
1220 542 1306 577 idem
1322 542 1548 587 Augustinus:
1570 545 1607 573 Ut
1619 553 1667 574 nec
1678 541 1792 583 ipfifint
1805 545 1880 575 velle
1892 543 2038 581 debemus,
2086 539 2092 547 ⁸

1162 592 1276 634 etiamsi
1294 598 1324 626 in
1344 601 1462 634 corpore
1474 596 1577 624 mortis
1590 590 1681 631 hujus
1708 594 1744 623 id
1761 593 1888 624 obtinere
1910 605 1965 625 non
1976 591 2038 636 pos·
2059 576 2111 602 ¹1⁸

1156 643 1264 685 fimus.
1292 643 1495 676 Motusistos
1507 642 1660 675 debemus
1674 641 1844 681 detestari,
1857 643 1889 675 ὅ(
1910 643 1941 675 in
1966 644 2040 676 illos

1162 693 1301 727 clamare
1335 704 1411 727 curn
1450 692 1637 734 Apostolo:
1657 693 1749 733 ,Quod
1770 693 1816 723 odi
1841 693 1918 724 illud
1932 692 2033 732 facio,

1163 746 1247 787 ,Quis
1259 755 1304 776 me
1314 742 1456 776 liberabit
1469 744 1504 775 de
1518 751 1633 783 corpore
1644 747 1750 773 mortis
1764 741 1851 780 hujus
1866 742 1881 772 ἒ
1898 741 1938 774 Et
1962 740 2041 774 hinc

1165 794 1331 827 Contritio
1343 795 1409 827 esse
1426 791 1565 826 omnino
1576 791 1782 824 deberetiam
1803 792 1844 823 de
1865 791 2043 825 venialibus

1164 844 1302 887 peccatis
1316 843 1349 876 &
1362 844 1400 876 ad
1414 841 1645 876 illa'affefflbus
1654 840 1762 880 dolor,
1772 841 1940 874 detestatio
1953 866 1963 881 ,
1975 841 2043 874 ocli-

1164 904 1218 927 um
1232 894 1306 932 ‚sed
1323 894 1410 936 quod
1424 894 1508 935 ipsos
1521 891 1651 925 excludi
1665 890 1875 924 solummodo
1895 902 1985 933 optet
2009 891 2043 924 &
2059 921 2090 954 G
2153 922 2162 930 ,

1164 944 1337 986 exposcat,
1365 944 1498 976 cunstos
1528 953 1594 975 non
1623 941 1794 975 excludat.
1819 941 1900 974 Item
1918 951 2042 974 eorum·
2094 932 2178 978 mm,

1164 992 1238 1027 dem
1261 993 1413 1026 omnium
1425 992 1644 1026 cavendorum
1660 991 1755 1025 nobis
1767 992 1831 1024 esse
1843 992 1954 1034 nequit
1976 991 2041 1024 effi·
2058 981 2196 1052 pec5²{,¹⁵

1165 1055 1224 1078 cax
1245 1044 1465 1087 propositum,
1495 1042 1547 1075 sed
1571 1041 1760 1074 desiderium
1782 1040 1990 1074 solummodo
2011 1041 2043 1074 &
2058 1032 2151 1103 {ema
2168 1033 2192 1053 ι’

1167 1104 1298 1128 votum.
1331 1095 1372 1127 Et
1398 1092 1476 1125 hinc
1502 1092 1606 1124 Graeci
1630 1091 1718 1130 illis,
1741 1090 1819 1125 dum
1834 1092 1898 1124 sola
1921 1090 2042 1131 subjici·
2062 1082 2118 1128 ,υς
2146 1081 2214 1104 ‘²⁰¹¹

1166 1155 1263 1178 untur
1289 1143 1435 1176 clavibus
1450 1167 1460 1181 ‚
1486 1153 1552 1175 non
1569 1142 1832 1175 sacramentalem
1848 1140 2043 1175 Absolutio-
2059 1132 2207 1203 :Impen‘b

1169 1205 1253 1234 nem,
1266 1194 1316 1227 sed
1331 1194 1431 1227 solam
1445 1191 1708 1225 admonitionem
1720 1190 1926 1234 impendunt:
1940 1190 2042 1237 Quod
2084 1182 2143 1204 ⁰¹¹²
2165 1182 2181 1204 ²
2209 1187 2219 1194 “

1171 1243 1284 1286 nempe
1308 1244 1373 1286 ipsa
1395 1242 1468 1277 aliis
1488 1242 1587 1276 etiam
1603 1252 1710 1284 praeter
1732 1240 1984 1275 Absolutionem
2001 1241 2043 1273 vi-
2059 1221 2193 1254 soxuuo‘

2011 1290 2044 1322 η,
2061 1281 2136 1304 nem
2147 1294 2154 1301 .

2184 474 2221 491 ,tx

2118 527 2145 554 1·
2162 525 2190 549 C.

1169 1295 1193 1327 is
1205 1293 1324 1327 remitti
1339 1293 1504 1326 Dominus
1515 1291 1707 1325 concesserit
1720 1315 1730 1330 ‚
1742 1292 1775 1324 &
1787 1302 1943 1333 concepta
1956 1291 1996 1322 de

1170 1344 1205 1376 lis
1227 1343 1399 1377 Conttitio
1411 1354 1450 1375 ex
1467 1341 1532 1383 jam
1547 1341 1638 1374 dictis
1660 1341 1758 1373 caulis
1779 1341 1975 1383 quandoque
1996 1350 2046 1372 va-

1169 1393 1278 1427 cillet.
1301 1393 1413 1438 Qare
1432 1401 1491 1423 nos
1507 1391 1618 1424 Latini
1640 1389 1828 1423 Sacerdotes
1843 1414 1853 1429 ,
1878 1389 1958 1422 dum
1979 1389 2045 1431 ipsa

1171 1443 1237 1477 sola
1261 1443 1356 1476 nobis
1377 1441 1588 1484 aperiuntur,
1611 1437 1726 1473 sedulo
1751 1450 1884 1483 agamus
1907 1450 1942 1472 ut
1967 1440 2046 1472 adsit

1169 1494 1262 1526 firma
1285 1492 1478 1529 Contritio,
1503 1491 1632 1524 firmum
1660 1489 1725 1531 ipsa
1749 1489 1901 1531 deinceps
1924 1490 2086 1537 vitandi-‚Q
2116 1533 2119 1538 ἱ

1169 1543 1368 1586 propositum
1390 1565 1400 1580 ,
1433 1541 1593 1583 plenaque
1620 1539 1726 1572 cuncti
1749 1539 1788 1572 ad
1823 1540 1888 1582 ipsa
1920 1538 2050 1573 amitus
2067 1531 2189 1562 ’ὤμω

1168 1592 1322 1627 exclufio:
1353 1592 1435 1624 Haec
1458 1590 1547 1624 enim
1560 1589 1675 1623 omnia
1700 1590 1839 1631 spestant
1866 1589 1903 1622 ad
1919 1590 2051 1621 Cancri·
2067 1569 2174 1604 deum
2188 1594 2195 1601 ·

1168 1642 1270 1676 tionis
1291 1642 1484 1680 essentiam,
1513 1640 1652 1682 ideoque
1675 1639 1708 1672 ἀ
1732 1640 1772 1673 ad
1797 1640 1967 1674 essentiam
1981 1638 2053 1674 1>oe-

1169 1692 1348 1727 nitentialis
1369 1690 1587 1726 sacramenti.

1267 1896 1473 1935 Exponuntur
1500 1894 1697 1923 Contritionis
1721 1893 1891 1933 neceffitas,
1918 1893 1951 1926 ὡ·

1453 1947 1580 1974 virtutes
1603 1941 1750 1974 adnexa.

1272 2041 1453 2077 Ndecimus
1473 2040 1612 2075 Martini
1633 2038 1769 2075 Lutheri
1809 2053 1862 2085 per
1900 2043 2048 2076 Leonem
2067 2040 2165 2074 Error

1285 2091 1446 2126 decimum
1478 2092 1678 2125 Pontificem
1693 2091 1869 2126 damnatus
1892 2093 2048 2131 articulus
2066 2087 2203 2122 Martini

1164 2144 1207 2175 est
1233 2141 1286 2175 hic
1301 2154 1310 2183 3
1339 2142 1429 2175 Nullo
1441 2143 1523 2173 modo
1536 2141 1668 2183 confidas
1682 2150 1712 2174 te
1724 2141 1840 2183 absolvi
1850 2150 1974 2183 propter
2001 2153 2048 2175 tu·
2066 2138 2201 2174 Lutheri
2214 2160 2224 2168 .

1163 2204 1213 2223 am
1237 2197 1453 2225 contritionem
1469 2215 1477 2228 ,
1495 2189 1550 2231 [ed
1582 2200 1704 2231 propter
1743 2191 1872 2224 Verbum
1911 2190 2021 2231 Christi
2036 2217 2047 2232 ‚

1164 2239 1541 2287 QUODCUMQJE
1559 2240 1794 2274 SOLVERIS.
1825 2245 1895 2279 Hoc,
1909 2247 2046 2283 inquam,

1161 2291 1270 2332 confise
1282 2316 1291 2331 ,
1311 2289 1510 2331 fisacerdotir
1523 2291 1681 2323 obtinuerit
1696 2289 1919 2332 absolutionem,
1939 2294 1972 2325 (¹2⁶
1988 2303 2048 2325 cre—

1162 2343 1197 2374 de
1202 2341 1326 2382 fortiter
1337 2350 1365 2373 te
1376 2341 1425 2383 effe
1437 2340 1601 2383 absolutum
1612 2366 1619 2377 ,
1648 2342 1680 2373 <tt
1703 2340 1851 2383 absolutus
1871 2343 1942 2374 ὐενέ
1965 2348 2022 2373 eris
2032 2366 2044 2381 ,

1161 2392 1313 2433 quidquid
1330 2390 1364 2428 fit
1387 2393 1423 2422 de
1436 2394 1638 2422 Contritione.
1668 2391 1761 2424 Hinc
1784 2391 1916 2433 quidam
1934 2392 2045 2424 existi-

1162 2453 1252 2474 mant
1274 2440 1363 2484 quod
1377 2442 1416 2474 ad
1430 2439 1643 2474 obtinendam
1668 2449 1873 2480 peccatorum
1886 2440 2044 2474 remiffio-

1162 2503 1234 2525 nem
1245 2491 1369 2535 negarit
1382 2490 1628 2523 Contritionem
1641 2490 1705 2521 esse
1720 2489 1945 2522 necessariam.
1972 2491 2042 2523 Fal-

1161 2542 1278 2574 luntur.
1307 2541 1411 2573 Lucet
1422 2551 1462 2572 ex
1476 2539 1614 2572 articulo
1638 2539 1858 2572 duodecimo:
1880 2541 1974 2581 siper
1987 2540 2042 2572 im·

1158 2591 1279 2632 pofflbile
1291 2589 1429 2632 confefflis
1442 2599 1497 2620 non
1511 2588 1573 2628 esset
1584 2594 1730 2621 contritus
1745 2614 1755 2630 ‚
1779 2586 1808 2629 fi
1816 2599 1917 2622 tamen
1936 2591 2040 2622 credat

1153 2639 1214 2683 sese
1227 2639 1390 2683 absolutum
1405 2665 1413 2678 ‚
1424 2638 1562 2677 verifflme?
1573 2637 1611 2678 est
1633 2637 1780 2681 absolutus
1792 2664 1799 2671 .
1829 2639 1978 2682 Exponit
1991 2651 2039 2673 ar-

1159 2691 1296 2724 ticulum
1309 2691 1372 2731 ipse
1384 2687 1548 2722 Lutherus
1559 2688 1593 2721 in
1607 2688 1785 2733 Apologia.
1801 2692 1888 2729 Dixi,
1911 2691 1971 2722 Per
1982 2695 2036 2722 im-

1154 2740 1293 2782 poffibile.
1322 2737 1490 2782 ,Quiasatir
1501 2736 1591 2779 supra
1602 2739 1715 2771 ditium
1731 2738 1767 2778 est
1776 2738 1933 2780 fidemfine
1960 2744 2033 2772 Con-

1158 2797 1278 2822 trittone
1290 2789 1341 2832 effe
1353 2800 1409 2821 non
1416 2789 1504 2830 posse,
1519 2789 1582 2820 ciam
1593 2789 1699 2832 gratia
1716 2800 1771 2820 noa
1784 2789 1963 2829 infundatur
1970 2788 2033 2829 fine

1157 2850 1266 2883 magna
1276 2839 1442 2878 concufflone
1462 2844 1591 2871 animae.
1620 2840 1702 2871 Volui
1714 2843 1792 2870 enim
1800 2838 1874 2879 fidei
1887 2845 2031 2871 virtutem

1155 2891 1321 2929 declarare,
1342 2894 1481 2930 quoniam
1503 2887 1569 2930 sola
1584 2887 1686 2929 faci-it
1707 2889 1889 2927 remiffionem
1898 2897 2032 2928 peccato-

1153 2952 1235 2972 rum.
1263 2940 1354 2982 ‚Quod
1365 2940 1441 2978 dico,
1462 2950 1497 2970 ne
1506 2945 1571 2980 quis
1584 2949 1629 2970 me
1637 2947 1723 2979 putet
1743 2942 1962 2971 Contritionem
1976 2938 2028 2981 seu

1154 2984 1349 3022 {turbationem
1358 2989 1441 3020 illam
1453 2991 1546 3021 cordis
1560 2994 1592 3019 in
1605 2994 1775 3031 cogitatione
1783 2997 1970 3028 peccatorum
1977 2987 2027 3031 su·

1150 3038 1290 3082 scitatum
1304 3050 1409 3082 negare
1423 3063 1428 3069 .
1454 3038 1521 3071 Volo
1534 3049 1600 3070 eam
1611 3060 1620 3074 ,
1640 3036 1695 3080 sed
1705 3039 1768 3069 dico
1779 3049 1844 3070 eam
1858 3050 1915 3070 non
1927 3047 2028 3080 opera-

1155 3095 1180 3120 ri
1186 3089 1419 3131 justificationem
1427 3086 1475 3129 seu
1496 3086 1677 3125 rem1ffionem
1694 3097 1899 3129 peccatorum.
1922 3090 2027 3121 *Fides

1152 3145 1227 3172 enim
1246 3139 1299 3180 seu
1322 3138 1450 3172 Verbum
1472 3140 1528 3168 Dei
1556 3137 1698 3178 justifiz‘at
1720 3139 1752 3171 (5
1772 3146 1900 3180 purgat.
1944 3139 2028 3171 Ecce

1155 3189 1436 3232 injustificationis
1448 3198 1544 3229 opere
1567 3187 1783 3221 necessitatem
1807 3187 2027 3221 Contritionis

1156 3251 1354 3282 nequaquam
1370 3248 1478 3281 negat,
1491 3235 1543 3268 sed
1560 3237 1659 3270 solam
1673 3236 1905 3271 caussalitatem
1920 3261 1929 3275 ‚
1942 3236 2042 3278 hanc,

1155 3289 1247 3332 plene
1258 3289 1446 3324 adtribuens
1459 3286 1514 3318 soli
1529 3286 1602 3319 fidei
1618 3299 1627 3325 3
1649 3298 1709 3329 qua
1722 3287 1851 3320 Divinae
1863 3310 1872 3324 ,
1896 3298 1949 3328 per
1962 3285 2026 3318 haec

1153 3339 1246 3373 verba
1265 3364 1274 3378 ,
1302 3339 1507 3381 ,Quodcumque
1525 3334 1654 3378 solvens
1669 3360 1679 3375 ,
1700 3339 1788 3370 fastae
1810 3335 2025 3378 promissionis

1154 3388 1244 3429 fidis,
1267 3389 1299 3421 ὅ(
1326 3387 1392 3429 ejus
1419 3386 1530 3429 vigore
1553 3387 1701 3421 crediste
1719 3384 2024 3420 absolutum.Hinc

1151 3440 1183 3473 &
1209 3438 1329 3474 Leonis
1354 3436 1525 3470 Pontificis
1548 3436 1695 3480 diploma
1720 3435 1848 3479 arguit,
1871 3434 1959 3476 quod
1975 3437 2024 3468 do-

1147 3497 1210 3525 ceat
1231 3487 1321 3533 super
1346 3497 1471 3523 arenam
1487 3486 1647 3529 adificare,
1674 3489 1707 3527 et
1718 3484 1836 3526 abjec‘ia
1845 3482 1919 3526 fide,
1930 3483 2023 3527 super

1549 3537 1569 3571 S
1619 3546 1643 3571 2
1930 3538 2005 3567 Con-
