2366 3736
0 3087 2 3090 ’
64 3079 135 3115 Lib.
160 3092 188 3116 1.

620 131 691 163 Da
726 118 1161 165 CONTR1T10NE
1195 129 1259 159 ET
1293 116 1703 162 ATrRrrroNa.

1919 131 2015 176 217

241 201 464 246 sperenaesse
484 201 675 246 potestatem
696 204 724 236 ?‹
751 203 795 237 Et
816 201 896 235 hinc
917 200 995 234 illos
1018 224 1028 240 ‚
1057 203 1113 244 qui
1174 199 1246 243 sunt
1258 201 1387 242 spiritus
1410 203 1484 242 Dei,
1506 200 1556 235 'ad
1575 211 1662 237 verus
1686 198 1900 242 Testamentum
1916 207 2045 242 pertine·

242 254 352 296 postea
374 253 449 296 lapsi
472 253 673 287 declararunt
686 250 828 284 laudatas
842 252 924 284 vires
935 250 993 284 fibi
1019 250 1116 293 stipu-

243 302 386 337 lantibus
396 303 552 343 defuisse,
577 303 709 338 Sanstus
726 300 956 343 Cyprianus&
978 299 1034 334 alii
1061 300 1113 335 Pa·

243 361 309 386 tres
329 354 439 396 paffim
464 354 579 388 dicunt
601 351 678 385 solis
699 350 826 391 verbis,
851 351 884 384 ὅ(
910 362 979 384 non
1003 351 1113 391 fartis,

243 401 393 446 adeoque
404 403 516 441 dolose
525 403 559 436 δι
569 400 768 435 mendaciter
779 401 975 435 renuntiasse
985 426 992 433 .
1024 401 1114 434 Hinc

246 451 327 485 item
352 453 567 488 Godescalcus
587 475 598 490 ,
625 450 806 484 monachus
826 450 1014 484 miserabilis
1036 476 1046 491 ,
1074 453 1115 483 sa-

245 503 418 538 cratissima
447 504 481 537 &
510 499 668 535 verissima
693 501 871 535 Exorcisrni
895 524 906 541 ,
935 499 1115 544 Baptismi,

245 551 460 592 chrismatis,
488 549 721 591 Eucharistiae,
749 553 781 585 δε
804 561 920 585 manus
943 551 1116 593 impositio-

243 601 606 639 nisSacramentaillis‚
634 601 689 643 qui
712 601 782 644 post
803 612 914 635 eorum
943 604 1115 644 perceptio·

245 662 322 684 nem
345 661 498 694 pereunt,
525 650 611 684 dixit
634 650 831 685 frustratorie
851 652 883 684 ὅ(
898 650 1115 694 perfunctorie

245 700 340 734 fuifle
358 699 434 735 data
455 725 466 741 ,
493 701 639 744 ipsosque
671 712 724 744 per
746 701 800 734 illa
824 712 882 735 nec
906 700 1115 742 justificatos,

240 759 303 783 nec
315 751 515 795 redemptos,
543 751 591 784 lta
603 762 676 784 eum
691 750 857 785 adseruiffe
881 751 988 784 scribit
1010 751 1042 783 in
1068 751 1114 783 lit·

239 796 314 832 teris
328 811 382 843 per
394 801 551 844 Iacobum
565 802 775 834 Sirmondum
791 800 962 844 publicatis
982 802 1115 835 Sanctus

237 849 366 884 Amulo
379 849 674 894 Archi-Episcopus
694 851 936 895 Lugdunensis-
966 850 1008 884 Et
1031 849 1114 894 apud

172 912 174 914 ’
237 898 391 935 sanetum
413 900 638 946 Augustinum
665 902 853 943 incognitus
868 925 877 940 ,
913 900 1052 934 vetustus
1074 910 1113 934 ta·

236 959 311 982 men
332 975 342 991 ,
381 951 423 984 de
442 949 634 985 salutaribus
663 950 870 983 documentis
893 949 965 983 libri
993 951 1116 983 Auc‘ior

236 999 365 1034 scribit:
393 998 558 1039 Charitas,
584 1010 651 1041 quae
663 998 758 1043 defi-rt
776 1000 889 1042 potest,
917 1012 973 1032 non
987 1000 1053 1041 fuit
1067 1012 1115 1033 ve-

234 1060 291 1080 ra.
318 1047 466 1091 Exponit
487 1049 522 1082 in
544 1049 662 1083 litteris
684 1049 723 1083 ad
744 1049 928 1084 Henricum
950 1051 1115 1084 Senonen-

234 1097 301 1131 sem
325 1097 642 1142 Archi-Episcopum
671 1100 803 1134 Sanetus
831 1101 1036 1134 Bernartius:
1065 1100 1111 1134 di-

235 1146 406 1192 stinguens
416 1148 516 1183 fidem
527 1159 690 1183 mortuam
705 1174 716 1190 ,
741 1152 797 1184 seu
821 1151 1021 1184 vivificantis
1033 1150 1115 1185 dile-

236 1197 354 1231 trionis
363 1199 474 1234 anima
485 1198 598 1234 orbam
612 1212 620 1241 3
634 1199 813 1243 probatam,
826 1202 878 1235 seu
891 1202 924 1234 in
936 1202 1033 1235 bonis
1043 1212 1114 1243 ope-

233 1246 322 1280 ribus
342 1248 485 1284 finaliter
506 1250 759 1292 perseverantem
774 1275 784 1290 ,
810 1251 843 1284 δε
869 1252 976 1285 sistam
991 1251 1031 1285 de
1052 1261 1115 1294 qua

234 1298 339 1340 pergit
358 1298 500 1331 rFiHam
511 1310 559 1342 ego
570 1299 699 1332 arbitror
712 1302 795 1333 illam
807 1308 908 1334 vocar}
916 1301 1009 1344 fidem
1025 1326 1034 1340 ,
1049 1311 1115 1342 quae

235 1344 374 1390 suscepta
399 1350 517 1391 quidem
525 1360 562 1382 ex
572 1349 723 1383 charitate
735 1359 845 1385 moveri
869 1356 937 1384 vita
955 1356 1061 1392 incipit
1074 1351 1119 1382 ad

72 1383 149 1437 ΕΡχ
166 1393 435 1438 42·operandum,
458 1398 516 1440 sed
536 1411 592 1431 non
611 1398 812 1441 perseverans
828 1401 926 1441 deficit
947 1411 980 1432 ac
992 1406 1116 1432 moritur

234 1455 390 1488 tamquam
400 1447 558 1481 abortiva.
588 1451 635 1479 Eo
646 1454 747 1490 utique
763 1448 853 1492 sensu
872 1450 974 1491 fillum
987 1451 1116 1483 dixerim

235 1502 441 1536 nominatam,
467 1509 522 1539 quo
544 1496 621 1538 vasa
638 1498 725 1539 figuli
739 1510 877 1531 vocamus
902 1498 1033 1541 fic‘lt'ria,
1060 1511 1116 1532 non

233 1551 305 1587 qula
317 1548 405 1579 utilia
416 1558 472 1579 non
478 1546 538 1586 fint
558 1550 700 1588 quamdiu
714 1549 826 1581 durant
838 1573 848 1588 ,
871 1547 930 1591 sed
940 1555 1012 1590 quia
1016 1549 1113 1592 fragi-

232 1596 276 1628 lia
283 1595 431 1637 camst‘nt,
459 1597 509 1628 diu
521 1596 641 1630 minim?
652 1598 766 1631 durant
777 1621 784 1630 .
814 1602 860 1632 De
872 1597 1004 1640 bat-fidei
1025 1599 1117 1641 fifflo-

234 1646 428 1687 neputoillos
447 1655 564 1686 notari,
593 1654 644 1688 qui
655 1650 698 1678 ad
721 1655 839 1690 tempus
862 1649 985 1682 credunt
1001 1675 1011 1689 ‚
1039 1651 1117 1684 &in

234 1704 361 1736 tempore
385 1703 563 1729 tentatum]
595 1699 734 1730 recedunt
758 1723 765 1729 .
795 1697 845 1731 Ex
871 1697 935 1732 hoc
954 1699 1118 1743 principio

232 1745 341 1779 scribit
353 1747 386 1778 in
401 1745 681 1789 praescriptionum
697 1748 780 1782 libro
795 1747 1042 1782 Tertullianus:
1057 1755 1117 1783 Ne·

232 1806 278 1827 mo
289 1794 478 1834 Christianus
491 1819 502 1836 ,
532 1795 587 1837 nisi
594 1803 645 1838 qui
655 1797 794 1838 adfinem
805 1797 892 1841 usque
901 1797 1113 1840 perseverave-

234 1850 277 1877 ηε
289 1868 296 1876 .
325 1845 463 1888 Fragilis
483 1856 563 1890 ergo
575 1870 584 1886 ,
614 1848 689 1880 licet
701 1847 825 1881 adfectu
839 1849 879 1881 ad
901 1859 1035 1882 omnem
1051 1848 1114 1883 Dei

235 1893 341 1937 legem
364 1903 533 1938 prompta,
564 1896 630 1930 sine
655 1896 776 1931 viribus
799 1899 832 1931 ὅ(
847 1896 963 1931 robore
982 1896 1118 1934 charitas

234 1943 278 1976 est
293 1943 390 1977 etiam
404 1945 476 1978 fieta
489 1969 499 1984 ,
526 1945 559 1978 δε
573 1957 742 1988 nunquam
765 1949 893 1980 videtur
915 1948 1005 1982 fuisse
1021 1960 1092 1984 vera
1106 1974 1116 1990 ,

235 1991 323 2027 idest
340 2016 350 2032 ,
378 1994 540 2028 sufficiens
564 1995 602 2028 ad
626 1997 774 2029 effestum
798 1998 1015 2031 sacramenti.

3 1074 6 1081 ,
61 1046 135 1080 cap.
162 1047 197 1083 7.

69 1769 140 1803 cap.
160 1765 194 1804 3.

67 2031 195 2067 Sufficit

69 2083 188 2125 quaevis
237 2092 390 2126 Sanflum
406 2091 539 2127 Petrum
563 2094 761 2136 Apostolum
775 2121 785 2135 ‚
814 2097 894 2130 dum
907 2109 982 2131 cum
996 2099 1117 2133 Domi-

70 2131 148 2165 licet
176 2132 221 2165 s0·
239 2154 283 2175 no
296 2143 327 2175 in
340 2153 498 2177 carcerem
510 2145 542 2177 ὃς
555 2155 694 2177 mortem
721 2146 765 2178 ire
788 2145 1001 2188 spondebat,·
1013 2150 1045 2182 δε
1069 2160 1117 2191 pe-

49 2224 51 2227 ,
66 2181 104 2215 ῙΟ
137 2181 224 2218 adse·
240 2191 295 2225 des
307 2192 434 2226 ablutus
448 2192 685 2227 Eucharistiam
710 2193 727 2227 a
740 2195 890 2230 Domino
921 2208 1119 2240 perceperat,

67 2231 121 2264 stu
135 2254 146 2270 2
158 2231 223 2265 Dei
241 2241 313 2284 quis
324 2241 452 2276 dubitet
464 2242 556 2275 fuiffe
568 2242 601 2275 in
616 2254 684 2278 vera
698 2244 856 2279 charitate
868 2270 878 2286 ,
903 2245 935 2278 ὅ(
949 2246 1014 2289 ejus
1026 2248 1122 2281 virtu?

240 2291 319 2324 rein
337 2290 726 2334 Baptismojuslificasum
742 2296 754 2327 ?
779 2294 880 2342 Qod
906 2306 1015 2330 tamen
1026 2298 1122 2343 fragi-

70 2281 163 2323 super

68 2339 182 2385 0¹1¹ssss
242 2339 306 2380 lis,
333 2351 450 2383 parva,
478 2342 631 2382 infirma,
657 2344 690 2377 &
711 2343 782 2378 solo
804 2346 950 2386 adfectu,
983 2359 1050 2381 non
1063 2359 1117 2382 ro·-

73 2377 223 2425 Ch²¹¹t²,⁵›
241 2389 361 2424 bore&
377 2391 501 2424 viribus
512 2393 604 2435 super
615 2394 726 2427 omnia
742 2393 839 2428 fuerit
857 2420 866 2435 ,
894 2398 982 2438 supra
996 2396 1118 2431 audivi·

240 2450 312 2473 mus
335 2442 351 2473 a
370 2442 486 2475 Sansto
498 2441 688 2486 Augustino
702 2469 712 2484 ,
739 2444 953 2488 adfirmatque
966 2447 1030 2489 ipse
1049 2448 1117 2482 Do-

241 2488 369 2531 minus;
396 2492 524 2531 spititus
535 2494 653 2533 quidem
661 2502 816 2535 promptus
829 2495 877 2536 est,
890 2507 956 2528 caro
966 2504 1116 2531 autemin-

237 2537 348 2580 firma.
378 2538 690 2575 Eideminfirmitati
715 2555 829 2577 omnes
851 2547 953 2588 usque
973 2547 1011 2580 ad
1026 2559 1114 2582 acce·

242 2598 334 2630 ptum
357 2588 390 2622 in
404 2589 596 2624 Pentecoste
611 2592 765 2632 Spiritum
782 2594 934 2628 Sanctum
947 2597 1040 2630 fuiffe
1050 2597 1115 2630 sub—

240 2637 337 2679 jectos
348 2638 540 2680 Apostolos,
566 2640 819 2676 constantiffime
831 2644 979 2678 laudatus
1002 2645 1114 2692 Augu-

1175 250 1248 283 bunt
1268 275 1275 281 .
1301 253 1333 283 51
1353 258 1454 283 autem
1472 252 1632 293 proficiunt
1656 277 1667 293 ,
1693 255 1727 285 Θ·
1747 260 1905 292 antequam
1925 257 2045 292 capiant

1175 299 1237 343 ipso
1257 299 1391 343 profedlu
1421 302 1454 333 Θ
1476 303 1578 344 accessu
1599 305 1643 335 ad
1662 313 1771 335 novum
1790 307 1942 342 pertinent
1962 325 1972 340 ‚
1998 298 2049 340 etlt‘

1171 351 1278 392 priris,
1303 361 1392 392 quam
1411 348 1584 392 spirituales
1600 353 1698 394 fiant,
1725 363 1764 385 ex
1774 351 1829 384 bac
1848 356 2048 392 vitarapt'un-

1175 409 1225 433 tur
1238 424 1248 440 ,
1274 400 1403 439 custoditi·
1420 410 1476 441 per
1500 403 1681 434 sacramenti
1699 401 1893 444 sanHitatem
1913 406 1950 442 in*
1964 410 2046 433 terra

1174 457 1342 483 viventium
1351 458 1577 491 computantur,
1604 451 1653 483 uln'
1673 452 1709 490 est
1727 450 1796 493 spes
1810 451 1905 491 nostra
1927 452 1961 484 (5
1977 459 2048 491 por·

1175 506 1217 533 tio
1240 504 1400 532 Dominus.
1430 505 1496 532 Nec
1521 506 1660 541 invenio,
1686 504 1761 542 quid
1780 506 1881 534 verius
1904 502 2048 544 intelliga-

1161 556 1267 594 mur-ln
1277 561 1306 582 eo
1320 574 1329 588 ,
1356 548 1579 591 quodsiriptum
1599 551 1636 590 est
1649 576 1657 589 ‚
1685 551 2048 585 IMPERFECTUM

1161 599 1333 633 ³MEUM
1363 599 1630 633 VIDERUNT
1657 601 1811 635 OCULl
1838 600 1954 639 TUI,
1984 599 2050 632 ET

1178 650 1227 683 IN
1242 649 1384 685 LIBRO
1407 649 1519 685 TUO
1542 649 1706 684 OMNES
1717 649 2050 683 SCRIBENTUR.

1161 700 1290 748 ¹'Solum
1314 701 1504 743 proficiendi
1528 699 1669 733 studium
1700 702 1733 733 &
1760 711 1944 742 promptum
1967 699 2051 732 adfe-

1162 749 1264 785 istum
1289 750 1444 793 requirit,
1473 761 1540 783 non
1564 749 1660 783 robur
1681 760 1735 782 aut
1760 750 1915 782 actualem
1942 749 2051 790 profe-

1162 788 1261 833 ictum
1283 825 1289 832 .
1330 800 1416 833 Istud
1444 799 1517 833 vero
1548 799 1737 842 proficiendi
1761 800 1901 832 studium
1925 799 1958 832 ὃς
1979 798 2051 832 cha·
2201 836 2209 843 „

1161 829 1281 883 iritatis
1312 848 1470 883 adfectum
1494 851 1556 883 esse
1592 848 1800 892 Baptizandis
1832 861 1868 882 ac
1891 835 2224 891 Reconci-Efflmnl'

1162 886 1295 934 ²lianclis
1319 899 1446 942 penitus
1458 901 1665 933 necessatium
1688 900 1824 933 affirmat
1852 899 2050 942 palam&in
2069 897 2112 943 ¹{0
2124 897 2224 928 seqffl'

1178 948 1243 983 hoc
1263 950 1332 992 ipso
1358 950 1434 983 loco
1454 975 1463 989 ,
1499 951 1532 983 <Sc
1562 951 1594 982 in
1617 949 1687 983 aliis
1711 949 1847 982 infinitis
1869 973 1875 980 .
1906 948 2053 982 Eandem
2069 947 2167 971 ‘¹¹³¹'-

1178 1000 1301 1040 senper
1322 999 1415 1032 fuisse
1448 1001 1636 1033 universalis
1668 999 1814 1032 Ecclesiae
1849 999 2055 1033 immobilem

1178 1049 1276 1083 fidem
1301 1049 1434 1082 edicunt
1457 1061 1493 1083 ac
1505 1050 1663 1083 evincunt
1687 1049 1898 1091 Baptismales
1922 1050 2058 1083 Renun-

1179 1099 1332 1134 tiationes
1353 1122 1362 1136 ‚
1388 1110 1465 1143 quas
1488 1111 1528 1133 ex
1552 1100 1639 1134 casto
1662 1099 1695 1132 in
1734 1100 1844 1132 Deum
1867 1100 1902 1133 &
1923 1099 1991 1142 ejus
2016 1099 2058 1132 le-

1178 1161 1253 1194 gem
1277 1150 1401 1183 adfectu
1423 1160 1596 1192 oportere,
1622 1161 1659 1183 ac
1679 1150 1801 1192 semper
1821 1151 1995 1191 oportuisse
2007 1150 2060 1182 fie-

1180 1202 1227 1241 ri,
1254 1210 1351 1232 nemo
1376 1198 1583 1233 Christianus
1610 1201 1687 1233 ausit
1704 1199 1755 1233 vel
1777 1199 1962 1243 ambigere,
1990 1200 2060 1234 lon·

1178 1249 1219 1295 ge
1240 1249 1349 1282 minus
1377 1249 1538 1283 inficiari.
1565 1250 1607 1283 Et
1636 1248 1716 1283 hinc
1739 1248 1781 1283 de
1804 1249 2060 1284 Cathecumenis

1179 1299 1259 1334 dicit
1293 1300 1485 1332 sacrosancta
1519 1299 1673 1341 synodus
1693 1298 1925 1332 Tridentina:
1964 1302 2062 1331 Deum

1178 1357 1332 1391 tamquam
1345 1354 1438 1381 omnis
1463 1348 1588 1388 Justitiae
1599 1349 1718 1390 sontem
1752 1346 1874 1390 diligere
1894 1353 2038 1390 inclplunt
2050 1373 2061 1388 ,

1179 1411 1212 1432 ac
1230 1407 1390 1441 propterea
1413 1408 1573 1430 movemur
1594 1398 1739 1430 adversas
1769 1405 1892 1439 peccata
1912 1422 1924 1438 ‚
1950 1400 2064 1441 utique

1181 1450 1293 1483 omnia
1309 1472 1319 1488 ,
1342 1456 1398 1490 per
1410 1449 1507 1481 odium
1518 1449 1684 1490 aliquod&
1696 1447 1937 1487 detestationem.
1965 1448 2064 1481 Hanc

1181 1500 1261 1533 dicit
1275 1500 1337 1532 esse
1360 1498 1612 1541 poe'nitentiatn,
1640 1508 1739 1542 quam
1762 1507 1836 1532 ante
1858 1498 2065 1541 Baptismum

1180 1559 1309 1593 oportet
1319 1548 1392 1593 agi.

1231 1598 1337 1632 Sansti
1352 1597 1488 1641 Joannis
1500 1597 1734 1642 chrysostomi
1746 1600 1779 1631 in
1805 1599 1987 1642 oppositam
2001 1611 2067 1643 par·
2082 1591 2214 1624 sanstus

1183 1660 1250 1684 tem
1278 1647 1415 1682 addusta
1442 1648 1631 1683 testimonia
1658 1649 1834 1682 continent
1872 1650 2066 1691 confilium,
2083 1641 2226 1683 JOasfflssS

1184 1711 1251 1733 non
1274 1709 1466 1742 praeceptum
1493 1724 1499 1730 .
1530 1699 1695 1740 Loquitur
1715 1709 1756 1731 ex
1788 1699 1854 1732 illis
1877 1701 2065 1743 principiis,
2082 1690 2231 1733 Chrys&

1182 1762 1222 1783 ex
1249 1748 1367 1793 quibus
1390 1749 1598 1791 parvulorum
1620 1749 1653 1781 ὅ(
1674 1748 1880 1782 Clinicorum
1902 1748 2064 1792 Baptisma
2082 1741 2206 1775 st0ffli¹⁸

1165 1810 1251 1832 <non
1277 1797 1368 1840 plene
1392 1797 1561 1840 probavit,
1589 1798 1677 1842 quod
1700 1796 1798 1831 ambo
1826 1799 1935 1841 paffim
1958 1798 2064 1842 tepide
2081 1792 2215 1834 ΕΧΡΟΠῙ·

1183 1848 1325 1881 viverent
1349 1846 1522 1892 postmodo
1533 1872 1543 1887 ,
1570 1847 1630 1881 &a
1644 1858 1788 1891 percepta
1803 1850 1905 1892 gratia
1920 1850 2067 1893 frequen·
2082 1852 2154 1876 tur.

1165 1908 1231 1935 ¹ter
1252 1897 1454 1935 laberentur,
1482 1898 1596 1940 utique
1618 1898 1662 1931 ob
1678 1909 1744 1930 non
1769 1900 1888 1941 perasta
1903 1893 2066 1935 Catechu-

1183 1958 1331 1983 menalus
1342 1948 1515 1986 exercitia,
1543 1958 1800 1991 praeccptumque
1822 1949 2067 1984 Sacramentum

1166 2007 1260 2043 sante
1279 1998 1464 2032 roboratam
1486 2008 1523 2030 ac
1542 1996 1646 2031 valide
1666 1998 1841 2031 radicatam
1865 2000 1927 2033 Dei
1956 2011 1991 2033 ac
2006 2002 2066 2034 Di..

287 2042 489 2086 Respondeo
502 2054 610 2078 tamen
637 2047 778 2079 omnino
799 2047 956 2080 sufficere.
987 2048 1117 2082 Etenim
1165 2044 1265 2096 {vinae
1287 2049 1365 2093 legis
1397 2046 1633 2080 dilectionem.
1674 2048 1716 2080 Et
1751 2047 1883 2090 quidem
1915 2050 2067 2084 Clinicos

1166 2098 1298 2139 {eodem
1332 2110 1372 2131 ex
1404 2097 1620 2131 fundamento
1652 2097 1809 2140 suspectos
1831 2099 1914 2132 olim
1940 2099 2066 2134 habuit

1184 2148 1292 2181 omnis
1314 2148 1371 2181 sub
1390 2148 1475 2180 coelo
1500 2148 1637 2181 Ecclesia
1663 2172 1673 2188 ,
1711 2147 1853 2190 ideoque
1881 2150 2067 2194 irregulares

1183 2197 1308 2231 censuit
1331 2221 1341 2236 ,
1367 2198 1398 2230 ὅ(
1418 2197 1522 2229 arcuit
1543 2196 1560 2229 ὲ
1584 2196 1686 2230 Clero
1712 2222 1719 2228 .
1760 2197 1942 2232 Eveniebat
1976 2200 2066 2232 enim

1184 2247 1294 2291 painm
1319 2247 1415 2290 ipsis,
1442 2245 1531 2290 quod
1557 2247 1688 2281 evenire
1709 2245 1810 2280 hodie
1831 2247 1978 2282 videmus
2000 2246 2066 2282 illis

1183 2297 1355 2332 monachis
1376 2321 1387 2337 ,
1414 2296 1606 2338 quibuscum
1637 2297 1841 2339 dispensatur
1863 2297 1895 2330 in
1920 2308 2066 2342 tempore

1182 2359 1238 2382 aut
1261 2347 1369 2391 rigore
1392 2346 1588 2380 Novitiatus
1608 2370 1614 2378 .
1658 2347 1725 2380 Eos
1747 2356 1856 2381 tamen
1878 2348 1972 2382 fuisse
1990 2373 2000 2388 ,
2029 2350 2067 2382 li·

1182 2408 1235 2432 cet
1255 2407 1331 2431 cum
1354 2397 1482 2430 infirma
1507 2397 1540 2431 ἀ
1561 2395 1670 2440 quoad
1695 2396 1801 2430 solum
1830 2396 1992 2431 adfectum
2016 2399 2065 2432 su-

1183 2460 1238 2492 per
1258 2447 1371 2481 omnia
1396 2446 1554 2480 charitate
1576 2470 1587 2485 ,
1624 2446 1784 2479 fruetuose
1816 2446 2006 2489 Baptizatos
2025 2460 2063 2481 ac

1185 2497 1454 2536 Reconciliatos‚
1480 2495 1684 2538 donatosquc
1711 2495 1809 2538 pleno
1834 2497 2001 2540 utriusque
2012 2498 2065 2532 Sa-

1182 2547 1336 2582 cramenti
1358 2545 1467 2580 effediu
1482 2569 1491 2584 ,
1518 2545 1623 2588 palam
1636 2545 1785 2589 agnoscit
1799 2546 1946 2580 laudatus
1958 2546 2062 2591 Chry·

1179 2600 1342 2633 sostomus
1366 2621 1376 2636 ,
1415 2595 1528 2628 multis
1549 2594 1693 2628 ostendit
1726 2596 1759 2628 in
1784 2596 1900 2630 litteris
1922 2597 1961 2630 ad
1986 2599 2060 2633 Ma·

1162 2659 1283 2696 ¹gnurn
1308 2646 1505 2689 Episcopum
1520 2645 1653 2678 Sanetus
1674 2644 1883 2687 Cyprianus,
1910 2648 2062 2682 credidit-

239 2687 341 2721 stinus
363 2689 479 2729 tradit,
506 2689 539 2722 &
568 2690 657 2725 vario
668 2691 868 2727 documento
892 2695 985 2737 possit
1009 2696 1116 2731 lucide
1179 2711 1242 2743 que
1256 2699 1375 2740 semper
1389 2695 1530 2728 Ecclesia
1543 2693 1942 2729 universa-Memoratum
1955 2697 2060 2740 Chry-

237 2737 387 2774 ostendi.
414 2739 495 2773 Non
507 2740 582 2773 solis
594 2752 707 2774 aurum
720 2766 730 2782 ,
756 2754 928 2786 argentum
939 2769 949 2784 ,
977 2757 1014 2779 ac
1038 2747 1113 2790 lapi-

235 2786 291 2821 des
303 2789 480 2830 pretiosos,
509 2790 722 2835 sed&ligna,
749 2793 895 2835 foenum,
923 2795 1053 2838 stipulas
1067 2798 1115 2830 su·

240 2837 531 2880 peraedificantibus
543 2864 551 2879 ‚
578 2842 735 2884 variaeque
746 2842 853 2877 adhuc
866 2844 1027 2879 infirmam
1040 2845 1114 2880 cha-

240 2887 367 2921 ritatem
396 2886 588 2924 habentibus
603 2914 612 2929 ‚
642 2891 807 2925 Christum
841 2895 1024 2929 Dominum
1051 2898 1113 2930 esse

242 2938 490 2972 fundamentum
504 2964 514 2979 ,
542 2940 573 2972 id
587 2939 630 2973 est
643 2965 653 2981 ,
679 2941 801 2983 justitiae
814 2944 845 2977 ὃ(
859 2945 1059 2987 sempiternae
1072 2948 1111 2979 vi·

239 2996 278 3019 tae
290 2998 343 3029 per
355 2989 560 3022 Sacramenta
584 2991 637 3023 sua
651 2992 886 3034 impartitorem
901 3019 910 3033 ,
941 2995 1048 3029 scribit
1072 2998 1111 3030 ad

235 3035 427 3072 Corinthios
438 3038 617 3082 Apostolus
630 3040 803 3076 Paulus.Et
815 3044 940 3088 Regius
951 3045 1112 3088 Propheta

234 3096 342 3119 cantat
359 3100 365 3118 :
398 3089 603 3130 Imperfedlum
615 3102 709 3123 meum
723 3093 863 3126 viderunt
875 3096 947 3126 oculi
969 3101 1014 3128 tui
1036 3098 1068 3129 Za·
1080 3103 1112 3128 in

235 3135 307 3167 libro
319 3144 367 3168 tuo
378 3138 645 3181 omnesscribcntur
657 3166 663 3172 .
693 3140 842 3185 Exponit
855 3144 888 3177 in
903 3144 992 3178 libris
1002 3145 1042 3179 de
1054 3147 1112 3180 Ba-

237 3185 357 3228 ptismo
370 3186 515 3223 laudatus
529 3190 752 3234 Augustinus:
780 3195 860 3226 sicut
872 3201 904 3226 in
914 3196 1111 3229 sacramentis

234 3240 347 3268 veteris
364 3236 539 3274 Testamenti
562 3241 711 3274 vivebant
732 3244 857 3283 quidam
865 3242 1041 3286 spiritales,
1070 3249 1114 3278 ad

63 3139 127 3180 cap.
157 3139 170 3165 1
179 3142 209 3179 5.

1181 2747 1314 2782 sostomi
1336 2745 1507 2780 consilium
1531 2744 1663 2788 quidam
1678 2743 1777 2778 hodie
1801 2745 2057 2781 Poenitentiales

1179 2796 1361 2839 Presbyteri
1387 2794 1574 2828 aemulantes
1594 2818 1604 2834 ‚
1630 2794 1768 2838 grandes
1795 2806 1979 2838 peccatores
2001 2797 2056 2831 fibi

1177 2848 1338 2882 confessos
1355 2845 1394 2878 ad
1417 2844 1734 2884 Reconciliationis,
1762 2855 1798 2877 ac
1820 2857 1838 2887 p
1883 2847 1990 2880 sertim
2016 2848 2056 2882 ad

1158 2894 1533 2942 §Eucharissiaegratiam
1554 2906 1619 2927 non
1646 2893 1752 2927 statim
1775 2894 1976 2936 admittunt,
2004 2897 2056 2931 sed

1160 2944 1163 2979 Υ
1177 2949 1262 2992 prius
1276 2947 1309 2980 in
1324 2946 1452 2980 meliori
1466 2945 1530 2977 vita
1543 2944 1708 2983 roborari,
1734 2944 1750 2975 a
1763 2944 1936 2988 semetipsis
1947 2946 1980 2979 in
1995 2947 2056 2982 isso

1159 2996 1291 3038 ssrobore
1303 2995 1451 3040 probari,
1476 2995 1507 3027 δε
1529 3002 1608 3026 tunc
1631 2993 1670 3025 ad
1692 2994 1762 3027 suas
1773 3005 1864 3028 aures
1884 2996 1917 3029 &
1939 3007 2055 3031 manus

1160 3044 1290 3089 'reverti
1310 3046 1442 3090 jubent.
1470 3044 1553 3089 Qae
1572 3042 1742 3086 disciplina
1762 3044 1806 3077 est
1819 3046 1961 3079 omnino
1983 3059 2055 3090 pro-

1159 3097 1280 3138 {banda
1304 3110 1311 3129 ε
1338 3095 1432 3139 Opus
1457 3104 1564 3128 tamen
1587 3094 1729 3127 omnino
1749 3094 1794 3128 est
1819 3095 1917 3129 etiam
1939 3097 2052 3140 spiritu

1159 3139 1162 3172 ἶ
1175 3147 1377 3181 discretionis
1389 3171 1396 3178 .

1226 3197 1267 3231 Et
1282 3197 1322 3231 ab
1335 3196 1398 3230 hoc
1411 3192 1545 3228 consilio
1557 3194 1590 3228 &
1605 3195 1694 3227 sensu
1709 3217 1719 3234 ,
1747 3194 1849 3239 longe
1873 3195 1978 3229 abfuit
1992 3196 2051 3229 mi·
2092 3197 2135 3231 Et
2156 3199 2224 3232 Go-

1159 3248 1322 3282 ¹ferabilis
1344 3243 1526 3280 monachus
1561 3244 1780 3278 Godescalcus
1804 3269 1814 3285 ,
1863 3246 2050 3288 redargutus
2067 3246 2185 3282 descal-

239 3296 348 3318 novum
354 3282 462 3326 scilicet
473 3288 692 3330 testamentum,
721 3293 874 3333 quodtunc
897 3296 1110 3336 occultabatur,
1158 3294 1315 3343 Tgraviter
1334 3295 1351 3329 ὲ
1375 3292 1505 3329 laudato
1538 3291 1708 3328 Amulone
1730 3293 1834 3329 Archi
1855 3312 1867 3321 ·
1887 3294 2050 3338 Episcopo
2067 3308 2123 3332 cus
2136 3323 2143 3331 .

233 3335 547 3380 occulte-pertinentem
565 3338 606 3379 fic
625 3342 658 3373 (ν
675 3351 753 3375 nunc
777 3349 809 3375 in
831 3346 1020 3378 sacramento
1041 3353 1110 3379 novi
1158 3384 1159 3391 ἵ
1177 3346 1403 3392 Lugdunensi.
1443 3342 1650 3388 Redargutus
1672 3345 1735 3377 fuit
1748 3345 1881 3378 delirare
1901 3355 1974 3377 cum
1993 3344 2053 3379 im-

235 3384 425 3425 Testamenti,
452 3388 531 3427 quod
533 3390 604 3427 jam
616 3392 782 3424 revelatum
793 3394 831 3432 est
839 3396 972 3437 plerique
998 3400 1110 3429 vivunt
1159 3398 1161 3407 '
1175 3409 1255 3441 puro
1276 3396 1476 3440 Joviniano,
1503 3393 1651 3428 adversus
1675 3405 1771 3435 quem
1795 3393 1898 3427 scribit
1925 3394 2057 3429 Sandius

234 3435 402 3468 animales·
433 3437 497 3478 ,Qui
503 3437 676 3479 proficerefi
682 3443 785 3474 nolunt
795 3444 838 3475 ad
842 3447 1031 3487 percipienda
1044 3444 1128 3489 quae'
1145 3427 1161 3489 l
1175 3448 1405 3490 Hieronymus
1429 3457 1440 3477 .-
1475 3444 1611 3478 secunda
1643 3447 1672 3489 J
1678 3448 1814 3477 oviniam
1829 3442 1982 3485 propofitio
1999 3444 2054 3486 est,

332 3482 437 3527 Christ.
450 3489 527 3530 Lupi
539 3491 638 3530 Opera
649 3491 726 3522 Tom.
738 3492 769 3522 X
771 3496 794 3524 1.

1712 3493 1749 3526 T

1947 3506 1989 3537 3⁹4
2001 3519 2012 3537 ›
