<?xml version="1.0" encoding="UTF-8"?>
<!DOCTYPE html PUBLIC "-//W3C//DTD XHTML 1.0 Transitional//EN"
    "http://www.w3.org/TR/xhtml1/DTD/xhtml1-transitional.dtd">
<html xmlns="http://www.w3.org/1999/xhtml" xml:lang="en" lang="en">
 <head>
  <title>
</title>
<meta http-equiv="Content-Type" content="text/html;charset=utf-8" />
  <meta name='ocr-system' content='tesseract 3.04.00' />
  <meta name='ocr-capabilities' content='ocr_page ocr_carea ocr_par ocr_line ocrx_word'/>
</head>
<body>
  <div class='ocr_page' id='page_1' title='image "./operaomniastudio11lupuuoft_0150.png"; bbox 0 0 2366 3736; ppageno 0'>
   <div class='ocr_carea' id='block_1_1' title="bbox 172 478 327 530">
    <p class='ocr_par' dir='ltr' id='par_1_1' title="bbox 172 478 327 530">
     <span class='ocr_line' id='line_1_1' title="bbox 172 478 327 530; baseline 0.013 -15"><span class='ocrx_word' id='word_1_1' title='bbox 172 478 327 530; x_wconf 77' lang='lat' dir='ltr'>Fol.298.</span> 
     </span>
    </p>
   </div>
   <div class='ocr_carea' id='block_1_2' title="bbox 150 1900 709 1948">
    <p class='ocr_par' dir='ltr' id='par_1_2' title="bbox 150 1900 709 1948">
     <span class='ocr_line' id='line_1_2' title="bbox 150 1900 709 1948; baseline -0.011 -3"><span class='ocrx_word' id='word_1_2' title='bbox 150 1900 209 1945; x_wconf 75' lang='lat' dir='ltr'><strong>EF·-</strong></span> <span class='ocrx_word' id='word_1_3' title='bbox 250 1907 302 1948; x_wconf 78' lang='lat'>94</span> <span class='ocrx_word' id='word_1_4' title='bbox 322 1906 430 1942; x_wconf 88' lang='lat' dir='ltr'>batem</span> <span class='ocrx_word' id='word_1_5' title='bbox 453 1907 679 1941; x_wconf 79' lang='lat' dir='ltr'>Caffinensem</span> <span class='ocrx_word' id='word_1_6' title='bbox 702 1919 709 1939; x_wconf 91' lang='lat'>:</span> 
     </span>
    </p>
   </div>
   <div class='ocr_carea' id='block_1_3' title="bbox 344 176 1227 297">
    <p class='ocr_par' dir='ltr' id='par_1_3' title="bbox 344 176 1227 297">
     <span class='ocr_line' id='line_1_3' title="bbox 387 176 484 226; baseline -0.031 -11"><span class='ocrx_word' id='word_1_7' title='bbox 387 186 404 215; x_wconf 76' lang='grc' dir='ltr'>ι</span> <span class='ocrx_word' id='word_1_8' title='bbox 423 176 484 226; x_wconf 84' lang='lat'>36</span> 
     </span>
     <span class='ocr_line' id='line_1_4' title="bbox 344 246 1227 297; baseline -0.002 -13"><span class='ocrx_word' id='word_1_9' title='bbox 344 249 403 284; x_wconf 91' lang='lat' dir='ltr'>lim</span> <span class='ocrx_word' id='word_1_10' title='bbox 423 250 556 287; x_wconf 87' lang='lat' dir='ltr'>advenit</span> <span class='ocrx_word' id='word_1_11' title='bbox 569 252 653 287; x_wconf 83' lang='lat' dir='ltr'>circa</span> <span class='ocrx_word' id='word_1_12' title='bbox 674 246 795 286; x_wconf 82' lang='lat' dir='ltr'>Pascha</span> <span class='ocrx_word' id='word_1_13' title='bbox 807 272 818 297; x_wconf 61' lang='lat'><em>3</em></span> <span class='ocrx_word' id='word_1_14' title='bbox 845 249 877 284; x_wconf 75' lang='grc' dir='ltr'>δε</span> <span class='ocrx_word' id='word_1_15' title='bbox 897 249 1129 286; x_wconf 84' lang='lat' dir='ltr'>Schismaticos</span> <span class='ocrx_word' id='word_1_16' title='bbox 1141 249 1227 287; x_wconf 65' lang='lat' dir='ltr'>Grae,-</span> 
     </span>
    </p>
   </div>
   <div class='ocr_carea' id='block_1_4' title="bbox 916 163 1551 212">
    <p class='ocr_par' dir='ltr' id='par_1_4' title="bbox 916 163 1551 212">
     <span class='ocr_line' id='line_1_5' title="bbox 916 163 1551 212; baseline -0.002 -1"><span class='ocrx_word' id='word_1_17' title='bbox 916 163 1551 212; x_wconf 66' lang='lat' dir='ltr'>Dissearar1o</span> 
     </span>
    </p>
   </div>
   <div class='ocr_carea' id='block_1_5' title="bbox 1286 247 2179 294">
    <p class='ocr_par' dir='ltr' id='par_1_5' title="bbox 1286 247 2179 294">
     <span class='ocr_line' id='line_1_6' title="bbox 1286 247 2179 294; baseline 0.008 -13"><span class='ocrx_word' id='word_1_18' title='bbox 1286 258 1381 290; x_wconf 87' lang='lat' dir='ltr'>mus,</span> <span class='ocrx_word' id='word_1_19' title='bbox 1408 250 1499 292; x_wconf 63' lang='lat' dir='ltr'>quo‘d</span> <span class='ocrx_word' id='word_1_20' title='bbox 1526 247 1706 294; x_wconf 83' lang='lat' dir='ltr'>Gregorius</span> <span class='ocrx_word' id='word_1_21' title='bbox 1727 250 1869 287; x_wconf 75' lang='lat' dir='ltr'>censeret</span> <span class='ocrx_word' id='word_1_22' title='bbox 1887 251 1982 288; x_wconf 80' lang='lat' dir='ltr'>illam</span> <span class='ocrx_word' id='word_1_23' title='bbox 2025 263 2094 288; x_wconf 87' lang='lat' dir='ltr'>non</span> <span class='ocrx_word' id='word_1_24' title='bbox 2120 253 2179 289; x_wconf 85' lang='lat' dir='ltr'>ob-</span> 
     </span>
    </p>
   </div>
   <div class='ocr_carea' id='block_1_6' title="bbox 344 298 2174 349">
    <p class='ocr_par' dir='ltr' id='par_1_6' title="bbox 344 298 2174 349">
     <span class='ocr_line' id='line_1_7' title="bbox 344 298 2174 349; baseline 0.001 -14"><span class='ocrx_word' id='word_1_25' title='bbox 344 311 402 336; x_wconf 86' lang='lat' dir='ltr'>cos</span> <span class='ocrx_word' id='word_1_26' title='bbox 427 301 484 336; x_wconf 85' lang='lat' dir='ltr'>fibi</span> <span class='ocrx_word' id='word_1_27' title='bbox 506 302 704 346; x_wconf 76' lang='lat' dir='ltr'><strong>denegantes</strong></span> <span class='ocrx_word' id='word_1_28' title='bbox 728 300 898 340; x_wconf 70' lang='lat' dir='ltr'>transitum</span> <span class='ocrx_word' id='word_1_29' title='bbox 915 325 927 342; x_wconf 87' lang='lat'>,</span> <span class='ocrx_word' id='word_1_30' title='bbox 954 303 1016 339; x_wconf 85' lang='lat' dir='ltr'>fuit</span> <span class='ocrx_word' id='word_1_31' title='bbox 1039 301 1226 343; x_wconf 78' lang='lat' dir='ltr'>compulsus</span> <span class='ocrx_word' id='word_1_32' title='bbox 1285 298 1386 345; x_wconf 88' lang='lat' dir='ltr'>ligare</span> <span class='ocrx_word' id='word_1_33' title='bbox 1397 302 1546 335; x_wconf 85' lang='lat' dir='ltr'>adversus</span> <span class='ocrx_word' id='word_1_34' title='bbox 1559 301 1810 347; x_wconf 80' lang='lat' dir='ltr'>Schismaticos,</span> <span class='ocrx_word' id='word_1_35' title='bbox 1837 303 1984 348; x_wconf 82' lang='lat' dir='ltr'>adeoque</span> <span class='ocrx_word' id='word_1_36' title='bbox 1995 303 2083 348; x_wconf 89' lang='lat' dir='ltr'>ipsos</span> <span class='ocrx_word' id='word_1_37' title='bbox 2093 315 2174 349; x_wconf 91' lang='lat' dir='ltr'>quo-</span> 
     </span>
    </p>
   </div>
   <div class='ocr_carea' id='block_1_7' title="bbox 343 343 1224 396">
    <p class='ocr_par' dir='ltr' id='par_1_7' title="bbox 343 343 1224 396">
     <span class='ocr_line' id='line_1_8' title="bbox 343 343 1224 396; baseline -0.002 -11"><span class='ocrx_word' id='word_1_38' title='bbox 343 352 441 386; x_wconf 84' lang='lat' dir='ltr'>armis</span> <span class='ocrx_word' id='word_1_39' title='bbox 463 351 619 396; x_wconf 83' lang='lat' dir='ltr'>adgredi,</span> <span class='ocrx_word' id='word_1_40' title='bbox 647 343 737 385; x_wconf 72' lang='lat' dir='ltr'>&amp;ad</span> <span class='ocrx_word' id='word_1_41' title='bbox 757 350 938 394; x_wconf 85' lang='lat' dir='ltr'>justiffimis</span> <span class='ocrx_word' id='word_1_42' title='bbox 972 351 1140 395; x_wconf 76' lang='lat' dir='ltr'>postulatis</span> <span class='ocrx_word' id='word_1_43' title='bbox 1170 363 1224 384; x_wconf 82' lang='lat' dir='ltr'>an·</span> 
     </span>
    </p>
   </div>
   <div class='ocr_carea' id='block_1_8' title="bbox 342 399 1932 445">
    <p class='ocr_par' dir='ltr' id='par_1_8' title="bbox 342 399 1932 445">
     <span class='ocr_line' id='line_1_9' title="bbox 342 399 1932 445; baseline -0.001 -9"><span class='ocrx_word' id='word_1_44' title='bbox 342 401 511 437; x_wconf 83' lang='lat' dir='ltr'>nuendum</span> <span class='ocrx_word' id='word_1_45' title='bbox 537 400 735 444; x_wconf 82' lang='lat' dir='ltr'>compellere</span> <span class='ocrx_word' id='word_1_46' title='bbox 756 425 763 434; x_wconf 90' lang='lat'><strong>.</strong></span> <span class='ocrx_word' id='word_1_47' title='bbox 802 401 896 438; x_wconf 89' lang='lat' dir='ltr'>Hinc</span> <span class='ocrx_word' id='word_1_48' title='bbox 915 402 957 435; x_wconf 91' lang='lat' dir='ltr'>de</span> <span class='ocrx_word' id='word_1_49' title='bbox 983 400 1079 435; x_wconf 84' lang='lat' dir='ltr'>Patre</span> <span class='ocrx_word' id='word_1_50' title='bbox 1106 402 1164 434; x_wconf 91' lang='lat' dir='ltr'>suo</span> <span class='ocrx_word' id='word_1_51' title='bbox 1189 401 1224 434; x_wconf 75' lang='grc' dir='ltr'>ὅ(</span> <span class='ocrx_word' id='word_1_52' title='bbox 1284 399 1322 435; x_wconf 74' lang='lat' dir='ltr'>iuv</span> <span class='ocrx_word' id='word_1_53' title='bbox 1340 400 1444 435; x_wconf 78' lang='lat' dir='ltr'>hocce</span> <span class='ocrx_word' id='word_1_54' title='bbox 1467 402 1540 434; x_wconf 87' lang='lat' dir='ltr'>casu</span> <span class='ocrx_word' id='word_1_55' title='bbox 1562 402 1626 435; x_wconf 82' lang='lat' dir='ltr'>effe</span> <span class='ocrx_word' id='word_1_56' title='bbox 1643 402 1896 445; x_wconf 85' lang='lat' dir='ltr'>dispensabilem</span> <span class='ocrx_word' id='word_1_57' title='bbox 1924 427 1932 435; x_wconf 89' lang='lat'>.</span> 
     </span>
    </p>
   </div>
   <div class='ocr_carea' id='block_1_9' title="bbox 338 450 1224 538">
    <p class='ocr_par' dir='ltr' id='par_1_9' title="bbox 338 450 1224 538">
     <span class='ocr_line' id='line_1_10' title="bbox 341 450 1224 495; baseline -0.001 -10"><span class='ocrx_word' id='word_1_58' title='bbox 341 451 538 495; x_wconf 80' lang='lat' dir='ltr'>Imperatore</span> <span class='ocrx_word' id='word_1_59' title='bbox 560 450 689 486; x_wconf 81' lang='lat' dir='ltr'>Alexio</span> <span class='ocrx_word' id='word_1_60' title='bbox 721 451 900 486; x_wconf 86' lang='lat' dir='ltr'>Comneno</span> <span class='ocrx_word' id='word_1_61' title='bbox 935 451 1045 485; x_wconf 82' lang='lat' dir='ltr'>scribit</span> <span class='ocrx_word' id='word_1_62' title='bbox 1075 452 1109 485; x_wconf 90' lang='lat' dir='ltr'>in</span> <span class='ocrx_word' id='word_1_63' title='bbox 1141 451 1224 484; x_wconf 90' lang='lat' dir='ltr'>deci·</span> 
     </span>
     <span class='ocr_line' id='line_1_11' title="bbox 338 500 1219 538; baseline -0.002 -2"><span class='ocrx_word' id='word_1_64' title='bbox 338 512 395 536; x_wconf 89' lang='lat' dir='ltr'>mo</span> <span class='ocrx_word' id='word_1_65' title='bbox 418 500 602 535; x_wconf 83' lang='lat' dir='ltr'>Alexiados</span> <span class='ocrx_word' id='word_1_66' title='bbox 622 500 708 538; x_wconf 83' lang='lat' dir='ltr'>libro</span> <span class='ocrx_word' id='word_1_67' title='bbox 731 502 832 536; x_wconf 88' lang='lat' dir='ltr'>Anna</span> <span class='ocrx_word' id='word_1_68' title='bbox 854 502 1027 536; x_wconf 89' lang='lat' dir='ltr'>Comnena</span> <span class='ocrx_word' id='word_1_69' title='bbox 1047 515 1058 535; x_wconf 86' lang='lat'>.-</span> <span class='ocrx_word' id='word_1_70' title='bbox 1097 502 1219 534; x_wconf 72' lang='lat' dir='ltr'>alexius</span> 
     </span>
    </p>
   </div>
   <div class='ocr_carea' id='block_1_10' title="bbox 1280 352 2171 547">
    <p class='ocr_par' dir='ltr' id='par_1_10' title="bbox 1280 352 2171 547">
     <span class='ocr_line' id='line_1_12' title="bbox 1286 352 2170 393; baseline 0.007 -10"><span class='ocrx_word' id='word_1_71' title='bbox 1286 361 1332 384; x_wconf 80' lang='lat' dir='ltr'>vis</span> <span class='ocrx_word' id='word_1_72' title='bbox 1353 362 1499 393; x_wconf 87' lang='lat' dir='ltr'>ternpore</span> <span class='ocrx_word' id='word_1_73' title='bbox 1518 352 1746 385; x_wconf 85' lang='lat' dir='ltr'>invadendos.-</span> <span class='ocrx_word' id='word_1_74' title='bbox 1775 363 1831 386; x_wconf 85' lang='lat' dir='ltr'>aut</span> <span class='ocrx_word' id='word_1_75' title='bbox 1848 353 1933 388; x_wconf 76' lang='lat' dir='ltr'>certe</span> <span class='ocrx_word' id='word_1_76' title='bbox 1957 354 2083 389; x_wconf 88' lang='lat' dir='ltr'>censuit</span> <span class='ocrx_word' id='word_1_77' title='bbox 2096 366 2170 389; x_wconf 88' lang='lat' dir='ltr'>eam</span> 
     </span>
     <span class='ocr_line' id='line_1_13' title="bbox 1969 404 2170 440; baseline 0 -2"><span class='ocrx_word' id='word_1_78' title='bbox 1969 405 2012 438; x_wconf 85' lang='lat' dir='ltr'>Et</span> <span class='ocrx_word' id='word_1_79' title='bbox 2035 404 2100 440; x_wconf 89' lang='lat' dir='ltr'>hoc</span> <span class='ocrx_word' id='word_1_80' title='bbox 2123 405 2170 439; x_wconf 91' lang='lat' dir='ltr'>est</span> 
     </span>
     <span class='ocr_line' id='line_1_14' title="bbox 1280 450 2167 494; baseline 0.007 -11"><span class='ocrx_word' id='word_1_81' title='bbox 1280 451 1387 484; x_wconf 61' lang='lat' dir='ltr'>:verius</span> <span class='ocrx_word' id='word_1_82' title='bbox 1408 477 1414 483; x_wconf 94' lang='lat'><em>.</em></span> <span class='ocrx_word' id='word_1_83' title='bbox 1454 450 1548 491; x_wconf 78' lang='lat' dir='ltr'>Hinc</span> <span class='ocrx_word' id='word_1_84' title='bbox 1570 452 1660 493; x_wconf 76' lang='lat' dir='ltr'>enim</span> <span class='ocrx_word' id='word_1_85' title='bbox 1682 452 1867 489; x_wconf 86' lang='lat' dir='ltr'>Robertum</span> <span class='ocrx_word' id='word_1_86' title='bbox 1892 452 2024 488; x_wconf 85' lang='lat' dir='ltr'>Ducem</span> <span class='ocrx_word' id='word_1_87' title='bbox 2046 478 2059 494; x_wconf 85' lang='lat'>,</span> <span class='ocrx_word' id='word_1_88' title='bbox 2097 465 2167 493; x_wconf 85' lang='lat' dir='ltr'>non</span> 
     </span>
     <span class='ocr_line' id='line_1_15' title="bbox 1284 502 2171 547; baseline 0.008 -15"><span class='ocrx_word' id='word_1_89' title='bbox 1284 502 1432 535; x_wconf 90' lang='lat' dir='ltr'>violento</span> <span class='ocrx_word' id='word_1_90' title='bbox 1456 502 1592 544; x_wconf 88' lang='lat' dir='ltr'>imperio</span> <span class='ocrx_word' id='word_1_91' title='bbox 1615 525 1627 543; x_wconf 76' lang='lat'>,</span> <span class='ocrx_word' id='word_1_92' title='bbox 1653 502 1706 535; x_wconf 88' lang='lat' dir='ltr'>sed</span> <span class='ocrx_word' id='word_1_93' title='bbox 1729 504 1871 547; x_wconf 86' lang='lat' dir='ltr'>gratiosa</span> <span class='ocrx_word' id='word_1_94' title='bbox 1898 503 2048 537; x_wconf 77' lang='lat' dir='ltr'>desiderii</span> <span class='ocrx_word' id='word_1_95' title='bbox 2073 504 2171 546; x_wconf 86' lang='lat' dir='ltr'>inter-</span> 
     </span>
    </p>
   </div>
   <div class='ocr_carea' id='block_1_11' title="bbox 330 549 2168 597">
    <p class='ocr_par' dir='ltr' id='par_1_11' title="bbox 330 549 2168 597">
     <span class='ocr_line' id='line_1_16' title="bbox 330 549 2168 597; baseline 0.002 -13"><span class='ocrx_word' id='word_1_96' title='bbox 330 556 467 594; x_wconf 79' lang='lat' dir='ltr'>primum</span> <span class='ocrx_word' id='word_1_97' title='bbox 482 557 584 586; x_wconf 83' lang='lat' dir='ltr'>vetuit</span> <span class='ocrx_word' id='word_1_98' title='bbox 600 553 725 595; x_wconf 84' lang='lat' dir='ltr'>prodire</span> <span class='ocrx_word' id='word_1_99' title='bbox 738 554 831 587; x_wconf 89' lang='lat' dir='ltr'>ullum</span> <span class='ocrx_word' id='word_1_100' title='bbox 857 559 890 586; x_wconf 87' lang='lat' dir='ltr'>in</span> <span class='ocrx_word' id='word_1_101' title='bbox 903 556 1029 586; x_wconf 86' lang='lat' dir='ltr'>Latinos</span> <span class='ocrx_word' id='word_1_102' title='bbox 1048 560 1220 593; x_wconf 85' lang='lat' dir='ltr'>armatum,</span> <span class='ocrx_word' id='word_1_103' title='bbox 1237 556 1239 597; x_wconf 80' lang='grc' dir='ltr'>Ι</span> <span class='ocrx_word' id='word_1_104' title='bbox 1281 552 1420 585; x_wconf 78' lang='lat' dir='ltr'>cessione</span> <span class='ocrx_word' id='word_1_105' title='bbox 1449 552 1609 595; x_wconf 82' lang='lat' dir='ltr'>judicavit</span> <span class='ocrx_word' id='word_1_106' title='bbox 1630 549 1671 585; x_wconf 87' lang='lat' dir='ltr'>ad</span> <span class='ocrx_word' id='word_1_107' title='bbox 1696 551 1787 587; x_wconf 87' lang='lat' dir='ltr'>istius</span> <span class='ocrx_word' id='word_1_108' title='bbox 1812 553 2065 597; x_wconf 79' lang='lat' dir='ltr'>dispensationis</span> <span class='ocrx_word' id='word_1_109' title='bbox 2092 554 2168 588; x_wconf 87' lang='lat' dir='ltr'>obe-</span> 
     </span>
    </p>
   </div>
   <div class='ocr_carea' id='block_1_12' title="bbox 312 599 1238 2050">
    <p class='ocr_par' dir='ltr' id='par_1_12' title="bbox 312 599 1238 2050">
     <span class='ocr_line' id='line_1_17' title="bbox 335 599 1238 646; baseline 0.001 -12"><span class='ocrx_word' id='word_1_110' title='bbox 335 609 390 634; x_wconf 82' lang='lat' dir='ltr'>aut</span> <span class='ocrx_word' id='word_1_111' title='bbox 409 600 505 641; x_wconf 84' lang='lat' dir='ltr'>hostile</span> <span class='ocrx_word' id='word_1_112' title='bbox 526 608 560 635; x_wconf 89' lang='lat' dir='ltr'>in</span> <span class='ocrx_word' id='word_1_113' title='bbox 583 600 662 645; x_wconf 84' lang='lat' dir='ltr'>ipsos</span> <span class='ocrx_word' id='word_1_114' title='bbox 685 605 850 646; x_wconf 78' lang='lat' dir='ltr'>quidquam</span> <span class='ocrx_word' id='word_1_115' title='bbox 876 605 975 636; x_wconf 74' lang='lat' dir='ltr'>moliri</span> <span class='ocrx_word' id='word_1_116' title='bbox 1001 628 1007 635; x_wconf 91' lang='lat'><strong>.</strong></span> <span class='ocrx_word' id='word_1_117' title='bbox 1037 604 1158 643; x_wconf 87' lang='lat' dir='ltr'>Duplici</span> <span class='ocrx_word' id='word_1_118' title='bbox 1183 599 1238 644; x_wconf 71' lang='lat' dir='ltr'>ex}</span> 
     </span>
     <span class='ocr_line' id='line_1_18' title="bbox 333 648 1218 698; baseline 0.002 -15"><span class='ocrx_word' id='word_1_119' title='bbox 333 648 423 694; x_wconf 86' lang='lat' dir='ltr'>causa</span> <span class='ocrx_word' id='word_1_120' title='bbox 446 652 483 684; x_wconf 85' lang='lat' dir='ltr'>id</span> <span class='ocrx_word' id='word_1_121' title='bbox 501 651 706 693; x_wconf 70' lang='lat' dir='ltr'>cunstituerat.</span> <span class='ocrx_word' id='word_1_122' title='bbox 736 659 822 692; x_wconf 81' lang='lat' dir='ltr'>Nam</span> <span class='ocrx_word' id='word_1_123' title='bbox 841 655 874 687; x_wconf 64' lang='grc' dir='ltr'>ὁ·</span> <span class='ocrx_word' id='word_1_124' title='bbox 898 655 957 686; x_wconf 81' lang='lat' dir='ltr'>diei</span> <span class='ocrx_word' id='word_1_125' title='bbox 979 655 1090 698; x_wconf 84' lang='lat' dir='ltr'>Religio</span> <span class='ocrx_word' id='word_1_126' title='bbox 1110 677 1119 691; x_wconf 94' lang='lat'>,</span> <span class='ocrx_word' id='word_1_127' title='bbox 1148 664 1218 694; x_wconf 84' lang='lat' dir='ltr'><em>quae</em></span> 
     </span>
     <span class='ocr_line' id='line_1_19' title="bbox 333 702 1221 746; baseline 0.002 -12"><span class='ocrx_word' id='word_1_128' title='bbox 333 710 405 734; x_wconf 78' lang='lat' dir='ltr'>tunc</span> <span class='ocrx_word' id='word_1_129' title='bbox 428 711 493 735; x_wconf 86' lang='lat' dir='ltr'>erat</span> <span class='ocrx_word' id='word_1_130' title='bbox 508 702 598 744; x_wconf 87' lang='lat' dir='ltr'>seria</span> <span class='ocrx_word' id='word_1_131' title='bbox 620 709 733 746; x_wconf 68' lang='lat' dir='ltr'>quinta,</span> <span class='ocrx_word' id='word_1_132' title='bbox 753 710 896 737; x_wconf 82' lang='lat' dir='ltr'>maximae</span> <span class='ocrx_word' id='word_1_133' title='bbox 911 702 1084 745; x_wconf 71' lang='lat' dir='ltr'>sanc‘iaeque</span> <span class='ocrx_word' id='word_1_134' title='bbox 1105 704 1221 738; x_wconf 80' lang='lat' dir='ltr'>Hebdo-</span> 
     </span>
     <span class='ocr_line' id='line_1_20' title="bbox 332 752 1219 796; baseline 0.003 -13"><span class='ocrx_word' id='word_1_135' title='bbox 332 752 455 792; x_wconf 72' lang='lat' dir='ltr'>maan,</span> <span class='ocrx_word' id='word_1_136' title='bbox 486 754 607 787; x_wconf 84' lang='lat' dir='ltr'>colenda</span> <span class='ocrx_word' id='word_1_137' title='bbox 631 754 687 795; x_wconf 78' lang='lat' dir='ltr'>ipſs</span> <span class='ocrx_word' id='word_1_138' title='bbox 706 754 764 787; x_wconf 85' lang='lat' dir='ltr'>tali</span> <span class='ocrx_word' id='word_1_139' title='bbox 787 754 939 796; x_wconf 81' lang='lat' dir='ltr'>ceffatione</span> <span class='ocrx_word' id='word_1_140' title='bbox 963 753 1126 789; x_wconf 79' lang='lat' dir='ltr'>videbatur</span> <span class='ocrx_word' id='word_1_141' title='bbox 1148 777 1158 792; x_wconf 90' lang='lat'>‚</span> <span class='ocrx_word' id='word_1_142' title='bbox 1184 755 1219 786; x_wconf 60' lang='lat' dir='ltr'>Gt</span> 
     </span>
     <span class='ocr_line' id='line_1_21' title="bbox 333 801 1215 846; baseline 0.002 -12"><span class='ocrx_word' id='word_1_143' title='bbox 333 804 355 834; x_wconf 72' lang='grc' dir='ltr'><em>ἃ</em></span> <span class='ocrx_word' id='word_1_144' title='bbox 376 803 458 836; x_wconf 84' lang='lat' dir='ltr'>civili</span> <span class='ocrx_word' id='word_1_145' title='bbox 479 802 572 845; x_wconf 85' lang='lat' dir='ltr'>bello,</span> <span class='ocrx_word' id='word_1_146' title='bbox 594 804 808 846; x_wconf 82' lang='lat' dir='ltr'>fundendoque</span> <span class='ocrx_word' id='word_1_147' title='bbox 828 802 994 842; x_wconf 79' lang='lat' dir='ltr'>Christiano</span> <span class='ocrx_word' id='word_1_148' title='bbox 999 801 1148 846; x_wconf 85' lang='lat' dir='ltr'>sanguine</span> <span class='ocrx_word' id='word_1_149' title='bbox 1163 808 1215 843; x_wconf 82' lang='lat' dir='ltr'>pio</span> 
     </span>
     <span class='ocr_line' id='line_1_22' title="bbox 331 850 1217 896; baseline 0.002 -12"><span class='ocrx_word' id='word_1_150' title='bbox 331 850 497 887; x_wconf 80' lang='lat' dir='ltr'><em>abhorrens</em></span> <span class='ocrx_word' id='word_1_151' title='bbox 518 860 618 888; x_wconf 88' lang='lat' dir='ltr'>animo</span> <span class='ocrx_word' id='word_1_152' title='bbox 633 879 643 894; x_wconf 89' lang='lat'>‚</span> <span class='ocrx_word' id='word_1_153' title='bbox 670 855 796 896; x_wconf 85' lang='lat' dir='ltr'>quidvis</span> <span class='ocrx_word' id='word_1_154' title='bbox 808 855 1021 895; x_wconf 85' lang='lat' dir='ltr'>experiendum</span> <span class='ocrx_word' id='word_1_155' title='bbox 1026 854 1154 896; x_wconf 84' lang='lat' dir='ltr'>ferendo</span> <span class='ocrx_word' id='word_1_156' title='bbox 1161 861 1217 895; x_wconf 80' lang='lat' dir='ltr'>pu·</span> 
     </span>
     <span class='ocr_line' id='line_1_23' title="bbox 330 903 1215 947; baseline 0.001 -12"><span class='ocrx_word' id='word_1_157' title='bbox 330 903 422 937; x_wconf 79' lang='lat' dir='ltr'>tabat</span> <span class='ocrx_word' id='word_1_158' title='bbox 439 904 545 946; x_wconf 78' lang='lat' dir='ltr'>prius,</span> <span class='ocrx_word' id='word_1_159' title='bbox 576 916 668 947; x_wconf 87' lang='lat' dir='ltr'>quam</span> <span class='ocrx_word' id='word_1_160' title='bbox 689 914 721 937; x_wconf 88' lang='lat' dir='ltr'>ut</span> <span class='ocrx_word' id='word_1_161' title='bbox 742 910 775 936; x_wconf 86' lang='lat' dir='ltr'>in</span> <span class='ocrx_word' id='word_1_162' title='bbox 796 904 882 945; x_wconf 80' lang='lat' dir='ltr'>istam</span> <span class='ocrx_word' id='word_1_163' title='bbox 903 913 1070 937; x_wconf 78' lang='lat' dir='ltr'>extremam</span> <span class='ocrx_word' id='word_1_164' title='bbox 1101 903 1215 944; x_wconf 87' lang='lat' dir='ltr'>nefan-</span> 
     </span>
     <span class='ocr_line' id='line_1_24' title="bbox 330 946 1216 998; baseline 0.001 -13"><span class='ocrx_word' id='word_1_165' title='bbox 330 946 370 986; x_wconf 81' lang='lat' dir='ltr'>dl</span> <span class='ocrx_word' id='word_1_166' title='bbox 386 954 462 986; x_wconf 72' lang='lat' dir='ltr'>mali</span> <span class='ocrx_word' id='word_1_167' title='bbox 490 955 679 995; x_wconf 85' lang='lat' dir='ltr'>neceffitatem</span> <span class='ocrx_word' id='word_1_168' title='bbox 712 960 863 988; x_wconf 85' lang='lat' dir='ltr'>veniretur</span> <span class='ocrx_word' id='word_1_169' title='bbox 887 979 895 987; x_wconf 92' lang='lat'><strong>.</strong></span> <span class='ocrx_word' id='word_1_170' title='bbox 933 954 1062 987; x_wconf 76' lang='lat' dir='ltr'>Crebris</span> <span class='ocrx_word' id='word_1_171' title='bbox 1090 964 1156 998; x_wconf 85' lang='lat' dir='ltr'>ergo</span> <span class='ocrx_word' id='word_1_172' title='bbox 1180 955 1216 993; x_wconf 71' lang='lat' dir='ltr'>cb·</span> 
     </span>
     <span class='ocr_line' id='line_1_25' title="bbox 329 1002 1214 1048; baseline -0.001 -12"><span class='ocrx_word' id='word_1_173' title='bbox 329 1002 455 1037; x_wconf 76' lang='lat' dir='ltr'>blandis</span> <span class='ocrx_word' id='word_1_174' title='bbox 474 1005 647 1044; x_wconf 85' lang='lat' dir='ltr'>misfitandis</span> <span class='ocrx_word' id='word_1_175' title='bbox 670 1005 716 1037; x_wconf 86' lang='lat' dir='ltr'>ad</span> <span class='ocrx_word' id='word_1_176' title='bbox 737 1009 864 1041; x_wconf 86' lang='lat' dir='ltr'>Latinos</span> <span class='ocrx_word' id='word_1_177' title='bbox 890 1009 1021 1039; x_wconf 88' lang='lat' dir='ltr'>Nuntiis</span> <span class='ocrx_word' id='word_1_178' title='bbox 1043 1004 1171 1048; x_wconf 86' lang='lat' dir='ltr'>rogabat</span> <span class='ocrx_word' id='word_1_179' title='bbox 1182 1006 1214 1038; x_wconf 90' lang='lat' dir='ltr'>il-</span> 
     </span>
     <span class='ocr_line' id='line_1_26' title="bbox 327 1053 1214 1098; baseline 0 -11"><span class='ocrx_word' id='word_1_180' title='bbox 327 1053 372 1087; x_wconf 88' lang='lat' dir='ltr'>Ios</span> <span class='ocrx_word' id='word_1_181' title='bbox 396 1059 521 1096; x_wconf 69' lang='lat' dir='ltr'>incoepto</span> <span class='ocrx_word' id='word_1_182' title='bbox 540 1054 740 1097; x_wconf 82' lang='lat' dir='ltr'>intempestivo</span> <span class='ocrx_word' id='word_1_183' title='bbox 762 1055 926 1097; x_wconf 78' lang='lat' dir='ltr'>desisterent</span> <span class='ocrx_word' id='word_1_184' title='bbox 938 1080 950 1097; x_wconf 94' lang='lat'>,</span> <span class='ocrx_word' id='word_1_185' title='bbox 977 1061 1134 1098; x_wconf 75' lang='lat' dir='ltr'>inquiens:</span> <span class='ocrx_word' id='word_1_186' title='bbox 1163 1056 1214 1087; x_wconf 77' lang='lat' dir='ltr'>sa·</span> 
     </span>
     <span class='ocr_line' id='line_1_27' title="bbox 326 1103 1214 1148; baseline 0.002 -13"><span class='ocrx_word' id='word_1_187' title='bbox 326 1113 410 1136; x_wconf 88' lang='lat' dir='ltr'>cram</span> <span class='ocrx_word' id='word_1_188' title='bbox 429 1106 524 1138; x_wconf 89' lang='lat' dir='ltr'>lucem</span> <span class='ocrx_word' id='word_1_189' title='bbox 547 1107 581 1139; x_wconf 63' lang='grc' dir='ltr'>ὦ·</span> <span class='ocrx_word' id='word_1_190' title='bbox 604 1103 712 1148; x_wconf 85' lang='lat' dir='ltr'>caesum</span> <span class='ocrx_word' id='word_1_191' title='bbox 733 1105 817 1138; x_wconf 87' lang='lat' dir='ltr'>bodie</span> <span class='ocrx_word' id='word_1_192' title='bbox 836 1114 895 1148; x_wconf 87' lang='lat' dir='ltr'>pro</span> <span class='ocrx_word' id='word_1_193' title='bbox 915 1106 1000 1139; x_wconf 87' lang='lat' dir='ltr'>nobis</span> <span class='ocrx_word' id='word_1_194' title='bbox 1019 1104 1150 1139; x_wconf 86' lang='lat' dir='ltr'>omnibus</span> <span class='ocrx_word' id='word_1_195' title='bbox 1170 1116 1214 1138; x_wconf 86' lang='lat' dir='ltr'>re·</span> 
     </span>
     <span class='ocr_line' id='line_1_28' title="bbox 325 1153 1213 1198; baseline 0 -11"><span class='ocrx_word' id='word_1_196' title='bbox 325 1160 494 1187; x_wconf 83' lang='lat' dir='ltr'>vereamini</span> <span class='ocrx_word' id='word_1_197' title='bbox 515 1158 694 1196; x_wconf 87' lang='lat' dir='ltr'>Dominum,</span> <span class='ocrx_word' id='word_1_198' title='bbox 722 1167 814 1198; x_wconf 83' lang='lat' dir='ltr'>neque</span> <span class='ocrx_word' id='word_1_199' title='bbox 839 1163 867 1189; x_wconf 88' lang='lat' dir='ltr'>ei</span> <span class='ocrx_word' id='word_1_200' title='bbox 889 1158 1052 1189; x_wconf 81' lang='lat' dir='ltr'>tantillum</span> <span class='ocrx_word' id='word_1_201' title='bbox 1074 1153 1213 1198; x_wconf 84' lang='lat' dir='ltr'>conceffis-</span> 
     </span>
     <span class='ocr_line' id='line_1_29' title="bbox 319 1200 1215 1248; baseline 0.007 -13"><span class='ocrx_word' id='word_1_202' title='bbox 319 1200 352 1246; x_wconf 88' lang='lat' dir='ltr'>se</span> <span class='ocrx_word' id='word_1_203' title='bbox 375 1203 578 1248; x_wconf 71' lang='lat' dir='ltr'>dedignemini</span> <span class='ocrx_word' id='word_1_204' title='bbox 596 1228 607 1245; x_wconf 89' lang='lat'>,</span> <span class='ocrx_word' id='word_1_205' title='bbox 635 1211 686 1247; x_wconf 81' lang='lat' dir='ltr'>qui</span> <span class='ocrx_word' id='word_1_206' title='bbox 708 1208 789 1238; x_wconf 86' lang='lat' dir='ltr'>Deus</span> <span class='ocrx_word' id='word_1_207' title='bbox 800 1207 864 1243; x_wconf 70' lang='lat' dir='ltr'>cum</span> <span class='ocrx_word' id='word_1_208' title='bbox 883 1206 973 1248; x_wconf 79' lang='lat' dir='ltr'>esset,</span> <span class='ocrx_word' id='word_1_209' title='bbox 1001 1217 1050 1239; x_wconf 85' lang='lat' dir='ltr'>nec</span> <span class='ocrx_word' id='word_1_210' title='bbox 1064 1209 1188 1241; x_wconf 76' lang='lat' dir='ltr'>Crucem</span> <span class='ocrx_word' id='word_1_211' title='bbox 1204 1229 1215 1246; x_wconf 91' lang='lat'>‚</span> 
     </span>
     <span class='ocr_line' id='line_1_30' title="bbox 323 1255 1209 1299; baseline 0.001 -13"><span class='ocrx_word' id='word_1_212' title='bbox 323 1263 375 1286; x_wconf 83' lang='lat' dir='ltr'>nec</span> <span class='ocrx_word' id='word_1_213' title='bbox 396 1255 498 1287; x_wconf 78' lang='lat' dir='ltr'>clavos</span> <span class='ocrx_word' id='word_1_214' title='bbox 511 1277 522 1294; x_wconf 92' lang='lat'>,</span> <span class='ocrx_word' id='word_1_215' title='bbox 549 1265 599 1288; x_wconf 85' lang='lat' dir='ltr'>nec</span> <span class='ocrx_word' id='word_1_216' title='bbox 619 1256 773 1294; x_wconf 84' lang='lat' dir='ltr'>lanceam,</span> <span class='ocrx_word' id='word_1_217' title='bbox 795 1255 944 1299; x_wconf 81' lang='lat' dir='ltr'>supplicia</span> <span class='ocrx_word' id='word_1_218' title='bbox 966 1256 1106 1297; x_wconf 61' lang='lat' dir='ltr'>molesti-is</span> <span class='ocrx_word' id='word_1_219' title='bbox 1129 1256 1209 1288; x_wconf 85' lang='lat' dir='ltr'>debi-</span> 
     </span>
     <span class='ocr_line' id='line_1_31' title="bbox 322 1302 1212 1350; baseline 0.004 -15"><span class='ocrx_word' id='word_1_220' title='bbox 322 1312 377 1342; x_wconf 82' lang='lat' dir='ltr'>ta,</span> <span class='ocrx_word' id='word_1_221' title='bbox 399 1302 542 1345; x_wconf 83' lang='lat' dir='ltr'>sustinere</span> <span class='ocrx_word' id='word_1_222' title='bbox 555 1303 658 1344; x_wconf 75' lang='lat' dir='ltr'>nostrat</span> <span class='ocrx_word' id='word_1_223' title='bbox 668 1304 781 1347; x_wconf 81' lang='lat' dir='ltr'>salutis</span> <span class='ocrx_word' id='word_1_224' title='bbox 792 1305 880 1348; x_wconf 86' lang='lat' dir='ltr'>causa</span> <span class='ocrx_word' id='word_1_225' title='bbox 890 1304 1091 1349; x_wconf 81' lang='lat' dir='ltr'>recusaverit.</span> <span class='ocrx_word' id='word_1_226' title='bbox 1118 1307 1212 1350; x_wconf 79' lang='lat' dir='ltr'>,Quod</span> 
     </span>
     <span class='ocr_line' id='line_1_32' title="bbox 315 1352 1209 1399; baseline 0.003 -14"><span class='ocrx_word' id='word_1_227' title='bbox 315 1352 344 1397; x_wconf 88' lang='lat' dir='ltr'><em>fi</em></span> <span class='ocrx_word' id='word_1_228' title='bbox 359 1361 471 1397; x_wconf 77' lang='lat' dir='ltr'>pugnae</span> <span class='ocrx_word' id='word_1_229' title='bbox 498 1364 588 1387; x_wconf 85' lang='lat' dir='ltr'>tanta</span> <span class='ocrx_word' id='word_1_230' title='bbox 608 1356 715 1396; x_wconf 88' lang='lat' dir='ltr'>cupido</span> <span class='ocrx_word' id='word_1_231' title='bbox 740 1356 778 1395; x_wconf 78' lang='lat' dir='ltr'>est</span> <span class='ocrx_word' id='word_1_232' title='bbox 793 1379 803 1394; x_wconf 95' lang='lat'>,</span> <span class='ocrx_word' id='word_1_233' title='bbox 824 1354 964 1398; x_wconf 83' lang='lat' dir='ltr'>sustinete</span> <span class='ocrx_word' id='word_1_234' title='bbox 986 1355 1073 1399; x_wconf 87' lang='lat' dir='ltr'>usque</span> <span class='ocrx_word' id='word_1_235' title='bbox 1094 1357 1157 1397; x_wconf 80' lang='lat' dir='ltr'>post</span> <span class='ocrx_word' id='word_1_236' title='bbox 1166 1363 1209 1388; x_wconf 86' lang='lat' dir='ltr'>in·</span> 
     </span>
     <span class='ocr_line' id='line_1_33' title="bbox 312 1401 1209 1448; baseline 0.002 -12"><span class='ocrx_word' id='word_1_237' title='bbox 312 1401 445 1445; x_wconf 78' lang='lat' dir='ltr'>stantem</span> <span class='ocrx_word' id='word_1_238' title='bbox 462 1407 625 1440; x_wconf 79' lang='lat' dir='ltr'>Dominicae</span> <span class='ocrx_word' id='word_1_239' title='bbox 655 1403 885 1448; x_wconf 76' lang='lat' dir='ltr'>Resurret‘lionis</span> <span class='ocrx_word' id='word_1_240' title='bbox 902 1406 982 1440; x_wconf 82' lang='lat' dir='ltr'>diem</span> <span class='ocrx_word' id='word_1_241' title='bbox 996 1418 1003 1439; x_wconf 93' lang='lat'><strong>:</strong></span> <span class='ocrx_word' id='word_1_242' title='bbox 1030 1415 1099 1439; x_wconf 84' lang='lat' dir='ltr'>tunc</span> <span class='ocrx_word' id='word_1_243' title='bbox 1110 1409 1143 1440; x_wconf 60' lang='grc' dir='ltr'>Θ</span> <span class='ocrx_word' id='word_1_244' title='bbox 1156 1418 1209 1439; x_wconf 87' lang='lat' dir='ltr'>nos</span> 
     </span>
     <span class='ocr_line' id='line_1_34' title="bbox 320 1454 1209 1497; baseline 0.003 -11"><span class='ocrx_word' id='word_1_245' title='bbox 320 1454 365 1485; x_wconf 83' lang='lat' dir='ltr'>ad</span> <span class='ocrx_word' id='word_1_246' title='bbox 380 1454 523 1496; x_wconf 71' lang='lat' dir='ltr'>pralium</span> <span class='ocrx_word' id='word_1_247' title='bbox 543 1455 731 1497; x_wconf 85' lang='lat' dir='ltr'>prodibimus</span> <span class='ocrx_word' id='word_1_248' title='bbox 755 1480 762 1487; x_wconf 90' lang='lat'>.</span> <span class='ocrx_word' id='word_1_249' title='bbox 798 1462 857 1492; x_wconf 85' lang='lat' dir='ltr'>His</span> <span class='ocrx_word' id='word_1_250' title='bbox 883 1457 957 1489; x_wconf 74' lang='lat' dir='ltr'>adeo</span> <span class='ocrx_word' id='word_1_251' title='bbox 981 1467 1036 1489; x_wconf 88' lang='lat' dir='ltr'>non</span> <span class='ocrx_word' id='word_1_252' title='bbox 1057 1456 1130 1497; x_wconf 82' lang='lat' dir='ltr'>flexi</span> <span class='ocrx_word' id='word_1_253' title='bbox 1154 1466 1209 1489; x_wconf 86' lang='lat' dir='ltr'>aut</span> 
     </span>
     <span class='ocr_line' id='line_1_35' title="bbox 320 1504 1208 1549; baseline 0.003 -13"><span class='ocrx_word' id='word_1_254' title='bbox 320 1510 392 1536; x_wconf 75' lang='lat' dir='ltr'>snoti</span> <span class='ocrx_word' id='word_1_255' title='bbox 409 1508 515 1542; x_wconf 67' lang='lat' dir='ltr'>Latini</span> <span class='ocrx_word' id='word_1_256' title='bbox 528 1530 539 1546; x_wconf 84' lang='lat'>‚</span> <span class='ocrx_word' id='word_1_257' title='bbox 565 1514 598 1538; x_wconf 92' lang='lat' dir='ltr'>ut</span> <span class='ocrx_word' id='word_1_258' title='bbox 612 1504 803 1539; x_wconf 78' lang='lat' dir='ltr'>nibilominus</span> <span class='ocrx_word' id='word_1_259' title='bbox 817 1504 980 1549; x_wconf 85' lang='lat' dir='ltr'>densarent</span> <span class='ocrx_word' id='word_1_260' title='bbox 990 1508 1117 1539; x_wconf 86' lang='lat' dir='ltr'>Ordines</span> <span class='ocrx_word' id='word_1_261' title='bbox 1131 1530 1143 1546; x_wconf 89' lang='lat'>,</span> <span class='ocrx_word' id='word_1_262' title='bbox 1155 1508 1208 1547; x_wconf 82' lang='lat' dir='ltr'>ja-</span> 
     </span>
     <span class='ocr_line' id='line_1_36' title="bbox 320 1552 1208 1600; baseline 0.003 -13"><span class='ocrx_word' id='word_1_263' title='bbox 320 1552 439 1597; x_wconf 72' lang='lat' dir='ltr'>c‘lusque</span> <span class='ocrx_word' id='word_1_264' title='bbox 449 1556 573 1588; x_wconf 86' lang='lat' dir='ltr'>telorum</span> <span class='ocrx_word' id='word_1_265' title='bbox 589 1554 845 1600; x_wconf 82' lang='lat' dir='ltr'><em>frequentarent,</em></span> <span class='ocrx_word' id='word_1_266' title='bbox 876 1557 931 1590; x_wconf 65' lang='lat' dir='ltr'>&amp;a</span> <span class='ocrx_word' id='word_1_267' title='bbox 962 1556 1128 1590; x_wconf 82' lang='lat' dir='ltr'>Existimo</span> <span class='ocrx_word' id='word_1_268' title='bbox 1141 1567 1208 1590; x_wconf 85' lang='lat' dir='ltr'>nar·</span> 
     </span>
     <span class='ocr_line' id='line_1_37' title="bbox 321 1605 1208 1648; baseline 0.002 -11"><span class='ocrx_word' id='word_1_269' title='bbox 321 1606 484 1640; x_wconf 85' lang='lat' dir='ltr'>rationem</span> <span class='ocrx_word' id='word_1_270' title='bbox 507 1605 672 1640; x_wconf 78' lang='lat' dir='ltr'>subsistere</span> <span class='ocrx_word' id='word_1_271' title='bbox 691 1630 698 1637; x_wconf 95' lang='lat'>.</span> <span class='ocrx_word' id='word_1_272' title='bbox 731 1606 827 1642; x_wconf 90' lang='lat' dir='ltr'>Hinc</span> <span class='ocrx_word' id='word_1_273' title='bbox 850 1608 957 1640; x_wconf 89' lang='lat' dir='ltr'>oritur</span> <span class='ocrx_word' id='word_1_274' title='bbox 982 1606 1139 1648; x_wconf 85' lang='lat' dir='ltr'>quaestio,</span> <span class='ocrx_word' id='word_1_275' title='bbox 1167 1619 1208 1641; x_wconf 87' lang='lat' dir='ltr'>ex</span> 
     </span>
     <span class='ocr_line' id='line_1_38' title="bbox 321 1654 1209 1699; baseline 0.002 -10"><span class='ocrx_word' id='word_1_276' title='bbox 321 1666 392 1698; x_wconf 86' lang='lat' dir='ltr'>quo</span> <span class='ocrx_word' id='word_1_277' title='bbox 404 1654 623 1691; x_wconf 84' lang='lat' dir='ltr'>fundamento</span> <span class='ocrx_word' id='word_1_278' title='bbox 634 1656 792 1699; x_wconf 86' lang='lat' dir='ltr'>piiffimus</span> <span class='ocrx_word' id='word_1_279' title='bbox 816 1657 898 1690; x_wconf 84' lang='lat' dir='ltr'>Dux</span> <span class='ocrx_word' id='word_1_280' title='bbox 921 1657 1123 1692; x_wconf 88' lang='lat' dir='ltr'>Godefridus</span> <span class='ocrx_word' id='word_1_281' title='bbox 1133 1668 1209 1691; x_wconf 89' lang='lat' dir='ltr'>cen·</span> 
     </span>
     <span class='ocr_line' id='line_1_39' title="bbox 320 1705 1208 1751; baseline 0.002 -12"><span class='ocrx_word' id='word_1_282' title='bbox 320 1707 421 1741; x_wconf 88' lang='lat' dir='ltr'>suerit</span> <span class='ocrx_word' id='word_1_283' title='bbox 445 1706 665 1744; x_wconf 74' lang='lat' dir='ltr'>Sanffiffimos</span> <span class='ocrx_word' id='word_1_284' title='bbox 686 1705 755 1740; x_wconf 91' lang='lat' dir='ltr'>dies</span> <span class='ocrx_word' id='word_1_285' title='bbox 777 1706 938 1742; x_wconf 85' lang='lat' dir='ltr'>offenfivo</span> <span class='ocrx_word' id='word_1_286' title='bbox 961 1707 1079 1751; x_wconf 85' lang='lat' dir='ltr'>proelio</span> <span class='ocrx_word' id='word_1_287' title='bbox 1101 1718 1208 1741; x_wconf 86' lang='lat' dir='ltr'>macu—</span> 
     </span>
     <span class='ocr_line' id='line_1_40' title="bbox 323 1755 1209 1799; baseline 0.002 -11"><span class='ocrx_word' id='word_1_288' title='bbox 323 1755 462 1790; x_wconf 72' lang='lat' dir='ltr'>landos?</span> <span class='ocrx_word' id='word_1_289' title='bbox 493 1756 692 1799; x_wconf 86' lang='lat' dir='ltr'>Respondeo</span> <span class='ocrx_word' id='word_1_290' title='bbox 709 1756 965 1792; x_wconf 85' lang='lat' dir='ltr'>fundamentum</span> <span class='ocrx_word' id='word_1_291' title='bbox 979 1757 1028 1791; x_wconf 91' lang='lat' dir='ltr'>illi</span> <span class='ocrx_word' id='word_1_292' title='bbox 1050 1757 1145 1792; x_wconf 76' lang='lat' dir='ltr'>fuisse</span> <span class='ocrx_word' id='word_1_293' title='bbox 1156 1767 1209 1790; x_wconf 85' lang='lat' dir='ltr'>au-</span> 
     </span>
     <span class='ocr_line' id='line_1_41' title="bbox 322 1806 1209 1852; baseline 0.001 -13"><span class='ocrx_word' id='word_1_294' title='bbox 322 1806 641 1841; x_wconf 73' lang='lat' dir='ltr'>thoritatem&#39;Sanffl</span> <span class='ocrx_word' id='word_1_295' title='bbox 663 1806 817 1852; x_wconf 81' lang='lat' dir='ltr'>Gregorii</span> <span class='ocrx_word' id='word_1_296' title='bbox 841 1806 917 1841; x_wconf 88' lang='lat' dir='ltr'>VH.</span> <span class='ocrx_word' id='word_1_297' title='bbox 943 1807 1142 1848; x_wconf 77' lang='lat' dir='ltr'>pontificis,</span> <span class='ocrx_word' id='word_1_298' title='bbox 1168 1808 1209 1841; x_wconf 90' lang='lat' dir='ltr'>de</span> 
     </span>
     <span class='ocr_line' id='line_1_42' title="bbox 322 1856 1210 1892; baseline 0.001 -2"><span class='ocrx_word' id='word_1_299' title='bbox 322 1857 507 1892; x_wconf 85' lang='lat' dir='ltr'>Siculorum</span> <span class='ocrx_word' id='word_1_300' title='bbox 533 1858 629 1891; x_wconf 87' lang='lat' dir='ltr'>Duce</span> <span class='ocrx_word' id='word_1_301' title='bbox 648 1856 820 1891; x_wconf 87' lang='lat' dir='ltr'>scribentis</span> <span class='ocrx_word' id='word_1_302' title='bbox 841 1856 881 1891; x_wconf 84' lang='lat' dir='ltr'>ad</span> <span class='ocrx_word' id='word_1_303' title='bbox 906 1857 1112 1892; x_wconf 86' lang='lat' dir='ltr'>Desiderium</span> <span class='ocrx_word' id='word_1_304' title='bbox 1141 1857 1210 1891; x_wconf 84' lang='lat' dir='ltr'>Ab·</span> 
     </span>
     <span class='ocr_line' id='line_1_43' title="bbox 748 1907 1208 1941; baseline 0.002 -3"><span class='ocrx_word' id='word_1_305' title='bbox 748 1907 869 1940; x_wconf 86' lang='lat' dir='ltr'>Roberti</span> <span class='ocrx_word' id='word_1_306' title='bbox 892 1909 1079 1941; x_wconf 85' lang='lat' dir='ltr'>voluntatem</span> <span class='ocrx_word' id='word_1_307' title='bbox 1100 1914 1133 1940; x_wconf 86' lang='lat' dir='ltr'>in</span> <span class='ocrx_word' id='word_1_308' title='bbox 1160 1907 1208 1940; x_wconf 85' lang='lat' dir='ltr'>bis</span> 
     </span>
     <span class='ocr_line' id='line_1_44' title="bbox 323 1956 1208 2002; baseline 0 -12"><span class='ocrx_word' id='word_1_309' title='bbox 323 1956 477 2002; x_wconf 81' lang='lat' dir='ltr'>agnoscere</span> <span class='ocrx_word' id='word_1_310' title='bbox 502 1957 661 2001; x_wconf 77' lang='lat' dir='ltr'>diligenter</span> <span class='ocrx_word' id='word_1_311' title='bbox 683 1965 711 1990; x_wconf 89' lang='lat' dir='ltr'>te</span> <span class='ocrx_word' id='word_1_312' title='bbox 736 1963 868 1999; x_wconf 87' lang='lat' dir='ltr'>cupimus</span> <span class='ocrx_word' id='word_1_313' title='bbox 884 1981 894 1997; x_wconf 95' lang='lat'>‚</span> <span class='ocrx_word' id='word_1_314' title='bbox 916 1956 1026 1999; x_wconf 85' lang='lat' dir='ltr'>scilicet</span> <span class='ocrx_word' id='word_1_315' title='bbox 1040 1957 1071 2000; x_wconf 87' lang='lat' dir='ltr'><em>fi</em></span> <span class='ocrx_word' id='word_1_316' title='bbox 1089 1958 1208 2001; x_wconf 77' lang='lat' dir='ltr'>necessa·</span> 
     </span>
     <span class='ocr_line' id='line_1_45' title="bbox 321 2004 1209 2050; baseline -0.001 -9"><span class='ocrx_word' id='word_1_317' title='bbox 321 2004 370 2041; x_wconf 84' lang='lat' dir='ltr'>ria</span> <span class='ocrx_word' id='word_1_318' title='bbox 392 2008 476 2042; x_wconf 88' lang='lat' dir='ltr'>vobis</span> <span class='ocrx_word' id='word_1_319' title='bbox 494 2008 647 2050; x_wconf 80' lang='lat' dir='ltr'>expeditio</span> <span class='ocrx_word' id='word_1_320' title='bbox 660 2006 762 2048; x_wconf 79' lang='lat' dir='ltr'>suerit</span> <span class='ocrx_word' id='word_1_321' title='bbox 779 2007 842 2049; x_wconf 82' lang='lat' dir='ltr'>post</span> <span class='ocrx_word' id='word_1_322' title='bbox 869 2006 986 2049; x_wconf 81' lang='lat' dir='ltr'><em>Pascha</em></span> <span class='ocrx_word' id='word_1_323' title='bbox 1001 2032 1012 2048; x_wconf 88' lang='lat'>‚</span> <span class='ocrx_word' id='word_1_324' title='bbox 1038 2019 1080 2042; x_wconf 81' lang='lat' dir='ltr'>an</span> <span class='ocrx_word' id='word_1_325' title='bbox 1099 2016 1153 2049; x_wconf 78' lang='lat' dir='ltr'>per</span> <span class='ocrx_word' id='word_1_326' title='bbox 1175 2005 1209 2049; x_wconf 88' lang='lat' dir='ltr'>se</span> 
     </span>
    </p>
   </div>
   <div class='ocr_carea' id='block_1_13' title="bbox 323 2055 1242 2101">
    <p class='ocr_par' dir='ltr' id='par_1_13' title="bbox 323 2055 1242 2101">
     <span class='ocr_line' id='line_1_46' title="bbox 323 2055 1242 2101; baseline -0.001 -10"><span class='ocrx_word' id='word_1_327' title='bbox 323 2070 365 2091; x_wconf 78' lang='lat' dir='ltr'>an</span> <span class='ocrx_word' id='word_1_328' title='bbox 375 2067 431 2101; x_wconf 82' lang='lat' dir='ltr'>per</span> <span class='ocrx_word' id='word_1_329' title='bbox 441 2058 540 2101; x_wconf 86' lang='lat' dir='ltr'>filium</span> <span class='ocrx_word' id='word_1_330' title='bbox 558 2056 644 2100; x_wconf 85' lang='lat' dir='ltr'>suum</span> <span class='ocrx_word' id='word_1_331' title='bbox 659 2055 693 2099; x_wconf 91' lang='lat' dir='ltr'>se</span> <span class='ocrx_word' id='word_1_332' title='bbox 713 2059 848 2093; x_wconf 78' lang='lat' dir='ltr'>decenter</span> <span class='ocrx_word' id='word_1_333' title='bbox 869 2056 1075 2100; x_wconf 82' lang='lat' dir='ltr'><em>succursurum</em></span> <span class='ocrx_word' id='word_1_334' title='bbox 1088 2057 1209 2098; x_wconf 79' lang='lat' dir='ltr'>fiducia·</span> <span class='ocrx_word' id='word_1_335' title='bbox 1238 2090 1242 2093; x_wconf 90' lang='grc'><em>,</em></span> 
     </span>
    </p>
   </div>
   <div class='ocr_carea' id='block_1_14' title="bbox 317 2106 1211 2499">
    <p class='ocr_par' dir='ltr' id='par_1_14' title="bbox 317 2106 1211 2499">
     <span class='ocr_line' id='line_1_47' title="bbox 324 2106 1208 2150; baseline -0.003 -8"><span class='ocrx_word' id='word_1_336' title='bbox 324 2111 395 2143; x_wconf 84' lang='lat' dir='ltr'>liter</span> <span class='ocrx_word' id='word_1_337' title='bbox 420 2110 613 2150; x_wconf 80' lang='lat' dir='ltr'>polliceatur.</span> <span class='ocrx_word' id='word_1_338' title='bbox 640 2110 671 2140; x_wconf 81' lang='lat'>51·</span> <span class='ocrx_word' id='word_1_339' title='bbox 693 2108 764 2140; x_wconf 74' lang='lat' dir='ltr'>vero</span> <span class='ocrx_word' id='word_1_340' title='bbox 789 2106 841 2140; x_wconf 88' lang='lat' dir='ltr'>boc</span> <span class='ocrx_word' id='word_1_341' title='bbox 862 2119 920 2139; x_wconf 87' lang='lat' dir='ltr'>non</span> <span class='ocrx_word' id='word_1_342' title='bbox 949 2113 1081 2149; x_wconf 82' lang='lat' dir='ltr'>potuerit</span> <span class='ocrx_word' id='word_1_343' title='bbox 1095 2131 1106 2147; x_wconf 90' lang='lat'>,</span> <span class='ocrx_word' id='word_1_344' title='bbox 1131 2106 1208 2149; x_wconf 80' lang='lat' dir='ltr'>quod</span> 
     </span>
     <span class='ocr_line' id='line_1_48' title="bbox 326 2156 1207 2200; baseline -0.005 -8"><span class='ocrx_word' id='word_1_345' title='bbox 326 2159 436 2192; x_wconf 78' lang='lat' dir='ltr'>milites</span> <span class='ocrx_word' id='word_1_346' title='bbox 455 2159 517 2199; x_wconf 75' lang='lat' dir='ltr'>post</span> <span class='ocrx_word' id='word_1_347' title='bbox 541 2156 684 2200; x_wconf 83' lang='lat' dir='ltr'>Paschale</span> <span class='ocrx_word' id='word_1_348' title='bbox 711 2156 851 2197; x_wconf 84' lang='lat' dir='ltr'>Festum,</span> <span class='ocrx_word' id='word_1_349' title='bbox 879 2166 911 2189; x_wconf 87' lang='lat' dir='ltr'>ut</span> <span class='ocrx_word' id='word_1_350' title='bbox 931 2161 963 2188; x_wconf 82' lang='lat' dir='ltr'>in</span> <span class='ocrx_word' id='word_1_351' title='bbox 982 2156 1132 2197; x_wconf 71' lang='lat' dir='ltr'>familiari</span> <span class='ocrx_word' id='word_1_352' title='bbox 1155 2163 1207 2188; x_wconf 86' lang='lat' dir='ltr'>mi-</span> 
     </span>
     <span class='ocr_line' id='line_1_49' title="bbox 326 2204 1208 2248; baseline -0.006 -7"><span class='ocrx_word' id='word_1_353' title='bbox 326 2209 396 2242; x_wconf 80' lang='lat' dir='ltr'>litia</span> <span class='ocrx_word' id='word_1_354' title='bbox 419 2211 514 2240; x_wconf 78' lang='lat' dir='ltr'>Beati</span> <span class='ocrx_word' id='word_1_355' title='bbox 540 2210 625 2239; x_wconf 85' lang='lat' dir='ltr'>Petri</span> <span class='ocrx_word' id='word_1_356' title='bbox 639 2205 700 2246; x_wconf 77' lang='lat' dir='ltr'>sint</span> <span class='ocrx_word' id='word_1_357' title='bbox 714 2230 724 2246; x_wconf 93' lang='lat'>‚</span> <span class='ocrx_word' id='word_1_358' title='bbox 746 2204 780 2248; x_wconf 88' lang='lat' dir='ltr'>se</span> <span class='ocrx_word' id='word_1_359' title='bbox 795 2205 1009 2244; x_wconf 79' lang='lat' dir='ltr'>destinaturum</span> <span class='ocrx_word' id='word_1_360' title='bbox 1031 2206 1208 2238; x_wconf 82' lang='lat' dir='ltr'>indubitan-</span> 
     </span>
     <span class='ocr_line' id='line_1_50' title="bbox 327 2253 1208 2300; baseline -0.006 -9"><span class='ocrx_word' id='word_1_361' title='bbox 327 2267 375 2292; x_wconf 82' lang='lat' dir='ltr'>ter</span> <span class='ocrx_word' id='word_1_362' title='bbox 393 2262 571 2300; x_wconf 81' lang='lat' dir='ltr'>promittat.</span> <span class='ocrx_word' id='word_1_363' title='bbox 605 2260 663 2289; x_wconf 74' lang='lat' dir='ltr'>Hoc</span> <span class='ocrx_word' id='word_1_364' title='bbox 686 2260 776 2288; x_wconf 86' lang='lat' dir='ltr'>etiam</span> <span class='ocrx_word' id='word_1_365' title='bbox 795 2253 918 2297; x_wconf 85' lang='lat' dir='ltr'>solerter</span> <span class='ocrx_word' id='word_1_366' title='bbox 941 2264 1078 2299; x_wconf 81' lang='lat' dir='ltr'>procures</span> <span class='ocrx_word' id='word_1_367' title='bbox 1102 2255 1208 2287; x_wconf 85' lang='lat' dir='ltr'>adver·</span> 
     </span>
     <span class='ocr_line' id='line_1_51' title="bbox 329 2303 1211 2348; baseline -0.006 -7"><span class='ocrx_word' id='word_1_368' title='bbox 329 2317 392 2341; x_wconf 78' lang='lat' dir='ltr'>tere</span> <span class='ocrx_word' id='word_1_369' title='bbox 415 2331 426 2347; x_wconf 90' lang='lat'>,</span> <span class='ocrx_word' id='word_1_370' title='bbox 464 2313 496 2340; x_wconf 83' lang='lat' dir='ltr'>in</span> <span class='ocrx_word' id='word_1_371' title='bbox 519 2307 584 2339; x_wconf 84' lang='lat' dir='ltr'>illos</span> <span class='ocrx_word' id='word_1_372' title='bbox 608 2307 671 2338; x_wconf 85' lang='lat' dir='ltr'>dies</span> <span class='ocrx_word' id='word_1_373' title='bbox 697 2329 707 2344; x_wconf 89' lang='lat'>‚</span> <span class='ocrx_word' id='word_1_374' title='bbox 741 2306 879 2338; x_wconf 80' lang='lat' dir='ltr'>videlicet</span> <span class='ocrx_word' id='word_1_375' title='bbox 906 2303 1211 2348; x_wconf 74' lang='lat' dir='ltr'>,Quadragefimales‚</span> 
     </span>
     <span class='ocr_line' id='line_1_52' title="bbox 329 2353 1207 2400; baseline -0.005 -10"><span class='ocrx_word' id='word_1_376' title='bbox 329 2357 438 2400; x_wconf 82' lang='lat' dir='ltr'>quibus</span> <span class='ocrx_word' id='word_1_377' title='bbox 461 2361 649 2390; x_wconf 81' lang='lat' dir='ltr'>Nortmanni</span> <span class='ocrx_word' id='word_1_378' title='bbox 666 2353 764 2397; x_wconf 84' lang='lat' dir='ltr'><em>solent</em></span> <span class='ocrx_word' id='word_1_379' title='bbox 780 2363 884 2398; x_wconf 84' lang='lat' dir='ltr'>pugna</span> <span class='ocrx_word' id='word_1_380' title='bbox 897 2366 1006 2388; x_wconf 83' lang='lat' dir='ltr'>vacare</span> <span class='ocrx_word' id='word_1_381' title='bbox 1021 2379 1030 2394; x_wconf 97' lang='lat'>,</span> <span class='ocrx_word' id='word_1_382' title='bbox 1053 2354 1207 2396; x_wconf 84' lang='lat' dir='ltr'>praefatus</span> 
     </span>
     <span class='ocr_line' id='line_1_53' title="bbox 317 2403 1209 2450; baseline -0.004 -10"><span class='ocrx_word' id='word_1_383' title='bbox 317 2411 403 2440; x_wconf 82' lang='lat' dir='ltr'>.Dux</span> <span class='ocrx_word' id='word_1_384' title='bbox 415 2408 554 2450; x_wconf 83' lang='lat' dir='ltr'>affentiat</span> <span class='ocrx_word' id='word_1_385' title='bbox 569 2405 620 2438; x_wconf 87' lang='lat' dir='ltr'>boc</span> <span class='ocrx_word' id='word_1_386' title='bbox 638 2405 727 2447; x_wconf 65' lang='lat' dir='ltr'>patio</span> <span class='ocrx_word' id='word_1_387' title='bbox 752 2403 853 2445; x_wconf 84' lang='lat' dir='ltr'>offerre</span> <span class='ocrx_word' id='word_1_388' title='bbox 878 2407 940 2437; x_wconf 88' lang='lat' dir='ltr'>Deo</span> <span class='ocrx_word' id='word_1_389' title='bbox 962 2414 995 2437; x_wconf 89' lang='lat' dir='ltr'>ut</span> <span class='ocrx_word' id='word_1_390' title='bbox 1011 2416 1072 2437; x_wconf 88' lang='lat' dir='ltr'>una</span> <span class='ocrx_word' id='word_1_391' title='bbox 1096 2405 1147 2437; x_wconf 83' lang='lat' dir='ltr'>vel</span> <span class='ocrx_word' id='word_1_392' title='bbox 1155 2416 1209 2436; x_wconf 83' lang='lat' dir='ltr'>no-</span> 
     </span>
     <span class='ocr_line' id='line_1_54' title="bbox 329 2453 1207 2499; baseline -0.003 -9"><span class='ocrx_word' id='word_1_393' title='bbox 329 2456 438 2499; x_wconf 84' lang='lat' dir='ltr'>biscum</span> <span class='ocrx_word' id='word_1_394' title='bbox 461 2479 471 2495; x_wconf 88' lang='lat'>‚</span> <span class='ocrx_word' id='word_1_395' title='bbox 495 2457 546 2489; x_wconf 82' lang='lat' dir='ltr'>vel</span> <span class='ocrx_word' id='word_1_396' title='bbox 565 2467 627 2488; x_wconf 89' lang='lat' dir='ltr'>cum</span> <span class='ocrx_word' id='word_1_397' title='bbox 651 2454 742 2493; x_wconf 80' lang='lat' dir='ltr'>nostro</span> <span class='ocrx_word' id='word_1_398' title='bbox 762 2458 875 2498; x_wconf 75' lang='lat' dir='ltr'>Legata</span> <span class='ocrx_word' id='word_1_399' title='bbox 902 2453 947 2487; x_wconf 86' lang='lat' dir='ltr'>ad</span> <span class='ocrx_word' id='word_1_400' title='bbox 966 2456 1082 2496; x_wconf 82' lang='lat' dir='ltr'>aliquas</span> <span class='ocrx_word' id='word_1_401' title='bbox 1111 2463 1207 2487; x_wconf 83' lang='lat' dir='ltr'>terras</span> 
     </span>
    </p>
   </div>
   <div class='ocr_carea' id='block_1_15' title="bbox 330 2504 1238 2547">
    <p class='ocr_par' dir='ltr' id='par_1_15' title="bbox 330 2504 1238 2547">
     <span class='ocr_line' id='line_1_55' title="bbox 330 2504 1238 2547; baseline -0.002 -8"><span class='ocrx_word' id='word_1_402' title='bbox 330 2510 421 2540; x_wconf 80' lang='lat' dir='ltr'>Beati</span> <span class='ocrx_word' id='word_1_403' title='bbox 435 2509 540 2545; x_wconf 76' lang='lat' dir='ltr'>Petri,</span> <span class='ocrx_word' id='word_1_404' title='bbox 568 2516 623 2547; x_wconf 82' lang='lat' dir='ltr'>quo</span> <span class='ocrx_word' id='word_1_405' title='bbox 638 2509 790 2537; x_wconf 82' lang='lat' dir='ltr'>invitatus</span> <span class='ocrx_word' id='word_1_406' title='bbox 805 2504 924 2546; x_wconf 82' lang='lat' dir='ltr'>fuerit,</span> <span class='ocrx_word' id='word_1_407' title='bbox 950 2513 1143 2545; x_wconf 75' lang='lat' dir='ltr'><em>competenter</em></span> <span class='ocrx_word' id='word_1_408' title='bbox 1160 2510 1208 2537; x_wconf 84' lang='lat' dir='ltr'>in·</span> <span class='ocrx_word' id='word_1_409' title='bbox 1234 2517 1238 2521; x_wconf 91' lang='grc'><em>·</em></span> 
     </span>
    </p>
   </div>
   <div class='ocr_carea' id='block_1_16' title="bbox 324 2552 1208 3557">
    <p class='ocr_par' dir='ltr' id='par_1_16' title="bbox 324 2552 1208 3557">
     <span class='ocr_line' id='line_1_56' title="bbox 324 2552 1207 2598; baseline -0.003 -8"><span class='ocrx_word' id='word_1_410' title='bbox 324 2557 455 2598; x_wconf 68' lang='grc' dir='ltr'>,θναέῗιυ</span> <span class='ocrx_word' id='word_1_411' title='bbox 479 2556 598 2589; x_wconf 79' lang='lat' dir='ltr'>accedat</span> <span class='ocrx_word' id='word_1_412' title='bbox 620 2578 631 2595; x_wconf 94' lang='lat'>‚</span> <span class='ocrx_word' id='word_1_413' title='bbox 657 2563 805 2597; x_wconf 87' lang='lat' dir='ltr'>quatenus</span> <span class='ocrx_word' id='word_1_414' title='bbox 825 2553 875 2586; x_wconf 90' lang='lat' dir='ltr'>boc</span> <span class='ocrx_word' id='word_1_415' title='bbox 892 2553 941 2597; x_wconf 83' lang='lat' dir='ltr'>sui</span> <span class='ocrx_word' id='word_1_416' title='bbox 964 2552 1092 2597; x_wconf 75' lang='lat' dir='ltr'>obsequii</span> <span class='ocrx_word' id='word_1_417' title='bbox 1108 2555 1207 2595; x_wconf 77' lang='lat' dir='ltr'>studio</span> 
     </span>
     <span class='ocr_line' id='line_1_57' title="bbox 330 2603 1208 2647; baseline -0.008 -6"><span class='ocrx_word' id='word_1_418' title='bbox 330 2610 365 2641; x_wconf 67' lang='lat'>(5</span> <span class='ocrx_word' id='word_1_419' title='bbox 386 2607 474 2640; x_wconf 85' lang='lat' dir='ltr'>bonos</span> <span class='ocrx_word' id='word_1_420' title='bbox 500 2612 532 2639; x_wconf 85' lang='lat' dir='ltr'>in</span> <span class='ocrx_word' id='word_1_421' title='bbox 557 2604 714 2647; x_wconf 72' lang='lat' dir='ltr'>apostolica</span> <span class='ocrx_word' id='word_1_422' title='bbox 731 2603 880 2647; x_wconf 80' lang='lat' dir='ltr'>fidelitate</span> <span class='ocrx_word' id='word_1_423' title='bbox 899 2604 1048 2644; x_wconf 83' lang='lat' dir='ltr'>confirmet</span> <span class='ocrx_word' id='word_1_424' title='bbox 1073 2629 1083 2644; x_wconf 90' lang='lat'>,</span> <span class='ocrx_word' id='word_1_425' title='bbox 1112 2606 1146 2638; x_wconf 66' lang='grc'>(9·</span> <span class='ocrx_word' id='word_1_426' title='bbox 1165 2616 1208 2637; x_wconf 76' lang='lat' dir='ltr'>re-</span> 
     </span>
     <span class='ocr_line' id='line_1_58' title="bbox 329 2654 1208 2692; baseline -0.003 -1"><span class='ocrx_word' id='word_1_427' title='bbox 329 2658 419 2692; x_wconf 79' lang='lat' dir='ltr'><em>belles</em></span> <span class='ocrx_word' id='word_1_428' title='bbox 441 2667 476 2689; x_wconf 87' lang='lat' dir='ltr'>ac</span> <span class='ocrx_word' id='word_1_429' title='bbox 501 2664 683 2689; x_wconf 82' lang='lat' dir='ltr'>contumaces</span> <span class='ocrx_word' id='word_1_430' title='bbox 706 2656 751 2687; x_wconf 85' lang='lat' dir='ltr'>ad</span> <span class='ocrx_word' id='word_1_431' title='bbox 768 2655 902 2687; x_wconf 86' lang='lat' dir='ltr'>debitam</span> <span class='ocrx_word' id='word_1_432' title='bbox 923 2654 1041 2688; x_wconf 66' lang='lat' dir='ltr'>sanHae</span> <span class='ocrx_word' id='word_1_433' title='bbox 1064 2658 1208 2690; x_wconf 81' lang='lat' dir='ltr'>Romanae</span> 
     </span>
     <span class='ocr_line' id='line_1_59' title="bbox 329 2703 1207 2748; baseline -0.002 -8"><span class='ocrx_word' id='word_1_434' title='bbox 329 2705 463 2748; x_wconf 83' lang='lat' dir='ltr'>Ecclefiae</span> <span class='ocrx_word' id='word_1_435' title='bbox 494 2710 698 2740; x_wconf 83' lang='lat' dir='ltr'>reverentiam</span> <span class='ocrx_word' id='word_1_436' title='bbox 731 2714 822 2746; x_wconf 86' lang='lat' dir='ltr'>atque</span> <span class='ocrx_word' id='word_1_437' title='bbox 848 2703 1009 2747; x_wconf 85' lang='lat' dir='ltr'>servitium</span> <span class='ocrx_word' id='word_1_438' title='bbox 1031 2706 1081 2737; x_wconf 84' lang='lat' dir='ltr'>vel</span> <span class='ocrx_word' id='word_1_439' title='bbox 1098 2712 1207 2738; x_wconf 84' lang='lat' dir='ltr'>terrore</span> 
     </span>
     <span class='ocr_line' id='line_1_60' title="bbox 327 2753 1204 2796; baseline -0.005 -5"><span class='ocrx_word' id='word_1_440' title='bbox 327 2767 442 2791; x_wconf 82' lang='lat' dir='ltr'>revocet</span> <span class='ocrx_word' id='word_1_441' title='bbox 459 2757 510 2789; x_wconf 84' lang='lat' dir='ltr'>vel</span> <span class='ocrx_word' id='word_1_442' title='bbox 529 2761 586 2795; x_wconf 82' lang='lat' dir='ltr'>vi,</span> <span class='ocrx_word' id='word_1_443' title='bbox 614 2756 727 2796; x_wconf 88' lang='lat' dir='ltr'>talique</span> <span class='ocrx_word' id='word_1_444' title='bbox 746 2757 828 2787; x_wconf 87' lang='lat' dir='ltr'>modo</span> <span class='ocrx_word' id='word_1_445' title='bbox 846 2753 912 2796; x_wconf 83' lang='lat' dir='ltr'>suae</span> <span class='ocrx_word' id='word_1_446' title='bbox 934 2755 996 2787; x_wconf 75' lang='lat' dir='ltr'>Deo</span> <span class='ocrx_word' id='word_1_447' title='bbox 1012 2755 1133 2790; x_wconf 70' lang='lat' dir='ltr'>utilitiae</span> <span class='ocrx_word' id='word_1_448' title='bbox 1145 2767 1204 2789; x_wconf 88' lang='lat' dir='ltr'>mu·</span> 
     </span>
     <span class='ocr_line' id='line_1_61' title="bbox 325 2803 1207 2852; baseline -0.005 -10"><span class='ocrx_word' id='word_1_449' title='bbox 325 2819 385 2842; x_wconf 83' lang='lat' dir='ltr'>nus</span> <span class='ocrx_word' id='word_1_450' title='bbox 393 2810 562 2852; x_wconf 85' lang='lat' dir='ltr'>gratuitum</span> <span class='ocrx_word' id='word_1_451' title='bbox 572 2805 691 2845; x_wconf 85' lang='lat' dir='ltr'>offerat.</span> <span class='ocrx_word' id='word_1_452' title='bbox 719 2806 896 2848; x_wconf 80' lang='lat' dir='ltr'>Gregorius</span> <span class='ocrx_word' id='word_1_453' title='bbox 909 2804 1052 2847; x_wconf 86' lang='lat' dir='ltr'>loquitur</span> <span class='ocrx_word' id='word_1_454' title='bbox 1063 2803 1103 2837; x_wconf 89' lang='lat' dir='ltr'>de</span> <span class='ocrx_word' id='word_1_455' title='bbox 1117 2806 1207 2838; x_wconf 87' lang='lat' dir='ltr'>Hen-</span> 
     </span>
     <span class='ocr_line' id='line_1_62' title="bbox 326 2855 1206 2897; baseline -0.003 -4"><span class='ocrx_word' id='word_1_456' title='bbox 326 2859 444 2894; x_wconf 80' lang='lat' dir='ltr'>ticiani</span> <span class='ocrx_word' id='word_1_457' title='bbox 456 2869 494 2892; x_wconf 87' lang='lat' dir='ltr'>ac</span> <span class='ocrx_word' id='word_1_458' title='bbox 507 2855 696 2890; x_wconf 87' lang='lat' dir='ltr'>Guibertini</span> <span class='ocrx_word' id='word_1_459' title='bbox 709 2855 896 2888; x_wconf 81' lang='lat' dir='ltr'>schismatis</span> <span class='ocrx_word' id='word_1_460' title='bbox 909 2855 1110 2895; x_wconf 84' lang='lat' dir='ltr'>fautoribus,</span> <span class='ocrx_word' id='word_1_461' title='bbox 1124 2866 1206 2897; x_wconf 87' lang='lat' dir='ltr'>quos</span> 
     </span>
     <span class='ocr_line' id='line_1_63' title="bbox 327 2904 1208 2953; baseline -0.003 -10"><span class='ocrx_word' id='word_1_462' title='bbox 327 2908 460 2953; x_wconf 83' lang='lat' dir='ltr'>parabat</span> <span class='ocrx_word' id='word_1_463' title='bbox 484 2907 583 2941; x_wconf 83' lang='lat' dir='ltr'>armis</span> <span class='ocrx_word' id='word_1_464' title='bbox 609 2905 779 2939; x_wconf 86' lang='lat' dir='ltr'>invadere.</span> <span class='ocrx_word' id='word_1_465' title='bbox 808 2905 938 2947; x_wconf 77' lang='lat' dir='ltr'>Scripsit</span> <span class='ocrx_word' id='word_1_466' title='bbox 968 2904 1035 2939; x_wconf 85' lang='lat' dir='ltr'>haec</span> <span class='ocrx_word' id='word_1_467' title='bbox 1057 2906 1088 2939; x_wconf 87' lang='lat' dir='ltr'>in</span> <span class='ocrx_word' id='word_1_468' title='bbox 1119 2906 1208 2952; x_wconf 81' lang='lat' dir='ltr'>Qa-</span> 
     </span>
     <span class='ocr_line' id='line_1_64' title="bbox 327 2955 1202 3003; baseline -0.006 -10"><span class='ocrx_word' id='word_1_469' title='bbox 327 2958 526 3003; x_wconf 83' lang='lat' dir='ltr'>dragefima,</span> <span class='ocrx_word' id='word_1_470' title='bbox 552 2965 609 2991; x_wconf 86' lang='lat' dir='ltr'>aut</span> <span class='ocrx_word' id='word_1_471' title='bbox 620 2955 769 2999; x_wconf 77' lang='lat' dir='ltr'>proxime</span> <span class='ocrx_word' id='word_1_472' title='bbox 790 2956 998 2999; x_wconf 86' lang='lat' dir='ltr'>anteipsam.</span> <span class='ocrx_word' id='word_1_473' title='bbox 1026 2956 1070 2989; x_wconf 88' lang='lat' dir='ltr'>Et</span> <span class='ocrx_word' id='word_1_474' title='bbox 1089 2955 1202 2989; x_wconf 83' lang='lat' dir='ltr'>exista</span> 
     </span>
     <span class='ocr_line' id='line_1_65' title="bbox 327 3003 1204 3052; baseline -0.002 -10"><span class='ocrx_word' id='word_1_475' title='bbox 327 3008 473 3052; x_wconf 86' lang='lat' dir='ltr'>Epistola</span> <span class='ocrx_word' id='word_1_476' title='bbox 494 3006 690 3042; x_wconf 77' lang='lat' dir='ltr'>addiscimus</span> <span class='ocrx_word' id='word_1_477' title='bbox 711 3007 802 3049; x_wconf 85' lang='lat' dir='ltr'>plura</span> <span class='ocrx_word' id='word_1_478' title='bbox 816 3030 823 3038; x_wconf 91' lang='lat'><strong>.</strong></span> <span class='ocrx_word' id='word_1_479' title='bbox 850 3005 964 3039; x_wconf 78' lang='lat' dir='ltr'>Primo</span> <span class='ocrx_word' id='word_1_480' title='bbox 978 3029 989 3044; x_wconf 85' lang='lat'>‚</span> <span class='ocrx_word' id='word_1_481' title='bbox 1008 3003 1098 3050; x_wconf 86' lang='lat' dir='ltr'>quod</span> <span class='ocrx_word' id='word_1_482' title='bbox 1124 3014 1204 3040; x_wconf 90' lang='lat' dir='ltr'>tunc</span> 
     </span>
     <span class='ocr_line' id='line_1_66' title="bbox 326 3054 1206 3093; baseline -0.003 0"><span class='ocrx_word' id='word_1_483' title='bbox 326 3058 531 3093; x_wconf 86' lang='lat' dir='ltr'>Nortmanni</span> <span class='ocrx_word' id='word_1_484' title='bbox 554 3068 622 3091; x_wconf 85' lang='lat' dir='ltr'>non</span> <span class='ocrx_word' id='word_1_485' title='bbox 649 3055 818 3091; x_wconf 83' lang='lat' dir='ltr'>dumtaxat</span> <span class='ocrx_word' id='word_1_486' title='bbox 845 3056 879 3090; x_wconf 91' lang='lat' dir='ltr'>in</span> <span class='ocrx_word' id='word_1_487' title='bbox 907 3055 1020 3089; x_wconf 90' lang='lat' dir='ltr'>diebus</span> <span class='ocrx_word' id='word_1_488' title='bbox 1046 3054 1148 3089; x_wconf 87' lang='lat' dir='ltr'>Festis</span> <span class='ocrx_word' id='word_1_489' title='bbox 1168 3067 1206 3090; x_wconf 83' lang='lat' dir='ltr'>ac</span> 
     </span>
     <span class='ocr_line' id='line_1_67' title="bbox 328 3105 1205 3153; baseline -0.003 -10"><span class='ocrx_word' id='word_1_490' title='bbox 328 3107 517 3143; x_wconf 79' lang='lat' dir='ltr'>Dominicis</span> <span class='ocrx_word' id='word_1_491' title='bbox 532 3133 544 3149; x_wconf 89' lang='lat'>,</span> <span class='ocrx_word' id='word_1_492' title='bbox 567 3107 621 3141; x_wconf 88' lang='lat' dir='ltr'>sed</span> <span class='ocrx_word' id='word_1_493' title='bbox 643 3107 743 3140; x_wconf 87' lang='lat' dir='ltr'>etiam</span> <span class='ocrx_word' id='word_1_494' title='bbox 775 3117 830 3149; x_wconf 87' lang='lat' dir='ltr'>per</span> <span class='ocrx_word' id='word_1_495' title='bbox 853 3117 988 3141; x_wconf 87' lang='lat' dir='ltr'>omnem</span> <span class='ocrx_word' id='word_1_496' title='bbox 1014 3105 1205 3153; x_wconf 82' lang='lat' dir='ltr'>Qadrage-</span> 
     </span>
     <span class='ocr_line' id='line_1_68' title="bbox 327 3154 1204 3196; baseline -0.002 -4"><span class='ocrx_word' id='word_1_497' title='bbox 327 3160 440 3194; x_wconf 82' lang='lat' dir='ltr'>fimam</span> <span class='ocrx_word' id='word_1_498' title='bbox 469 3157 579 3193; x_wconf 90' lang='lat' dir='ltr'>adhuc</span> <span class='ocrx_word' id='word_1_499' title='bbox 600 3155 799 3190; x_wconf 87' lang='lat' dir='ltr'>abstinerent</span> <span class='ocrx_word' id='word_1_500' title='bbox 819 3156 860 3191; x_wconf 86' lang='lat' dir='ltr'>ab</span> <span class='ocrx_word' id='word_1_501' title='bbox 880 3157 974 3196; x_wconf 89' lang='lat' dir='ltr'>omni</span> <span class='ocrx_word' id='word_1_502' title='bbox 998 3154 1085 3189; x_wconf 89' lang='lat' dir='ltr'>bello</span> <span class='ocrx_word' id='word_1_503' title='bbox 1107 3180 1114 3187; x_wconf 93' lang='lat'><strong>.</strong></span> <span class='ocrx_word' id='word_1_504' title='bbox 1151 3156 1204 3190; x_wconf 86' lang='lat' dir='ltr'>Se·</span> 
     </span>
     <span class='ocr_line' id='line_1_69' title="bbox 327 3204 1202 3252; baseline -0.006 -8"><span class='ocrx_word' id='word_1_505' title='bbox 327 3209 439 3245; x_wconf 73' lang='lat' dir='ltr'>cundo</span> <span class='ocrx_word' id='word_1_506' title='bbox 456 3233 468 3249; x_wconf 92' lang='lat'>,</span> <span class='ocrx_word' id='word_1_507' title='bbox 495 3206 586 3252; x_wconf 90' lang='lat' dir='ltr'>quod</span> <span class='ocrx_word' id='word_1_508' title='bbox 606 3206 719 3240; x_wconf 88' lang='lat' dir='ltr'>eadem</span> <span class='ocrx_word' id='word_1_509' title='bbox 741 3206 936 3249; x_wconf 78' lang='lat' dir='ltr'>pietas&#39;tum</span> <span class='ocrx_word' id='word_1_510' title='bbox 963 3204 1056 3250; x_wconf 77' lang='lat' dir='ltr'>plene</span> <span class='ocrx_word' id='word_1_511' title='bbox 1078 3205 1202 3249; x_wconf 86' lang='lat' dir='ltr'>vigeret</span> 
     </span>
     <span class='ocr_line' id='line_1_70' title="bbox 327 3256 1203 3294; baseline -0.006 0"><span class='ocrx_word' id='word_1_512' title='bbox 327 3261 426 3294; x_wconf 84' lang='lat' dir='ltr'>etiarn</span> <span class='ocrx_word' id='word_1_513' title='bbox 455 3260 489 3292; x_wconf 88' lang='lat' dir='ltr'>in</span> <span class='ocrx_word' id='word_1_514' title='bbox 517 3256 650 3291; x_wconf 83' lang='lat' dir='ltr'>Gallia.-</span> <span class='ocrx_word' id='word_1_515' title='bbox 679 3257 810 3290; x_wconf 87' lang='lat' dir='ltr'>Etenim</span> <span class='ocrx_word' id='word_1_516' title='bbox 837 3256 1040 3291; x_wconf 86' lang='lat' dir='ltr'>Nortmanni</span> <span class='ocrx_word' id='word_1_517' title='bbox 1067 3267 1136 3289; x_wconf 89' lang='lat' dir='ltr'>nou</span> <span class='ocrx_word' id='word_1_518' title='bbox 1160 3257 1203 3290; x_wconf 87' lang='lat' dir='ltr'>ita</span> 
     </span>
     <span class='ocr_line' id='line_1_71' title="bbox 329 3305 1204 3353; baseline -0.003 -10"><span class='ocrx_word' id='word_1_519' title='bbox 329 3308 454 3353; x_wconf 79' lang='lat' dir='ltr'>pridem</span> <span class='ocrx_word' id='word_1_520' title='bbox 478 3306 556 3342; x_wconf 63' lang='lat' dir='ltr'>ind&amp;</span> <span class='ocrx_word' id='word_1_521' title='bbox 579 3316 732 3340; x_wconf 86' lang='lat' dir='ltr'>venerant</span> <span class='ocrx_word' id='word_1_522' title='bbox 766 3307 798 3339; x_wconf 90' lang='lat' dir='ltr'>in</span> <span class='ocrx_word' id='word_1_523' title='bbox 822 3307 950 3341; x_wconf 82' lang='lat' dir='ltr'>Italiam</span> <span class='ocrx_word' id='word_1_524' title='bbox 983 3317 1021 3341; x_wconf 86' lang='lat' dir='ltr'>ac</span> <span class='ocrx_word' id='word_1_525' title='bbox 1035 3305 1204 3347; x_wconf 86' lang='lat' dir='ltr'>Siciliam,</span> 
     </span>
     <span class='ocr_line' id='line_1_72' title="bbox 329 3355 1205 3401; baseline -0.006 -8"><span class='ocrx_word' id='word_1_526' title='bbox 329 3360 474 3400; x_wconf 88' lang='lat' dir='ltr'>adeoque</span> <span class='ocrx_word' id='word_1_527' title='bbox 484 3357 578 3391; x_wconf 86' lang='lat' dir='ltr'>istam</span> <span class='ocrx_word' id='word_1_528' title='bbox 593 3356 746 3401; x_wconf 86' lang='lat' dir='ltr'>pietatem</span> <span class='ocrx_word' id='word_1_529' title='bbox 770 3357 876 3390; x_wconf 88' lang='lat' dir='ltr'>secum</span> <span class='ocrx_word' id='word_1_530' title='bbox 905 3355 1102 3391; x_wconf 81' lang='lat' dir='ltr'>detulerant.</span> <span class='ocrx_word' id='word_1_531' title='bbox 1124 3355 1205 3389; x_wconf 89' lang='lat' dir='ltr'>Ter-</span> 
     </span>
     <span class='ocr_line' id='line_1_73' title="bbox 330 3404 1204 3450; baseline 0 -8"><span class='ocrx_word' id='word_1_532' title='bbox 330 3410 380 3442; x_wconf 77' lang='lat' dir='ltr'>tio</span> <span class='ocrx_word' id='word_1_533' title='bbox 400 3404 575 3447; x_wconf 58' lang='lat' dir='ltr'>discimus,</span> <span class='ocrx_word' id='word_1_534' title='bbox 602 3405 691 3450; x_wconf 74' lang='lat' dir='ltr'>quod</span> <span class='ocrx_word' id='word_1_535' title='bbox 714 3405 772 3440; x_wconf 85' lang='lat' dir='ltr'>ista</span> <span class='ocrx_word' id='word_1_536' title='bbox 788 3407 888 3448; x_wconf 85' lang='lat' dir='ltr'>pietas</span> <span class='ocrx_word' id='word_1_537' title='bbox 914 3418 993 3441; x_wconf 87' lang='lat' dir='ltr'>tunc</span> <span class='ocrx_word' id='word_1_538' title='bbox 1012 3405 1098 3450; x_wconf 84' lang='lat' dir='ltr'>apud</span> <span class='ocrx_word' id='word_1_539' title='bbox 1122 3406 1204 3442; x_wconf 82' lang='lat' dir='ltr'>alios</span> 
     </span>
     <span class='ocr_line' id='line_1_74' title="bbox 332 3455 1203 3500; baseline 0.002 -12"><span class='ocrx_word' id='word_1_540' title='bbox 332 3459 497 3492; x_wconf 80' lang='lat' dir='ltr'>vacillaret</span> <span class='ocrx_word' id='word_1_541' title='bbox 518 3470 526 3489; x_wconf 92' lang='lat'><strong>:</strong></span> <span class='ocrx_word' id='word_1_542' title='bbox 566 3456 702 3491; x_wconf 88' lang='lat' dir='ltr'>Etenim</span> <span class='ocrx_word' id='word_1_543' title='bbox 728 3455 907 3500; x_wconf 84' lang='lat' dir='ltr'>Gregorius</span> <span class='ocrx_word' id='word_1_544' title='bbox 929 3457 1079 3491; x_wconf 86' lang='lat' dir='ltr'>adfirmat</span> <span class='ocrx_word' id='word_1_545' title='bbox 1101 3455 1203 3499; x_wconf 87' lang='lat' dir='ltr'>ipsam</span> 
     </span>
     <span class='ocr_line' id='line_1_75' title="bbox 332 3504 1203 3557; baseline 0.003 -18"><span class='ocrx_word' id='word_1_546' title='bbox 332 3506 425 3541; x_wconf 76' lang='lat' dir='ltr'>fuisse</span> <span class='ocrx_word' id='word_1_547' title='bbox 454 3506 674 3543; x_wconf 89' lang='lat' dir='ltr'>Nortmannis</span> <span class='ocrx_word' id='word_1_548' title='bbox 694 3505 885 3552; x_wconf 78' lang='lat' dir='ltr'>singularem</span> <span class='ocrx_word' id='word_1_549' title='bbox 908 3531 916 3539; x_wconf 94' lang='lat'>.</span> <span class='ocrx_word' id='word_1_550' title='bbox 953 3506 1086 3557; x_wconf 72' lang='lat' dir='ltr'>Qarto</span> <span class='ocrx_word' id='word_1_551' title='bbox 1110 3504 1203 3542; x_wconf 87' lang='lat' dir='ltr'>disci·</span> 
     </span>
    </p>
   </div>
   <div class='ocr_carea' id='block_1_17' title="bbox 1264 599 2168 2991">
    <p class='ocr_par' dir='ltr' id='par_1_17' title="bbox 1280 599 2168 786">
     <span class='ocr_line' id='line_1_76' title="bbox 1280 599 2166 648; baseline 0.006 -15"><span class='ocrx_word' id='word_1_552' title='bbox 1280 599 1437 634; x_wconf 89' lang='lat' dir='ltr'>dientiam</span> <span class='ocrx_word' id='word_1_553' title='bbox 1465 603 1499 638; x_wconf 90' lang='lat'>&amp;</span> <span class='ocrx_word' id='word_1_554' title='bbox 1530 602 1764 636; x_wconf 86' lang='lat' dir='ltr'>executionem</span> <span class='ocrx_word' id='word_1_555' title='bbox 1795 604 1858 638; x_wconf 79' lang='lat' dir='ltr'>esse</span> <span class='ocrx_word' id='word_1_556' title='bbox 1884 603 2166 648; x_wconf 65' lang='lat' dir='ltr'>permovendum,</span> 
     </span>
     <span class='ocr_line' id='line_1_77' title="bbox 1281 651 2168 698; baseline 0.003 -13"><span class='ocrx_word' id='word_1_557' title='bbox 1281 651 1454 698; x_wconf 82' lang='lat' dir='ltr'>Qidquid</span> <span class='ocrx_word' id='word_1_558' title='bbox 1476 654 1539 693; x_wconf 86' lang='lat' dir='ltr'>fit,</span> <span class='ocrx_word' id='word_1_559' title='bbox 1568 651 1771 688; x_wconf 83' lang='lat' dir='ltr'>Godefridus</span> <span class='ocrx_word' id='word_1_560' title='bbox 1799 654 1880 687; x_wconf 86' lang='lat' dir='ltr'>Dux</span> <span class='ocrx_word' id='word_1_561' title='bbox 1906 653 2057 698; x_wconf 83' lang='lat' dir='ltr'>probavit</span> <span class='ocrx_word' id='word_1_562' title='bbox 2082 653 2168 688; x_wconf 84' lang='lat' dir='ltr'>istud</span> 
     </span>
     <span class='ocr_line' id='line_1_78' title="bbox 1280 702 2168 747; baseline 0.006 -13"><span class='ocrx_word' id='word_1_563' title='bbox 1280 702 1435 746; x_wconf 87' lang='lat' dir='ltr'>Gregorii</span> <span class='ocrx_word' id='word_1_564' title='bbox 1469 703 1625 746; x_wconf 87' lang='lat' dir='ltr'>placitum</span> <span class='ocrx_word' id='word_1_565' title='bbox 1648 726 1659 743; x_wconf 94' lang='lat'>‚</span> <span class='ocrx_word' id='word_1_566' title='bbox 1701 703 1736 737; x_wconf 75' lang='grc' dir='ltr'>δε</span> <span class='ocrx_word' id='word_1_567' title='bbox 1769 703 1841 747; x_wconf 83' lang='lat' dir='ltr'>ipso</span> <span class='ocrx_word' id='word_1_568' title='bbox 1863 705 1927 741; x_wconf 87' lang='lat' dir='ltr'>fuit</span> <span class='ocrx_word' id='word_1_569' title='bbox 1949 707 2025 739; x_wconf 90' lang='lat' dir='ltr'>usus</span> <span class='ocrx_word' id='word_1_570' title='bbox 2050 705 2168 739; x_wconf 87' lang='lat' dir='ltr'>advet-</span> 
     </span>
     <span class='ocr_line' id='line_1_79' title="bbox 1281 752 1504 786; baseline -0.004 0"><span class='ocrx_word' id='word_1_571' title='bbox 1281 753 1331 786; x_wconf 90' lang='lat' dir='ltr'>sus</span> <span class='ocrx_word' id='word_1_572' title='bbox 1353 752 1504 786; x_wconf 84' lang='lat' dir='ltr'>Graecos.</span> 
     </span>
    </p>

    <p class='ocr_par' dir='ltr' id='par_1_18' title="bbox 1264 802 2167 2991">
     <span class='ocr_line' id='line_1_80' title="bbox 1332 802 2163 848; baseline 0.007 -13"><span class='ocrx_word' id='word_1_573' title='bbox 1332 802 1373 837; x_wconf 89' lang='lat' dir='ltr'>Et</span> <span class='ocrx_word' id='word_1_574' title='bbox 1395 814 1438 836; x_wconf 81' lang='lat' dir='ltr'>ex</span> <span class='ocrx_word' id='word_1_575' title='bbox 1459 802 1521 836; x_wconf 86' lang='lat' dir='ltr'>isto</span> <span class='ocrx_word' id='word_1_576' title='bbox 1543 803 1699 847; x_wconf 76' lang='lat' dir='ltr'>Gregorii</span> <span class='ocrx_word' id='word_1_577' title='bbox 1724 802 1858 837; x_wconf 78' lang='lat' dir='ltr'>indulto</span> <span class='ocrx_word' id='word_1_578' title='bbox 1880 805 1967 839; x_wconf 83' lang='lat' dir='ltr'>avita</span> <span class='ocrx_word' id='word_1_579' title='bbox 1986 804 2089 848; x_wconf 84' lang='lat' dir='ltr'>pietas</span> <span class='ocrx_word' id='word_1_580' title='bbox 2102 815 2163 841; x_wconf 83' lang='lat' dir='ltr'>coe·</span> 
     </span>
     <span class='ocr_line' id='line_1_81' title="bbox 1279 852 2166 899; baseline 0.003 -14"><span class='ocrx_word' id='word_1_581' title='bbox 1279 853 1327 896; x_wconf 88' lang='lat' dir='ltr'>pit</span> <span class='ocrx_word' id='word_1_582' title='bbox 1353 852 1439 896; x_wconf 87' lang='lat' dir='ltr'>apud</span> <span class='ocrx_word' id='word_1_583' title='bbox 1453 865 1513 887; x_wconf 89' lang='lat' dir='ltr'>nos</span> <span class='ocrx_word' id='word_1_584' title='bbox 1537 854 1676 888; x_wconf 88' lang='lat' dir='ltr'>Latinos</span> <span class='ocrx_word' id='word_1_585' title='bbox 1699 854 1902 894; x_wconf 86' lang='lat' dir='ltr'>decrescere,</span> <span class='ocrx_word' id='word_1_586' title='bbox 1928 865 2027 899; x_wconf 89' lang='lat' dir='ltr'>atque</span> <span class='ocrx_word' id='word_1_587' title='bbox 2040 856 2084 888; x_wconf 89' lang='lat' dir='ltr'>ita</span> <span class='ocrx_word' id='word_1_588' title='bbox 2097 863 2166 889; x_wconf 86' lang='lat' dir='ltr'>tau-</span> 
     </span>
     <span class='ocr_line' id='line_1_82' title="bbox 1278 902 2166 948; baseline 0.002 -11"><span class='ocrx_word' id='word_1_589' title='bbox 1278 902 1352 937; x_wconf 90' lang='lat' dir='ltr'>dem</span> <span class='ocrx_word' id='word_1_590' title='bbox 1373 902 1467 946; x_wconf 76' lang='lat' dir='ltr'>plene</span> <span class='ocrx_word' id='word_1_591' title='bbox 1487 905 1638 938; x_wconf 84' lang='lat' dir='ltr'>evanuit.</span> <span class='ocrx_word' id='word_1_592' title='bbox 1666 904 1782 939; x_wconf 88' lang='lat' dir='ltr'>Latini</span> <span class='ocrx_word' id='word_1_593' title='bbox 1803 904 1975 948; x_wconf 87' lang='lat' dir='ltr'>Principes</span> <span class='ocrx_word' id='word_1_594' title='bbox 1997 915 2166 947; x_wconf 86' lang='lat' dir='ltr'>coeperunt</span> 
     </span>
     <span class='ocr_line' id='line_1_83' title="bbox 1277 953 2167 997; baseline 0 -9"><span class='ocrx_word' id='word_1_595' title='bbox 1277 954 1447 988; x_wconf 82' lang='lat' dir='ltr'>lndultum</span> <span class='ocrx_word' id='word_1_596' title='bbox 1458 954 1616 997; x_wconf 88' lang='lat' dir='ltr'>paulatim</span> <span class='ocrx_word' id='word_1_597' title='bbox 1638 956 1738 988; x_wconf 87' lang='lat' dir='ltr'>etiam</span> <span class='ocrx_word' id='word_1_598' title='bbox 1760 954 1800 987; x_wconf 84' lang='lat' dir='ltr'>ad</span> <span class='ocrx_word' id='word_1_599' title='bbox 1823 953 2020 989; x_wconf 89' lang='lat' dir='ltr'>Catholicos</span> <span class='ocrx_word' id='word_1_600' title='bbox 2034 953 2167 995; x_wconf 79' lang='lat' dir='ltr'>hostes,</span> 
     </span>
     <span class='ocr_line' id='line_1_84' title="bbox 1276 1002 2164 1050; baseline -0.001 -12"><span class='ocrx_word' id='word_1_601' title='bbox 1276 1004 1310 1038; x_wconf 79' lang='grc' dir='ltr'>δι</span> <span class='ocrx_word' id='word_1_602' title='bbox 1332 1002 1372 1037; x_wconf 86' lang='lat' dir='ltr'>ad</span> <span class='ocrx_word' id='word_1_603' title='bbox 1384 1004 1537 1050; x_wconf 72' lang='lat' dir='ltr'>quaelibet</span> <span class='ocrx_word' id='word_1_604' title='bbox 1557 1005 1652 1039; x_wconf 85' lang='lat' dir='ltr'>Festa</span> <span class='ocrx_word' id='word_1_605' title='bbox 1672 1004 1850 1039; x_wconf 80' lang='lat' dir='ltr'>extendere</span> <span class='ocrx_word' id='word_1_606' title='bbox 1867 1018 1878 1048; x_wconf 90' lang='lat'>·,</span> <span class='ocrx_word' id='word_1_607' title='bbox 1904 1006 2010 1049; x_wconf 87' lang='lat' dir='ltr'>ipsum</span> <span class='ocrx_word' id='word_1_608' title='bbox 2028 1002 2164 1038; x_wconf 85' lang='lat' dir='ltr'>tandem</span> 
     </span>
     <span class='ocr_line' id='line_1_85' title="bbox 1277 1055 2160 1101; baseline 0.001 -14"><span class='ocrx_word' id='word_1_609' title='bbox 1277 1055 1490 1089; x_wconf 80' lang='lat' dir='ltr'>transmutare</span> <span class='ocrx_word' id='word_1_610' title='bbox 1513 1055 1549 1089; x_wconf 89' lang='lat' dir='ltr'>in</span> <span class='ocrx_word' id='word_1_611' title='bbox 1573 1055 1723 1100; x_wconf 80' lang='lat' dir='ltr'>Legem,</span> <span class='ocrx_word' id='word_1_612' title='bbox 1748 1065 1847 1100; x_wconf 90' lang='lat' dir='ltr'>atque</span> <span class='ocrx_word' id='word_1_613' title='bbox 1868 1057 1915 1090; x_wconf 88' lang='lat' dir='ltr'>ita</span> <span class='ocrx_word' id='word_1_614' title='bbox 1938 1056 2055 1101; x_wconf 80' lang='lat' dir='ltr'>quovis</span> <span class='ocrx_word' id='word_1_615' title='bbox 2081 1055 2160 1088; x_wconf 85' lang='lat' dir='ltr'>indi·</span> 
     </span>
     <span class='ocr_line' id='line_1_86' title="bbox 1278 1105 2164 1149; baseline 0.002 -12"><span class='ocrx_word' id='word_1_616' title='bbox 1278 1105 1492 1139; x_wconf 75' lang='lat' dir='ltr'>scr-iminatim</span> <span class='ocrx_word' id='word_1_617' title='bbox 1514 1106 1568 1140; x_wconf 86' lang='lat' dir='ltr'>die</span> <span class='ocrx_word' id='word_1_618' title='bbox 1593 1105 1924 1149; x_wconf 84' lang='lat' dir='ltr'>bellare&amp;praeliari.</span> <span class='ocrx_word' id='word_1_619' title='bbox 1956 1106 2164 1141; x_wconf 84' lang='lat' dir='ltr'>Extenfionis</span> 
     </span>
     <span class='ocr_line' id='line_1_87' title="bbox 1276 1155 2165 1199; baseline 0 -11"><span class='ocrx_word' id='word_1_620' title='bbox 1276 1155 1409 1190; x_wconf 82' lang='lat' dir='ltr'>exordia</span> <span class='ocrx_word' id='word_1_621' title='bbox 1431 1155 1560 1190; x_wconf 76' lang='lat' dir='ltr'>abunde</span> <span class='ocrx_word' id='word_1_622' title='bbox 1574 1166 1686 1199; x_wconf 88' lang='lat' dir='ltr'>patent</span> <span class='ocrx_word' id='word_1_623' title='bbox 1705 1167 1746 1190; x_wconf 88' lang='lat' dir='ltr'>ex</span> <span class='ocrx_word' id='word_1_624' title='bbox 1767 1156 1832 1199; x_wconf 81' lang='lat' dir='ltr'>jam</span> <span class='ocrx_word' id='word_1_625' title='bbox 1855 1156 1999 1194; x_wconf 64' lang='lat' dir='ltr'>adductis</span> <span class='ocrx_word' id='word_1_626' title='bbox 2019 1155 2165 1190; x_wconf 85' lang='lat' dir='ltr'>testimo-</span> 
     </span>
     <span class='ocr_line' id='line_1_88' title="bbox 1277 1204 2163 1250; baseline 0.002 -13"><span class='ocrx_word' id='word_1_627' title='bbox 1277 1204 1340 1238; x_wconf 89' lang='lat' dir='ltr'>niis</span> <span class='ocrx_word' id='word_1_628' title='bbox 1362 1229 1369 1237; x_wconf 90' lang='lat'><strong>.</strong></span> <span class='ocrx_word' id='word_1_629' title='bbox 1411 1205 1478 1239; x_wconf 90' lang='lat' dir='ltr'>His</span> <span class='ocrx_word' id='word_1_630' title='bbox 1509 1206 1656 1250; x_wconf 88' lang='lat' dir='ltr'>adjungo</span> <span class='ocrx_word' id='word_1_631' title='bbox 1680 1207 1779 1244; x_wconf 85' lang='lat' dir='ltr'>aliam</span> <span class='ocrx_word' id='word_1_632' title='bbox 1811 1207 2005 1241; x_wconf 86' lang='lat' dir='ltr'>relationem</span> <span class='ocrx_word' id='word_1_633' title='bbox 2039 1205 2163 1240; x_wconf 84' lang='lat' dir='ltr'>laudati</span> 
     </span>
     <span class='ocr_line' id='line_1_89' title="bbox 1275 1255 2163 1299; baseline -0.001 -10"><span class='ocrx_word' id='word_1_634' title='bbox 1275 1256 1410 1299; x_wconf 72' lang='lat' dir='ltr'>joannis</span> <span class='ocrx_word' id='word_1_635' title='bbox 1443 1255 1642 1299; x_wconf 76' lang='lat' dir='ltr'>Brompmni</span> <span class='ocrx_word' id='word_1_636' title='bbox 1666 1279 1677 1298; x_wconf 91' lang='lat'>,</span> <span class='ocrx_word' id='word_1_637' title='bbox 1717 1256 1884 1291; x_wconf 88' lang='lat' dir='ltr'>scribentis</span> <span class='ocrx_word' id='word_1_638' title='bbox 1917 1257 1958 1291; x_wconf 90' lang='lat' dir='ltr'>de</span> <span class='ocrx_word' id='word_1_639' title='bbox 1987 1256 2163 1291; x_wconf 90' lang='lat' dir='ltr'>Ludovico</span> 
     </span>
     <span class='ocr_line' id='line_1_90' title="bbox 1278 1305 2163 1350; baseline 0 -11"><span class='ocrx_word' id='word_1_640' title='bbox 1278 1305 1355 1340; x_wconf 86' lang='lat' dir='ltr'>Vll.</span> <span class='ocrx_word' id='word_1_641' title='bbox 1366 1306 1567 1339; x_wconf 87' lang='lat' dir='ltr'>Francorum</span> <span class='ocrx_word' id='word_1_642' title='bbox 1582 1306 1678 1350; x_wconf 86' lang='lat' dir='ltr'>Rege</span> <span class='ocrx_word' id='word_1_643' title='bbox 1691 1330 1702 1346; x_wconf 94' lang='lat'><em>‚</em></span> <span class='ocrx_word' id='word_1_644' title='bbox 1729 1305 1895 1340; x_wconf 82' lang='lat' dir='ltr'>obsidente</span> <span class='ocrx_word' id='word_1_645' title='bbox 1908 1306 2079 1340; x_wconf 86' lang='lat' dir='ltr'>civitatem</span> <span class='ocrx_word' id='word_1_646' title='bbox 2094 1305 2163 1339; x_wconf 89' lang='lat' dir='ltr'>Ro.-</span> 
     </span>
     <span class='ocr_line' id='line_1_91' title="bbox 1275 1354 2162 1401; baseline -0.001 -12"><span class='ocrx_word' id='word_1_647' title='bbox 1275 1354 1548 1401; x_wconf 79' lang='lat' dir='ltr'>thomagensemt</span> <span class='ocrx_word' id='word_1_648' title='bbox 1574 1356 1652 1388; x_wconf 70' lang='lat' dir='ltr'>Cum</span> <span class='ocrx_word' id='word_1_649' title='bbox 1671 1364 1727 1396; x_wconf 88' lang='lat' dir='ltr'>per</span> <span class='ocrx_word' id='word_1_650' title='bbox 1754 1358 1820 1389; x_wconf 83' lang='lat' dir='ltr'>dies</span> <span class='ocrx_word' id='word_1_651' title='bbox 1839 1356 1988 1397; x_wconf 83' lang='lat' dir='ltr'>plurimos</span> <span class='ocrx_word' id='word_1_652' title='bbox 2004 1354 2045 1397; x_wconf 82' lang='lat' dir='ltr'>fic</span> <span class='ocrx_word' id='word_1_653' title='bbox 2069 1364 2162 1388; x_wconf 80' lang='lat' dir='ltr'>certa-</span> 
     </span>
     <span class='ocr_line' id='line_1_92' title="bbox 1274 1405 2161 1448; baseline 0 -10"><span class='ocrx_word' id='word_1_654' title='bbox 1274 1416 1377 1445; x_wconf 81' lang='lat' dir='ltr'>retur,</span> <span class='ocrx_word' id='word_1_655' title='bbox 1402 1415 1435 1439; x_wconf 88' lang='lat' dir='ltr'>ut</span> <span class='ocrx_word' id='word_1_656' title='bbox 1459 1417 1551 1448; x_wconf 88' lang='lat' dir='ltr'>neque</span> <span class='ocrx_word' id='word_1_657' title='bbox 1573 1405 1606 1438; x_wconf 78' lang='lat' dir='ltr'>hi</span> <span class='ocrx_word' id='word_1_658' title='bbox 1619 1429 1630 1446; x_wconf 91' lang='lat'>,</span> <span class='ocrx_word' id='word_1_659' title='bbox 1656 1416 1753 1448; x_wconf 84' lang='lat' dir='ltr'>neque</span> <span class='ocrx_word' id='word_1_660' title='bbox 1775 1407 1829 1438; x_wconf 84' lang='lat' dir='ltr'>alii</span> <span class='ocrx_word' id='word_1_661' title='bbox 1848 1412 1880 1439; x_wconf 86' lang='lat' dir='ltr'>in</span> <span class='ocrx_word' id='word_1_662' title='bbox 1902 1406 2000 1448; x_wconf 82' lang='lat' dir='ltr'>aliquo</span> <span class='ocrx_word' id='word_1_663' title='bbox 2022 1406 2161 1445; x_wconf 83' lang='lat' dir='ltr'>remiffius</span> 
     </span>
     <span class='ocr_line' id='line_1_93' title="bbox 1272 1455 2160 1500; baseline 0 -12"><span class='ocrx_word' id='word_1_664' title='bbox 1272 1466 1416 1500; x_wconf 81' lang='lat' dir='ltr'>agerent,</span> <span class='ocrx_word' id='word_1_665' title='bbox 1445 1455 1655 1496; x_wconf 75' lang='lat' dir='ltr'>Beatiadfuit</span> <span class='ocrx_word' id='word_1_666' title='bbox 1668 1459 1828 1489; x_wconf 86' lang='lat' dir='ltr'>Laurentii</span> <span class='ocrx_word' id='word_1_667' title='bbox 1834 1455 1967 1497; x_wconf 71' lang='lat' dir='ltr'>festivus</span> <span class='ocrx_word' id='word_1_668' title='bbox 1978 1457 2045 1489; x_wconf 88' lang='lat' dir='ltr'>dies</span> <span class='ocrx_word' id='word_1_669' title='bbox 2057 1480 2072 1489; x_wconf 78' lang='lat'>..</span> <span class='ocrx_word' id='word_1_670' title='bbox 2093 1458 2160 1489; x_wconf 82' lang='lat' dir='ltr'>Rex</span> 
     </span>
     <span class='ocr_line' id='line_1_94' title="bbox 1274 1503 2161 1548; baseline -0.001 -9"><span class='ocrx_word' id='word_1_671' title='bbox 1274 1516 1374 1539; x_wconf 85' lang='lat' dir='ltr'>autem</span> <span class='ocrx_word' id='word_1_672' title='bbox 1390 1511 1535 1541; x_wconf 85' lang='lat' dir='ltr'>Franciae</span> <span class='ocrx_word' id='word_1_673' title='bbox 1550 1528 1561 1545; x_wconf 89' lang='lat'>,</span> <span class='ocrx_word' id='word_1_674' title='bbox 1583 1513 1641 1547; x_wconf 85' lang='lat' dir='ltr'>pro</span> <span class='ocrx_word' id='word_1_675' title='bbox 1651 1503 1784 1547; x_wconf 84' lang='lat' dir='ltr'>ejusdem</span> <span class='ocrx_word' id='word_1_676' title='bbox 1797 1506 1875 1546; x_wconf 85' lang='lat' dir='ltr'>Festi</span> <span class='ocrx_word' id='word_1_677' title='bbox 1888 1513 2080 1546; x_wconf 79' lang='lat' dir='ltr'>reverentia,</span> <span class='ocrx_word' id='word_1_678' title='bbox 2106 1517 2161 1548; x_wconf 87' lang='lat' dir='ltr'>quo</span> 
     </span>
     <span class='ocr_line' id='line_1_95' title="bbox 1273 1554 2160 1598; baseline -0.001 -9"><span class='ocrx_word' id='word_1_679' title='bbox 1273 1556 1386 1589; x_wconf 55' lang='lat' dir='ltr'>dicium</span> <span class='ocrx_word' id='word_1_680' title='bbox 1418 1555 1560 1588; x_wconf 61' lang='lat' dir='ltr'>samium</span> <span class='ocrx_word' id='word_1_681' title='bbox 1590 1554 1757 1597; x_wconf 79' lang='lat' dir='ltr'>specialiter</span> <span class='ocrx_word' id='word_1_682' title='bbox 1779 1555 1971 1598; x_wconf 82' lang='lat' dir='ltr'>consueverat</span> <span class='ocrx_word' id='word_1_683' title='bbox 1994 1562 2135 1590; x_wconf 79' lang='lat' dir='ltr'>venerari</span> <span class='ocrx_word' id='word_1_684' title='bbox 2148 1579 2160 1596; x_wconf 90' lang='lat'>,</span> 
     </span>
     <span class='ocr_line' id='line_1_96' title="bbox 1272 1604 2160 1648; baseline -0.002 -8"><span class='ocrx_word' id='word_1_685' title='bbox 1272 1612 1400 1648; x_wconf 83' lang='lat' dir='ltr'>requiem</span> <span class='ocrx_word' id='word_1_686' title='bbox 1423 1604 1484 1648; x_wconf 81' lang='lat' dir='ltr'>ipso</span> <span class='ocrx_word' id='word_1_687' title='bbox 1508 1607 1556 1638; x_wconf 86' lang='lat' dir='ltr'>die</span> <span class='ocrx_word' id='word_1_688' title='bbox 1577 1611 1710 1640; x_wconf 80' lang='lat' dir='ltr'>Civitati</span> <span class='ocrx_word' id='word_1_689' title='bbox 1738 1608 1887 1639; x_wconf 82' lang='lat' dir='ltr'>indultam</span> <span class='ocrx_word' id='word_1_690' title='bbox 1918 1617 1986 1640; x_wconf 83' lang='lat' dir='ltr'>voce</span> <span class='ocrx_word' id='word_1_691' title='bbox 2006 1611 2160 1648; x_wconf 86' lang='lat' dir='ltr'>praeconis</span> 
     </span>
     <span class='ocr_line' id='line_1_97' title="bbox 1265 1656 2162 1700; baseline -0.001 -11"><span class='ocrx_word' id='word_1_692' title='bbox 1265 1657 1350 1697; x_wconf 82' lang='lat' dir='ltr'>juffit</span> <span class='ocrx_word' id='word_1_693' title='bbox 1365 1656 1515 1699; x_wconf 79' lang='lat' dir='ltr'>publicari</span> <span class='ocrx_word' id='word_1_694' title='bbox 1538 1680 1545 1688; x_wconf 93' lang='lat'><strong>.</strong></span> <span class='ocrx_word' id='word_1_695' title='bbox 1595 1658 1702 1699; x_wconf 73' lang='lat' dir='ltr'>‚Quam</span> <span class='ocrx_word' id='word_1_696' title='bbox 1719 1662 1855 1699; x_wconf 82' lang='lat' dir='ltr'>gratiam</span> <span class='ocrx_word' id='word_1_697' title='bbox 1878 1660 1973 1692; x_wconf 75' lang='lat' dir='ltr'>Cives</span> <span class='ocrx_word' id='word_1_698' title='bbox 1988 1658 2079 1700; x_wconf 65' lang='lat' dir='ltr'>grati</span> <span class='ocrx_word' id='word_1_699' title='bbox 2097 1667 2162 1697; x_wconf 71' lang='lat' dir='ltr'>am-</span> 
     </span>
     <span class='ocr_line' id='line_1_98' title="bbox 1269 1706 2162 1749; baseline -0.001 -9"><span class='ocrx_word' id='word_1_700' title='bbox 1269 1708 1378 1749; x_wconf 80' lang='lat' dir='ltr'>plexi,</span> <span class='ocrx_word' id='word_1_701' title='bbox 1405 1713 1460 1739; x_wconf 84' lang='lat' dir='ltr'>otio</span> <span class='ocrx_word' id='word_1_702' title='bbox 1479 1706 1640 1746; x_wconf 83' lang='lat' dir='ltr'>breviffimo</span> <span class='ocrx_word' id='word_1_703' title='bbox 1652 1707 1856 1745; x_wconf 68' lang='lat' dir='ltr'>jucundiffime*</span> <span class='ocrx_word' id='word_1_704' title='bbox 1869 1706 2054 1748; x_wconf 83' lang='lat' dir='ltr'>fruebantur</span> <span class='ocrx_word' id='word_1_705' title='bbox 2067 1731 2075 1739; x_wconf 90' lang='lat'><strong>.</strong></span> <span class='ocrx_word' id='word_1_706' title='bbox 2096 1707 2162 1749; x_wconf 70' lang='lat' dir='ltr'>Ju-</span> 
     </span>
     <span class='ocr_line' id='line_1_99' title="bbox 1272 1754 2157 1799; baseline -0.001 -8"><span class='ocrx_word' id='word_1_707' title='bbox 1272 1768 1365 1791; x_wconf 84' lang='lat' dir='ltr'>venes</span> <span class='ocrx_word' id='word_1_708' title='bbox 1389 1758 1423 1790; x_wconf 69' lang='lat'>(5</span> <span class='ocrx_word' id='word_1_709' title='bbox 1448 1760 1585 1799; x_wconf 86' lang='lat' dir='ltr'>Virgines</span> <span class='ocrx_word' id='word_1_710' title='bbox 1613 1780 1623 1795; x_wconf 90' lang='lat'>,</span> <span class='ocrx_word' id='word_1_711' title='bbox 1646 1754 1735 1798; x_wconf 84' lang='lat' dir='ltr'>senes</span> <span class='ocrx_word' id='word_1_712' title='bbox 1759 1767 1824 1789; x_wconf 91' lang='lat' dir='ltr'>cum</span> <span class='ocrx_word' id='word_1_713' title='bbox 1840 1758 2014 1798; x_wconf 81' lang='lat' dir='ltr'>junioribus</span> <span class='ocrx_word' id='word_1_714' title='bbox 2037 1760 2099 1790; x_wconf 90' lang='lat' dir='ltr'>Deo</span> <span class='ocrx_word' id='word_1_715' title='bbox 2123 1758 2157 1790; x_wconf 61' lang='grc' dir='ltr'>Θ</span> 
     </span>
     <span class='ocr_line' id='line_1_100' title="bbox 1272 1806 2158 1848; baseline -0.002 -8"><span class='ocrx_word' id='word_1_716' title='bbox 1272 1807 1380 1840; x_wconf 69' lang='lat' dir='ltr'>sanilo</span> <span class='ocrx_word' id='word_1_717' title='bbox 1405 1811 1570 1840; x_wconf 85' lang='lat' dir='ltr'>Laurentio</span> <span class='ocrx_word' id='word_1_718' title='bbox 1588 1814 1644 1848; x_wconf 82' lang='lat' dir='ltr'>pro</span> <span class='ocrx_word' id='word_1_719' title='bbox 1667 1808 1728 1839; x_wconf 84' lang='lat' dir='ltr'>diei</span> <span class='ocrx_word' id='word_1_720' title='bbox 1749 1806 1859 1840; x_wconf 85' lang='lat' dir='ltr'>laetitia</span> <span class='ocrx_word' id='word_1_721' title='bbox 1876 1832 1886 1847; x_wconf 95' lang='lat'>,</span> <span class='ocrx_word' id='word_1_722' title='bbox 1911 1807 2032 1840; x_wconf 83' lang='lat' dir='ltr'>choreas</span> <span class='ocrx_word' id='word_1_723' title='bbox 2053 1807 2158 1839; x_wconf 80' lang='lat' dir='ltr'>ducen-</span> 
     </span>
     <span class='ocr_line' id='line_1_101' title="bbox 1273 1855 2158 1900; baseline 0 -11"><span class='ocrx_word' id='word_1_724' title='bbox 1273 1868 1338 1898; x_wconf 81' lang='lat' dir='ltr'>tes,</span> <span class='ocrx_word' id='word_1_725' title='bbox 1360 1862 1480 1900; x_wconf 80' lang='lat' dir='ltr'>gratias</span> <span class='ocrx_word' id='word_1_726' title='bbox 1491 1855 1697 1899; x_wconf 82' lang='lat' dir='ltr'>exsolverunt,</span> <span class='ocrx_word' id='word_1_727' title='bbox 1727 1857 1869 1891; x_wconf 80' lang='lat' dir='ltr'>militibus</span> <span class='ocrx_word' id='word_1_728' title='bbox 1882 1863 2038 1890; x_wconf 83' lang='lat' dir='ltr'>civitatem</span> <span class='ocrx_word' id='word_1_729' title='bbox 2052 1867 2158 1889; x_wconf 63' lang='lat' dir='ltr'>extum</span> 
     </span>
     <span class='ocr_line' id='line_1_102' title="bbox 1273 1905 2157 1950; baseline -0.002 -10"><span class='ocrx_word' id='word_1_730' title='bbox 1273 1908 1378 1948; x_wconf 82' lang='lat' dir='ltr'>tibus,</span> <span class='ocrx_word' id='word_1_731' title='bbox 1399 1905 1492 1950; x_wconf 80' lang='lat' dir='ltr'>super</span> <span class='ocrx_word' id='word_1_732' title='bbox 1511 1912 1612 1948; x_wconf 85' lang='lat' dir='ltr'>ripam</span> <span class='ocrx_word' id='word_1_733' title='bbox 1634 1905 1774 1947; x_wconf 73' lang='lat' dir='ltr'>fluminis</span> <span class='ocrx_word' id='word_1_734' title='bbox 1796 1913 1829 1939; x_wconf 86' lang='lat' dir='ltr'>in</span> <span class='ocrx_word' id='word_1_735' title='bbox 1854 1906 2006 1950; x_wconf 71' lang='lat' dir='ltr'>conspec‘lu</span> <span class='ocrx_word' id='word_1_736' title='bbox 2032 1906 2157 1947; x_wconf 72' lang='lat' dir='ltr'>bostium</span> 
     </span>
     <span class='ocr_line' id='line_1_103' title="bbox 1272 1955 2160 1998; baseline -0.001 -9"><span class='ocrx_word' id='word_1_737' title='bbox 1272 1959 1316 1989; x_wconf 80' lang='lat' dir='ltr'>ad</span> <span class='ocrx_word' id='word_1_738' title='bbox 1343 1958 1462 1992; x_wconf 78' lang='lat' dir='ltr'>laudem</span> <span class='ocrx_word' id='word_1_739' title='bbox 1491 1955 1652 1996; x_wconf 77' lang='lat' dir='ltr'>hastiludia</span> <span class='ocrx_word' id='word_1_740' title='bbox 1685 1956 1890 1990; x_wconf 78' lang='lat' dir='ltr'>exercentibus</span> <span class='ocrx_word' id='word_1_741' title='bbox 1913 1981 1920 1989; x_wconf 90' lang='lat'><strong>.</strong></span> <span class='ocrx_word' id='word_1_742' title='bbox 1959 1961 2063 1991; x_wconf 83' lang='lat' dir='ltr'>Comes</span> <span class='ocrx_word' id='word_1_743' title='bbox 2090 1958 2160 1998; x_wconf 59' lang='lat' dir='ltr'>erge</span> 
     </span>
     <span class='ocr_line' id='line_1_104' title="bbox 1274 2006 2160 2048; baseline -0.002 -8"><span class='ocrx_word' id='word_1_744' title='bbox 1274 2006 1467 2048; x_wconf 83' lang='lat' dir='ltr'>Flandrenfis</span> <span class='ocrx_word' id='word_1_745' title='bbox 1499 2017 1569 2039; x_wconf 86' lang='lat' dir='ltr'>mox</span> <span class='ocrx_word' id='word_1_746' title='bbox 1603 2008 1711 2048; x_wconf 63' lang='lat' dir='ltr'>Regem</span> <span class='ocrx_word' id='word_1_747' title='bbox 1744 2009 1884 2040; x_wconf 86' lang='lat' dir='ltr'>Franciae</span> <span class='ocrx_word' id='word_1_748' title='bbox 1905 2029 1916 2045; x_wconf 91' lang='lat'>,</span> <span class='ocrx_word' id='word_1_749' title='bbox 1952 2016 1988 2042; x_wconf 82' lang='lat' dir='ltr'>ut</span> <span class='ocrx_word' id='word_1_750' title='bbox 2012 2008 2125 2039; x_wconf 79' lang='lat' dir='ltr'>dicitur</span> <span class='ocrx_word' id='word_1_751' title='bbox 2149 2028 2160 2045; x_wconf 90' lang='lat'>,</span> 
     </span>
     <span class='ocr_line' id='line_1_105' title="bbox 1272 2053 2157 2099; baseline -0.001 -10"><span class='ocrx_word' id='word_1_752' title='bbox 1272 2056 1375 2090; x_wconf 83' lang='lat' dir='ltr'>adiens</span> <span class='ocrx_word' id='word_1_753' title='bbox 1388 2080 1400 2096; x_wconf 89' lang='lat'>,</span> <span class='ocrx_word' id='word_1_754' title='bbox 1418 2055 1459 2099; x_wconf 86' lang='lat' dir='ltr'>fic</span> <span class='ocrx_word' id='word_1_755' title='bbox 1482 2060 1542 2088; x_wconf 82' lang='lat' dir='ltr'>ait:</span> <span class='ocrx_word' id='word_1_756' title='bbox 1574 2057 1652 2088; x_wconf 84' lang='lat' dir='ltr'>Ecce</span> <span class='ocrx_word' id='word_1_757' title='bbox 1663 2059 1788 2089; x_wconf 81' lang='lat' dir='ltr'>civitas</span> <span class='ocrx_word' id='word_1_758' title='bbox 1806 2065 1940 2099; x_wconf 86' lang='lat' dir='ltr'>proqua</span> <span class='ocrx_word' id='word_1_759' title='bbox 1964 2056 2093 2089; x_wconf 87' lang='lat' dir='ltr'>multum</span> <span class='ocrx_word' id='word_1_760' title='bbox 2098 2053 2157 2098; x_wconf 81' lang='lat' dir='ltr'>su·-</span> 
     </span>
     <span class='ocr_line' id='line_1_106' title="bbox 1273 2101 2158 2148; baseline -0.002 -8"><span class='ocrx_word' id='word_1_761' title='bbox 1273 2108 1382 2140; x_wconf 84' lang='lat' dir='ltr'>damus</span> <span class='ocrx_word' id='word_1_762' title='bbox 1397 2131 1408 2148; x_wconf 92' lang='lat'>,</span> <span class='ocrx_word' id='word_1_763' title='bbox 1431 2105 1477 2138; x_wconf 73' lang='lat' dir='ltr'>bis</span> <span class='ocrx_word' id='word_1_764' title='bbox 1496 2106 1578 2140; x_wconf 70' lang='lat' dir='ltr'>intus</span> <span class='ocrx_word' id='word_1_765' title='bbox 1596 2104 1694 2139; x_wconf 86' lang='lat' dir='ltr'>choros</span> <span class='ocrx_word' id='word_1_766' title='bbox 1716 2101 1890 2139; x_wconf 78' lang='lat' dir='ltr'>ducentibus</span> <span class='ocrx_word' id='word_1_767' title='bbox 1902 2130 1911 2146; x_wconf 92' lang='lat'>,</span> <span class='ocrx_word' id='word_1_768' title='bbox 1940 2107 2000 2140; x_wconf 78' lang='lat' dir='ltr'>illis</span> <span class='ocrx_word' id='word_1_769' title='bbox 2009 2104 2091 2147; x_wconf 78' lang='lat' dir='ltr'>foris</span> <span class='ocrx_word' id='word_1_770' title='bbox 2112 2103 2158 2147; x_wconf 75' lang='lat' dir='ltr'>se·</span> 
     </span>
     <span class='ocr_line' id='line_1_107' title="bbox 1273 2154 2156 2197; baseline -0.001 -9"><span class='ocrx_word' id='word_1_771' title='bbox 1273 2159 1339 2189; x_wconf 66' lang='lat' dir='ltr'>cure*</span> <span class='ocrx_word' id='word_1_772' title='bbox 1358 2156 1548 2194; x_wconf 83' lang='lat' dir='ltr'>ludentibus,</span> <span class='ocrx_word' id='word_1_773' title='bbox 1571 2154 1679 2197; x_wconf 64' lang='lat' dir='ltr'>sponte*</span> <span class='ocrx_word' id='word_1_774' title='bbox 1702 2156 1784 2188; x_wconf 87' lang='lat' dir='ltr'>nobis</span> <span class='ocrx_word' id='word_1_775' title='bbox 1813 2155 1934 2196; x_wconf 82' lang='lat' dir='ltr'>offertur</span> <span class='ocrx_word' id='word_1_776' title='bbox 1955 2180 1962 2188; x_wconf 92' lang='lat'><strong>.</strong></span> <span class='ocrx_word' id='word_1_777' title='bbox 1990 2159 2156 2189; x_wconf 79' lang='lat' dir='ltr'>Exercitus</span> 
     </span>
     <span class='ocr_line' id='line_1_108' title="bbox 1273 2203 2158 2250; baseline 0 -13"><span class='ocrx_word' id='word_1_778' title='bbox 1273 2208 1341 2248; x_wconf 73' lang='lat' dir='ltr'>ergo</span> <span class='ocrx_word' id='word_1_779' title='bbox 1359 2210 1391 2237; x_wconf 86' lang='lat' dir='ltr'>in</span> <span class='ocrx_word' id='word_1_780' title='bbox 1403 2204 1518 2246; x_wconf 82' lang='lat' dir='ltr'>filentio</span> <span class='ocrx_word' id='word_1_781' title='bbox 1539 2216 1627 2236; x_wconf 86' lang='lat' dir='ltr'>arma</span> <span class='ocrx_word' id='word_1_782' title='bbox 1644 2203 1747 2245; x_wconf 84' lang='lat' dir='ltr'>sumat</span> <span class='ocrx_word' id='word_1_783' title='bbox 1762 2229 1772 2244; x_wconf 95' lang='lat'>‚</span> <span class='ocrx_word' id='word_1_784' title='bbox 1795 2205 1941 2250; x_wconf 87' lang='lat' dir='ltr'>scalisque</span> <span class='ocrx_word' id='word_1_785' title='bbox 1963 2207 2158 2248; x_wconf 54' lang='lat' dir='ltr'>repente-mu-</span> 
     </span>
     <span class='ocr_line' id='line_1_109' title="bbox 1273 2253 2157 2297; baseline 0.001 -11"><span class='ocrx_word' id='word_1_786' title='bbox 1273 2266 1304 2287; x_wconf 86' lang='lat' dir='ltr'>ro</span> <span class='ocrx_word' id='word_1_787' title='bbox 1326 2253 1481 2292; x_wconf 59' lang='lat' dir='ltr'>adjunctis</span> <span class='ocrx_word' id='word_1_788' title='bbox 1507 2259 1661 2286; x_wconf 82' lang='lat' dir='ltr'>civitatem</span> <span class='ocrx_word' id='word_1_789' title='bbox 1686 2253 1882 2288; x_wconf 75' lang='lat' dir='ltr'>obtinebimus</span> <span class='ocrx_word' id='word_1_790' title='bbox 1898 2278 1909 2293; x_wconf 89' lang='lat'>,</span> <span class='ocrx_word' id='word_1_791' title='bbox 1933 2264 2095 2297; x_wconf 85' lang='lat' dir='ltr'>antequam</span> <span class='ocrx_word' id='word_1_792' title='bbox 2121 2259 2157 2287; x_wconf 70' lang='lat' dir='ltr'>in</span> 
     </span>
     <span class='ocr_line' id='line_1_110' title="bbox 1273 2304 2157 2347; baseline 0 -11"><span class='ocrx_word' id='word_1_793' title='bbox 1273 2310 1431 2337; x_wconf 80' lang='lat' dir='ltr'>civitatem</span> <span class='ocrx_word' id='word_1_794' title='bbox 1462 2304 1579 2347; x_wconf 81' lang='lat' dir='ltr'>regredi</span> <span class='ocrx_word' id='word_1_795' title='bbox 1601 2305 1726 2336; x_wconf 85' lang='lat' dir='ltr'>valeant</span> <span class='ocrx_word' id='word_1_796' title='bbox 1748 2309 1799 2345; x_wconf 89' lang='lat' dir='ltr'>qui</span> <span class='ocrx_word' id='word_1_797' title='bbox 1821 2311 1878 2344; x_wconf 87' lang='lat' dir='ltr'>pro</span> <span class='ocrx_word' id='word_1_798' title='bbox 1904 2310 2078 2336; x_wconf 79' lang='lat' dir='ltr'>irritatione</span> <span class='ocrx_word' id='word_1_799' title='bbox 2105 2315 2157 2336; x_wconf 71' lang='lat' dir='ltr'>nu-</span> 
     </span>
     <span class='ocr_line' id='line_1_111' title="bbox 1269 2351 2152 2395; baseline -0.003 -6"><span class='ocrx_word' id='word_1_800' title='bbox 1269 2354 1333 2393; x_wconf 76' lang='lat' dir='ltr'>stra</span> <span class='ocrx_word' id='word_1_801' title='bbox 1352 2354 1483 2388; x_wconf 74' lang='lat' dir='ltr'>exterius</span> <span class='ocrx_word' id='word_1_802' title='bbox 1505 2361 1619 2387; x_wconf 84' lang='lat' dir='ltr'>vacant</span> <span class='ocrx_word' id='word_1_803' title='bbox 1632 2377 1639 2385; x_wconf 88' lang='lat'><strong>.</strong></span> <span class='ocrx_word' id='word_1_804' title='bbox 1669 2351 1747 2394; x_wconf 74' lang='lat' dir='ltr'>Abfit</span> <span class='ocrx_word' id='word_1_805' title='bbox 1761 2378 1771 2395; x_wconf 90' lang='lat'>,</span> <span class='ocrx_word' id='word_1_806' title='bbox 1796 2357 1919 2395; x_wconf 78' lang='lat' dir='ltr'>inquit,</span> <span class='ocrx_word' id='word_1_807' title='bbox 1942 2357 2032 2393; x_wconf 84' lang='lat' dir='ltr'>Rex,</span> <span class='ocrx_word' id='word_1_808' title='bbox 2060 2352 2152 2394; x_wconf 71' lang='lat' dir='ltr'>absit.</span> 
     </span>
     <span class='ocr_line' id='line_1_112' title="bbox 1264 2403 2156 2446; baseline 0.002 -10"><span class='ocrx_word' id='word_1_809' title='bbox 1264 2403 1356 2444; x_wconf 41' lang='lat' dir='ltr'>*Musti</span> <span class='ocrx_word' id='word_1_810' title='bbox 1376 2410 1455 2440; x_wconf 79' lang='lat' dir='ltr'>enim</span> <span class='ocrx_word' id='word_1_811' title='bbox 1477 2415 1524 2437; x_wconf 88' lang='lat' dir='ltr'>me</span> <span class='ocrx_word' id='word_1_812' title='bbox 1541 2412 1599 2446; x_wconf 88' lang='lat' dir='ltr'>pro</span> <span class='ocrx_word' id='word_1_813' title='bbox 1617 2408 1790 2437; x_wconf 71' lang='lat' dir='ltr'>reverentia</span> <span class='ocrx_word' id='word_1_814' title='bbox 1816 2405 1908 2438; x_wconf 85' lang='lat' dir='ltr'>Beati</span> <span class='ocrx_word' id='word_1_815' title='bbox 1931 2407 2086 2437; x_wconf 85' lang='lat' dir='ltr'>Laurentii</span> <span class='ocrx_word' id='word_1_816' title='bbox 2111 2408 2156 2438; x_wconf 72' lang='lat' dir='ltr'>ine·</span> 
     </span>
     <span class='ocr_line' id='line_1_113' title="bbox 1273 2453 2155 2497; baseline 0 -11"><span class='ocrx_word' id='word_1_817' title='bbox 1273 2453 1380 2497; x_wconf 83' lang='lat' dir='ltr'>dulfisse</span> <span class='ocrx_word' id='word_1_818' title='bbox 1403 2454 1495 2496; x_wconf 87' lang='lat' dir='ltr'>hujus</span> <span class='ocrx_word' id='word_1_819' title='bbox 1517 2455 1577 2487; x_wconf 80' lang='lat' dir='ltr'>diei</span> <span class='ocrx_word' id='word_1_820' title='bbox 1599 2458 1732 2496; x_wconf 85' lang='lat' dir='ltr'>requiem</span> <span class='ocrx_word' id='word_1_821' title='bbox 1753 2459 1891 2488; x_wconf 83' lang='lat' dir='ltr'>civitati.</span> <span class='ocrx_word' id='word_1_822' title='bbox 1922 2457 2004 2487; x_wconf 89' lang='lat' dir='ltr'>Tunc</span> <span class='ocrx_word' id='word_1_823' title='bbox 2025 2458 2155 2487; x_wconf 79' lang='lat' dir='ltr'>univer-</span> 
     </span>
     <span class='ocr_line' id='line_1_114' title="bbox 1268 2502 2155 2547; baseline 0 -11"><span class='ocrx_word' id='word_1_824' title='bbox 1268 2503 1293 2544; x_wconf 80' lang='lat' dir='ltr'><em>fi</em></span> <span class='ocrx_word' id='word_1_825' title='bbox 1303 2507 1438 2538; x_wconf 87' lang='lat' dir='ltr'>Proceres</span> <span class='ocrx_word' id='word_1_826' title='bbox 1462 2509 1514 2546; x_wconf 85' lang='lat' dir='ltr'>qui</span> <span class='ocrx_word' id='word_1_827' title='bbox 1538 2503 1687 2542; x_wconf 81' lang='lat' dir='ltr'>aderant,</span> <span class='ocrx_word' id='word_1_828' title='bbox 1705 2503 1863 2545; x_wconf 78' lang='lat' dir='ltr'>familiari</span> <span class='ocrx_word' id='word_1_829' title='bbox 1887 2502 1961 2547; x_wconf 87' lang='lat' dir='ltr'>ausu</span> <span class='ocrx_word' id='word_1_830' title='bbox 1983 2508 2074 2547; x_wconf 81' lang='lat' dir='ltr'>Regis</span> <span class='ocrx_word' id='word_1_831' title='bbox 2086 2504 2155 2539; x_wconf 85' lang='lat' dir='ltr'>mol·</span> 
     </span>
     <span class='ocr_line' id='line_1_115' title="bbox 1271 2554 2155 2597; baseline -0.001 -10"><span class='ocrx_word' id='word_1_832' title='bbox 1271 2555 1366 2588; x_wconf 83' lang='lat' dir='ltr'>litiem</span> <span class='ocrx_word' id='word_1_833' title='bbox 1385 2559 1571 2596; x_wconf 83' lang='lat' dir='ltr'>increpantes</span> <span class='ocrx_word' id='word_1_834' title='bbox 1592 2577 1604 2594; x_wconf 91' lang='lat'>,</span> <span class='ocrx_word' id='word_1_835' title='bbox 1639 2554 1783 2587; x_wconf 85' lang='lat' dir='ltr'>dixerunt</span> <span class='ocrx_word' id='word_1_836' title='bbox 1808 2565 1816 2584; x_wconf 78' lang='lat' dir='ltr'>z</span> <span class='ocrx_word' id='word_1_837' title='bbox 1844 2554 1938 2586; x_wconf 88' lang='lat' dir='ltr'>Dolus</span> <span class='ocrx_word' id='word_1_838' title='bbox 1959 2565 2003 2586; x_wconf 85' lang='lat' dir='ltr'>an</span> <span class='ocrx_word' id='word_1_839' title='bbox 2026 2559 2125 2590; x_wconf 73' lang='lat' dir='ltr'>virtus</span> <span class='ocrx_word' id='word_1_840' title='bbox 2141 2576 2155 2597; x_wconf 69' lang='lat'>,</span> 
     </span>
     <span class='ocr_line' id='line_1_116' title="bbox 1272 2603 2153 2647; baseline -0.001 -10"><span class='ocrx_word' id='word_1_841' title='bbox 1272 2606 1350 2647; x_wconf 84' lang='lat' dir='ltr'>quid</span> <span class='ocrx_word' id='word_1_842' title='bbox 1368 2615 1442 2636; x_wconf 87' lang='lat' dir='ltr'>nunc</span> <span class='ocrx_word' id='word_1_843' title='bbox 1466 2609 1595 2637; x_wconf 87' lang='lat' dir='ltr'>exerceri</span> <span class='ocrx_word' id='word_1_844' title='bbox 1618 2603 1724 2636; x_wconf 79' lang='lat' dir='ltr'>debeat</span> <span class='ocrx_word' id='word_1_845' title='bbox 1749 2627 1760 2642; x_wconf 93' lang='lat'>,</span> <span class='ocrx_word' id='word_1_846' title='bbox 1799 2609 1866 2644; x_wconf 88' lang='lat' dir='ltr'>quis</span> <span class='ocrx_word' id='word_1_847' title='bbox 1890 2609 1971 2637; x_wconf 86' lang='lat' dir='ltr'>enim</span> <span class='ocrx_word' id='word_1_848' title='bbox 1992 2608 2153 2638; x_wconf 77' lang='lat' dir='ltr'>veritatem</span> 
     </span>
     <span class='ocr_line' id='line_1_117' title="bbox 1270 2652 2156 2697; baseline 0.001 -11"><span class='ocrx_word' id='word_1_849' title='bbox 1270 2659 1303 2687; x_wconf 85' lang='lat' dir='ltr'>in</span> <span class='ocrx_word' id='word_1_850' title='bbox 1328 2654 1402 2693; x_wconf 81' lang='lat' dir='ltr'>hoste</span> <span class='ocrx_word' id='word_1_851' title='bbox 1426 2656 1581 2696; x_wconf 84' lang='lat' dir='ltr'>requirat!</span> <span class='ocrx_word' id='word_1_852' title='bbox 1608 2653 1710 2686; x_wconf 75' lang='lat' dir='ltr'>Vilius</span> <span class='ocrx_word' id='word_1_853' title='bbox 1726 2652 1766 2694; x_wconf 80' lang='lat' dir='ltr'>fic</span> <span class='ocrx_word' id='word_1_854' title='bbox 1791 2654 1916 2689; x_wconf 80' lang='lat' dir='ltr'>tandem</span> <span class='ocrx_word' id='word_1_855' title='bbox 1947 2657 2014 2692; x_wconf 78' lang='lat' dir='ltr'>Rex</span> <span class='ocrx_word' id='word_1_856' title='bbox 2038 2658 2156 2697; x_wconf 81' lang='lat' dir='ltr'>acquie-</span> 
     </span>
     <span class='ocr_line' id='line_1_118' title="bbox 1271 2699 2155 2747; baseline -0.002 -10"><span class='ocrx_word' id='word_1_857' title='bbox 1271 2710 1335 2738; x_wconf 82' lang='lat' dir='ltr'>vit.</span> <span class='ocrx_word' id='word_1_858' title='bbox 1363 2709 1470 2747; x_wconf 82' lang='lat' dir='ltr'>ltaque</span> <span class='ocrx_word' id='word_1_859' title='bbox 1490 2716 1547 2736; x_wconf 83' lang='lat' dir='ltr'>non</span> <span class='ocrx_word' id='word_1_860' title='bbox 1562 2712 1617 2745; x_wconf 85' lang='lat' dir='ltr'>per</span> <span class='ocrx_word' id='word_1_861' title='bbox 1628 2714 1728 2737; x_wconf 84' lang='lat' dir='ltr'>vocem</span> <span class='ocrx_word' id='word_1_862' title='bbox 1748 2703 1828 2736; x_wconf 85' lang='lat' dir='ltr'>tubae</span> <span class='ocrx_word' id='word_1_863' title='bbox 1847 2701 1898 2745; x_wconf 89' lang='lat' dir='ltr'>seu</span> <span class='ocrx_word' id='word_1_864' title='bbox 1906 2710 2073 2745; x_wconf 71' lang='lat' dir='ltr'>preconis,</span> <span class='ocrx_word' id='word_1_865' title='bbox 2087 2699 2155 2745; x_wconf 69' lang='lat' dir='ltr'>vsed</span> 
     </span>
     <span class='ocr_line' id='line_1_119' title="bbox 1266 2752 2152 2797; baseline -0.001 -10"><span class='ocrx_word' id='word_1_866' title='bbox 1266 2753 1338 2796; x_wconf 78' lang='lat' dir='ltr'>solis</span> <span class='ocrx_word' id='word_1_867' title='bbox 1365 2758 1481 2787; x_wconf 87' lang='lat' dir='ltr'>Ducum</span> <span class='ocrx_word' id='word_1_868' title='bbox 1497 2752 1629 2797; x_wconf 82' lang='lat' dir='ltr'>susurris</span> <span class='ocrx_word' id='word_1_869' title='bbox 1642 2756 1806 2788; x_wconf 71' lang='lat' dir='ltr'>Exercitus</span> <span class='ocrx_word' id='word_1_870' title='bbox 1827 2761 2043 2794; x_wconf 63' lang='lat' dir='ltr'>proeparatur.</span> <span class='ocrx_word' id='word_1_871' title='bbox 2070 2752 2152 2786; x_wconf 85' lang='lat' dir='ltr'>Pro-</span> 
     </span>
     <span class='ocr_line' id='line_1_120' title="bbox 1270 2802 2151 2848; baseline -0.001 -11"><span class='ocrx_word' id='word_1_872' title='bbox 1270 2804 1345 2838; x_wconf 76' lang='lat' dir='ltr'>inde</span> <span class='ocrx_word' id='word_1_873' title='bbox 1366 2806 1467 2848; x_wconf 86' lang='lat' dir='ltr'>pietas</span> <span class='ocrx_word' id='word_1_874' title='bbox 1491 2803 1632 2847; x_wconf 73' lang='lat' dir='ltr'>primurn</span> <span class='ocrx_word' id='word_1_875' title='bbox 1658 2803 1821 2839; x_wconf 86' lang='lat' dir='ltr'>diminuta</span> <span class='ocrx_word' id='word_1_876' title='bbox 1843 2802 1906 2836; x_wconf 86' lang='lat' dir='ltr'>fuir</span> <span class='ocrx_word' id='word_1_877' title='bbox 1932 2803 1967 2836; x_wconf 72' lang='grc' dir='ltr'>δε</span> <span class='ocrx_word' id='word_1_878' title='bbox 1986 2803 2151 2838; x_wconf 63' lang='lat' dir='ltr'>contraisti}</span> 
     </span>
     <span class='ocr_line' id='line_1_121' title="bbox 1268 2851 2152 2896; baseline -0.006 -8"><span class='ocrx_word' id='word_1_879' title='bbox 1268 2856 1307 2888; x_wconf 85' lang='lat' dir='ltr'>ad</span> <span class='ocrx_word' id='word_1_880' title='bbox 1331 2854 1580 2889; x_wconf 69' lang='lat' dir='ltr'>solemnissimos</span> <span class='ocrx_word' id='word_1_881' title='bbox 1599 2853 1692 2893; x_wconf 83' lang='lat' dir='ltr'>dies,</span> <span class='ocrx_word' id='word_1_882' title='bbox 1729 2853 1864 2890; x_wconf 86' lang='lat' dir='ltr'>tandem</span> <span class='ocrx_word' id='word_1_883' title='bbox 1885 2851 2015 2896; x_wconf 78' lang='lat' dir='ltr'>penitus</span> <span class='ocrx_word' id='word_1_884' title='bbox 2032 2852 2152 2886; x_wconf 50' lang='lat' dir='ltr'>exstinq</span> 
     </span>
     <span class='ocr_line' id='line_1_122' title="bbox 1268 2901 2151 2949; baseline -0.002 -11"><span class='ocrx_word' id='word_1_885' title='bbox 1268 2906 1335 2939; x_wconf 72' lang='lat' dir='ltr'>sta.</span> <span class='ocrx_word' id='word_1_886' title='bbox 1365 2905 1512 2940; x_wconf 87' lang='lat' dir='ltr'>Utinam</span> <span class='ocrx_word' id='word_1_887' title='bbox 1536 2915 1591 2949; x_wconf 87' lang='lat' dir='ltr'>per</span> <span class='ocrx_word' id='word_1_888' title='bbox 1617 2904 1797 2947; x_wconf 87' lang='lat' dir='ltr'>Episcopos</span> <span class='ocrx_word' id='word_1_889' title='bbox 1829 2911 2010 2947; x_wconf 79' lang='lat' dir='ltr'>reparetur.</span> <span class='ocrx_word' id='word_1_890' title='bbox 2038 2901 2083 2938; x_wconf 87' lang='lat' dir='ltr'>Et</span> <span class='ocrx_word' id='word_1_891' title='bbox 2104 2901 2151 2943; x_wconf 74' lang='lat' dir='ltr'>est</span> 
     </span>
     <span class='ocr_line' id='line_1_123' title="bbox 1269 2954 1409 2991; baseline -0.007 -2"><span class='ocrx_word' id='word_1_892' title='bbox 1269 2954 1409 2991; x_wconf 75' lang='lat' dir='ltr'>necesse.</span> 
     </span>
    </p>
   </div>
   <div class='ocr_carea' id='block_1_18' title="bbox 1417 3051 2001 3089">
    <p class='ocr_par' dir='ltr' id='par_1_19' title="bbox 1417 3051 2001 3089">
     <span class='ocr_line' id='line_1_124' title="bbox 1417 3051 2001 3089; baseline -0.007 0"><span class='ocrx_word' id='word_1_893' title='bbox 1417 3051 1789 3089; x_wconf 86' lang='lat' dir='ltr'>CAPUT</span> <span class='ocrx_word' id='word_1_894' title='bbox 1888 3052 2001 3089; x_wconf 78' lang='lat' dir='ltr'>X111,</span> 
     </span>
    </p>
   </div>
   <div class='ocr_carea' id='block_1_19' title="bbox 1317 3154 2098 3198">
    <p class='ocr_par' dir='ltr' id='par_1_20' title="bbox 1317 3154 2098 3198">
     <span class='ocr_line' id='line_1_125' title="bbox 1317 3154 2098 3198; baseline -0.005 -8"><span class='ocrx_word' id='word_1_895' title='bbox 1317 3159 1364 3190; x_wconf 85' lang='lat' dir='ltr'>De</span> <span class='ocrx_word' id='word_1_896' title='bbox 1385 3161 1442 3198; x_wconf 79' lang='lat' dir='ltr'>pia</span> <span class='ocrx_word' id='word_1_897' title='bbox 1463 3157 1598 3189; x_wconf 82' lang='lat' dir='ltr'>Militum</span> <span class='ocrx_word' id='word_1_898' title='bbox 1619 3155 1664 3191; x_wconf 79' lang='lat' dir='ltr'>ad</span> <span class='ocrx_word' id='word_1_899' title='bbox 1686 3154 1833 3187; x_wconf 77' lang='lat' dir='ltr'>Praelium</span> <span class='ocrx_word' id='word_1_900' title='bbox 1849 3156 2078 3196; x_wconf 66' lang='lat' dir='ltr'>preparatione</span> <span class='ocrx_word' id='word_1_901' title='bbox 2090 3178 2098 3186; x_wconf 91' lang='lat'>.</span> 
     </span>
    </p>
   </div>
   <div class='ocr_carea' id='block_1_20' title="bbox 1268 3252 2149 3592">
    <p class='ocr_par' dir='ltr' id='par_1_21' title="bbox 1269 3252 2149 3300">
     <span class='ocr_line' id='line_1_126' title="bbox 1269 3252 2149 3300; baseline -0.005 -10"><span class='ocrx_word' id='word_1_902' title='bbox 1269 3274 1271 3277; x_wconf 38' lang='lat' dir='ltr'><strong>f</strong></span> <span class='ocrx_word' id='word_1_903' title='bbox 1362 3255 1462 3290; x_wconf 78' lang='lat' dir='ltr'>Primi</span> <span class='ocrx_word' id='word_1_904' title='bbox 1475 3256 1622 3300; x_wconf 77' lang='lat' dir='ltr'>Maiores</span> <span class='ocrx_word' id='word_1_905' title='bbox 1635 3253 1733 3289; x_wconf 81' lang='lat' dir='ltr'>nostri</span> <span class='ocrx_word' id='word_1_906' title='bbox 1755 3252 1795 3287; x_wconf 88' lang='lat' dir='ltr'>ad</span> <span class='ocrx_word' id='word_1_907' title='bbox 1819 3255 2059 3290; x_wconf 87' lang='lat' dir='ltr'>committenda</span> <span class='ocrx_word' id='word_1_908' title='bbox 2072 3263 2149 3296; x_wconf 60' lang='lat' dir='ltr'>prae«</span> 
     </span>
    </p>

    <p class='ocr_par' dir='ltr' id='par_1_22' title="bbox 1382 3305 2147 3351">
     <span class='ocr_line' id='line_1_127' title="bbox 1382 3305 2147 3351; baseline -0.008 -11"><span class='ocrx_word' id='word_1_909' title='bbox 1382 3307 1425 3341; x_wconf 86' lang='lat' dir='ltr'>lia</span> <span class='ocrx_word' id='word_1_910' title='bbox 1447 3308 1480 3341; x_wconf 91' lang='lat' dir='ltr'>se</span> <span class='ocrx_word' id='word_1_911' title='bbox 1491 3305 1627 3351; x_wconf 73' lang='lat' dir='ltr'>piiffime</span> <span class='ocrx_word' id='word_1_912' title='bbox 1638 3316 1854 3349; x_wconf 84' lang='lat' dir='ltr'>praepararunt</span> <span class='ocrx_word' id='word_1_913' title='bbox 1871 3329 1881 3345; x_wconf 93' lang='lat'>,</span> <span class='ocrx_word' id='word_1_914' title='bbox 1908 3315 2064 3350; x_wconf 83' lang='lat' dir='ltr'>tanquam</span> <span class='ocrx_word' id='word_1_915' title='bbox 2079 3313 2147 3335; x_wconf 88' lang='lat' dir='ltr'>mo-</span> 
     </span>
    </p>

    <p class='ocr_par' dir='ltr' id='par_1_23' title="bbox 1268 3354 2146 3401">
     <span class='ocr_line' id='line_1_128' title="bbox 1268 3354 2146 3401; baseline -0.009 -9"><span class='ocrx_word' id='word_1_916' title='bbox 1268 3357 1386 3397; x_wconf 87' lang='lat' dir='ltr'>rituri,</span> <span class='ocrx_word' id='word_1_917' title='bbox 1413 3358 1447 3391; x_wconf 89' lang='lat'>&amp;</span> <span class='ocrx_word' id='word_1_918' title='bbox 1471 3369 1530 3401; x_wconf 88' lang='lat' dir='ltr'>pro</span> <span class='ocrx_word' id='word_1_919' title='bbox 1547 3356 1674 3400; x_wconf 82' lang='lat' dir='ltr'>Justitia</span> <span class='ocrx_word' id='word_1_920' title='bbox 1696 3356 1873 3397; x_wconf 69' lang='lat' dir='ltr'>profesturi</span> <span class='ocrx_word' id='word_1_921' title='bbox 1895 3354 1936 3389; x_wconf 90' lang='lat' dir='ltr'>ad</span> <span class='ocrx_word' id='word_1_922' title='bbox 1959 3354 2146 3390; x_wconf 82' lang='lat' dir='ltr'>Dominum</span> 
     </span>
    </p>

    <p class='ocr_par' dir='ltr' id='par_1_24' title="bbox 1269 3404 2147 3449">
     <span class='ocr_line' id='line_1_129' title="bbox 1269 3404 2147 3449; baseline 0 -7"><span class='ocrx_word' id='word_1_923' title='bbox 1269 3407 1398 3442; x_wconf 87' lang='lat' dir='ltr'>Deum.</span> <span class='ocrx_word' id='word_1_924' title='bbox 1425 3408 1479 3441; x_wconf 90' lang='lat' dir='ltr'>De</span> <span class='ocrx_word' id='word_1_925' title='bbox 1499 3408 1659 3442; x_wconf 82' lang='lat' dir='ltr'>Ottocaro</span> <span class='ocrx_word' id='word_1_926' title='bbox 1682 3404 1904 3441; x_wconf 84' lang='lat' dir='ltr'>Bohemorum</span> <span class='ocrx_word' id='word_1_927' title='bbox 1934 3407 2048 3449; x_wconf 80' lang='lat' dir='ltr'>Rege,</span> <span class='ocrx_word' id='word_1_928' title='bbox 2076 3413 2147 3445; x_wconf 70' lang='lat'>1³¹0·</span> 
     </span>
    </p>

    <p class='ocr_par' dir='ltr' id='par_1_25' title="bbox 1269 3452 2146 3499">
     <span class='ocr_line' id='line_1_130' title="bbox 1269 3452 2146 3499; baseline -0.009 -7"><span class='ocrx_word' id='word_1_929' title='bbox 1269 3458 1392 3492; x_wconf 71' lang='lat' dir='ltr'>festum</span> <span class='ocrx_word' id='word_1_930' title='bbox 1413 3458 1455 3492; x_wconf 91' lang='lat' dir='ltr'>ad</span> <span class='ocrx_word' id='word_1_931' title='bbox 1477 3456 1600 3494; x_wconf 87' lang='lat' dir='ltr'>bellum</span> <span class='ocrx_word' id='word_1_932' title='bbox 1627 3465 1743 3490; x_wconf 86' lang='lat' dir='ltr'>contra</span> <span class='ocrx_word' id='word_1_933' title='bbox 1765 3455 1981 3499; x_wconf 87' lang='lat' dir='ltr'>Rudolphum</span> <span class='ocrx_word' id='word_1_934' title='bbox 2003 3452 2146 3495; x_wconf 85' lang='lat' dir='ltr'>primum</span> 
     </span>
    </p>

    <p class='ocr_par' dir='ltr' id='par_1_26' title="bbox 1269 3502 2147 3592">
     <span class='ocr_line' id='line_1_131' title="bbox 1269 3502 2147 3556; baseline -0.008 -13"><span class='ocrx_word' id='word_1_935' title='bbox 1269 3508 1501 3553; x_wconf 77' lang='lat' dir='ltr'>Imperatorem</span> <span class='ocrx_word' id='word_1_936' title='bbox 1524 3531 1538 3556; x_wconf 36' lang='grc' dir='ltr'>ᾖ</span> <span class='ocrx_word' id='word_1_937' title='bbox 1568 3505 1676 3547; x_wconf 85' lang='lat' dir='ltr'>scribit</span> <span class='ocrx_word' id='word_1_938' title='bbox 1697 3506 1860 3545; x_wconf 81' lang='lat' dir='ltr'>Australis</span> <span class='ocrx_word' id='word_1_939' title='bbox 1880 3502 2027 3539; x_wconf 85' lang='lat' dir='ltr'>Historia</span> <span class='ocrx_word' id='word_1_940' title='bbox 2041 3515 2051 3534; x_wconf 89' lang='lat'><em>:</em></span> <span class='ocrx_word' id='word_1_941' title='bbox 2079 3506 2147 3536; x_wconf 86' lang='lat' dir='ltr'>Rex</span> 
     </span>
     <span class='ocr_line' id='line_1_132' title="bbox 1908 3555 2100 3592; baseline -0.005 -3"><span class='ocrx_word' id='word_1_942' title='bbox 1908 3555 1912 3565; x_wconf 85' lang='lat'>¹</span> <span class='ocrx_word' id='word_1_943' title='bbox 2023 3555 2100 3592; x_wconf 79' lang='lat' dir='ltr'>Pta-</span> 
     </span>
    </p>
   </div>
   <div class='ocr_carea' id='block_1_21' title="bbox 2212 1322 2310 1369">
    <p class='ocr_par' dir='ltr' id='par_1_27' title="bbox 2212 1322 2310 1369">
     <span class='ocr_line' id='line_1_133' title="bbox 2212 1322 2310 1369; baseline 0.031 -20"><span class='ocrx_word' id='word_1_944' title='bbox 2212 1322 2310 1369; x_wconf 63' lang='lat'>117⁴«</span> 
     </span>
    </p>
   </div>
   <div class='ocr_carea' id='block_1_22' title="bbox 2165 3451 2313 3525">
    <p class='ocr_par' dir='ltr' id='par_1_28' title="bbox 2165 3451 2313 3525">
     <span class='ocr_line' id='line_1_134' title="bbox 2165 3451 2313 3525; baseline -0.014 -10"><span class='ocrx_word' id='word_1_945' title='bbox 2165 3451 2313 3525; x_wconf 62' lang='lat' dir='ltr'>An-izst</span> 
     </span>
    </p>
   </div>
  </div>
 </body>
</html>
