2366 3736
47 714 129 766 Cap·
148 721 165 757 .1

51 1817 214 1865 Qodlib.

55 1866 85 1913 8-
98 1871 202 1915 ΛΜΞ

173 722 200 753 13

674 163 760 216 De
796 163 1113 212 ΟΡῙΝιοΝε

218 254 368 294 nandum.
395 253 481 282 coire
493 255 595 282 autem
617 257 674 280 non
684 246 727 277 ad
743 244 900 278 liberorum
917 251 1091 293 procreatio*

217 316 284 342 nem
293 301 331 343 est
337 299 440 341 facere
449 299 592 340 injuriam
602 303 717 328 naturae
728 320 738 335 ,
764 306 825 336 qua
844 296 965 338 quidem
985 303 1094 336 oportet

217 351 358 396 magistra
369 376 378 392 ‚
404 362 480 392 quas
489 347 653 390 prudenter
666 346 824 385 introducit
837 343 853 384 ‚'
873 351 1011 386 temporis
1023 356 1092 378 com-

217 404 377 435 moditates
398 401 554 443 diligenter
587 393 764 438 observare.
803 396 979 432 SenecYutem
1001 419 1012 434 ‚
1049 401 1092 426 in-

217 463 306 495 quam
319 477 329 492 ,
357 448 540 492 &puerilem
552 443 674 479 aetatem
685 468 693 476 .
721 451 779 480 His
791 452 869 478 enim
890 446 1021 483 nondum
1033 456 1091 477 con-

216 503 288 542 cefflt
300 526 310 542 ‚
336 503 402 544 illo!
415 505 517 535 autem
528 507 586 528 non
596 496 665 529 vult
678 497 806 537 amplius
828 507 935 529 uxores
956 497 1061 528 ducere
1086 518 1094 525 .

216 555 307 600 Qia
320 548 437 590 nempe
447 547 600 589 deinceps
614 557 682 579 non
693 545 733 579 ad
746 546 884 587 studium
898 569 908 588 ‚
936 546 988 578 sed
1003 545 1096 578 dum—

217 606 307 636 ta'xat
317 599 358 632 ad
372 596 544 637 libidinem
558 596 676 639 poffint
688 597 856 633 seminare.
886 597 966 629 Sunt
978 595 1096 635 similes

218 649 384 688 foedoseni
400 672 411 687 ,
436 646 553 690 dequo
568 647 692 687 sanctus
709 644 914 693 Augustinus
938 647 971 684 in
996 645 1095 678 tertio

217 700 302 734 libro
312 708 426 733 contra
439 697 602 741 Julianum
617 708 623 727 :
652 697 729 733 Ciam
741 695 874 736 hocopus
898 702 931 727 in
957 694 1094 727 manibus

216 749 375 790 haberem,
401 752 603 780 annunn'atus
625 745 661 788 est
683 745 766 781 nobt‘s
781 743 875 787 senex
897 745 1041 788 oc‘loginta
1063 745 1097 777 (9·

218 809 342 843 quatuor
354 809 447 842 agens
458 807 553 830 annos
563 820 574 836 ,
601 802 653 837 qut·
665 796 796 838 religiose*
809 806 874 827 cum
884 798 1002 838 conjuge
1023 794 1096 826 reli-

214 848 299 893 giosa
306 851 377 890 jam
387 852 499 890 viginti
508 851 639 889 quinque
650 851 739 878 annis
752 851 874 878 vixerat
896 848 1098 888 continenter,

217 901 261 932 ad
269 899 423 932 libidinem
429 896 584 939 fibiemiffe
595 894 733 935 lyra'fl'iam
745 920 751 926 .
778 895 961 929 Clementis
974 896 1100 931 senten-

218 951 299 984 tiam
311 945 541 989 docent&alii
563 943 692 986 Patres,
722 945 764 979 Et
782 944 874 987 firm}
895 945 1038 989 sequitur
1060 955 1100 980 ex

217 999 316 1043 priori
328 997 395 1040 ejus
418 996 598 1033 sententia.
629 996 722 1028 Hinc
738 996 839 1029 etiam
861 994 907 1029 est
932 994 1100 1040 insigniter

215 1046 407 1092 probabilis.
437 1046 524 1080 Nam
537 1046 570 1086 <St
582 1046 722 1088 antiquae
732 1045 919 1084 Gentilium
935 1045 1102 1086 Romano-

216 1108 288 1139 rum
309 1098 395 1142 leges
411 1106 478 1134 non
504 1096 698 1138 permittunt
718 1094 813 1134 scribi
839 1094 1099 1133 matrimoniales

218 1148 347 1191 tabulae
366 1171 377 1188 ,
405 1146 463 1180 nisi
479 1146 518 1180 ad
542 1146 671 1179 causam
694 1143 966 1189 procreandorum
989 1144 1104 1184 libero-

217 1209 313 1232 rum.
341 1196 543 1237 Attamen&
567 1195 727 1233 hodierna
750 1196 784 1237 ὃς
804 1196 938 1238 antiqua
962 1194 1104 1237 plurium

218 1247 436 1285 Ecclefiarum
448 1246 554 1289 praxis
574 1245 756 1279 adversatur
769 1271 777 1280 .
804 1245 914 1279 praxis
947 1245 1106 1284 Romanae

219 1298 393 1336 Ecckfiae,
420 1307 458 1330 ac
468 1295 579 1332 omnis
599 1296 741 1333 Latina.
770 1294 880 1329 Etiam
904 1297 1031 1328 effoetos
1053 1293 1106 1326 ad·

222 1348 327 1388 mittit
339 1347 378 1380 ad
406 1345 676 1379 matrimonium:
705 1343 744 1382 ad
766 1344 942 1378 remedium
966 1342 1107 1381 inconti-

221 1396 358 1430 nentiae.
387 1394 532 1429 Proinde
544 1395 562 1427 fi
574 1395 676 1432 tutior
696 1404 765 1435 pars
775 1394 811 1430 fit
830 1394 953 1435 semper
983 1392 1106 1436 eligen-

222 1446 288 1484 da,
315 1442 571 1477 renuntiandum
599 1442 645 1475 est
672 1441 750 1478 huic
777 1442 1011 1483 consuetudini
1036 1464 1046 1480 ,
1074 1441 1107 1474 &

222 1505 359 1530 omnem
386 1492 560 1526 Eccleflam
582 1489 734 1525 accedere
753 1501 882 1535 oportet
905 1492 945 1525 ad
982 1493 1108 1525 senten*

222 1547 303 1580 tiam
327 1543 420 1577 saneti
439 1542 622 1575 Clementis
651 1540 886 1575 Alexandrini.
914 1541 975 1575 Ista
1005 1542 1106 1586 igitur

225 1594 339 1638 regula
350 1593 394 1627 est
409 1591 549 1626 omnino
562 1601 655 1624 vera:
682 1602 714 1625 at
728 1603 793 1625 non
809 1591 841 1624 in
866 1592 1020 1626 veraciter
1041 1602 1110 1634 pro-

226 1643 327 1679 babili
347 1641 529 1689 sententia,
556 1641 608 1674 sed
632 1642 666 1674 in
693 1642 866 1686 suspenso,
894 1643 945 1675 seu
971 1641 1110 1690 praffico

229 1694 334 1728 dubio
349 1718 356 1725 .
747 1688 751 1692 ’

283 1744 326 1777 Et
339 1741 403 1776 hoc
415 1741 517 1785 ipsum
532 1743 564 1775 in
579 1743 694 1775 octavo
705 1741 912 1787 Qodlibeto
934 1741 1033 1776 tradit
1046 1742 1114 1775 Do-

230 1796 297 1831 stor
319 1792 521 1837 Angelicus.
553 1792 719 1834 Proponit
754 1793 838 1826 hanc
867 1792 1077 1835 quaestionem
1106 1802 1135 1824 z.

233 1849 278 1877 An
297 1844 345 1876 ille
367 1867 377 1883 ,
406 1848 456 1884 qut
474 1841 565 1874 babet
581 1842 684 1883 plures
711 1842 896 1876 Praebettdas
917 1867 927 1883 ,
959 1849 1055 1883 peccet
1077 1852 1115 1874 ex
1132 1838 1134 1845 ⁴

207 1893 213 1901 ’
230 1894 280 1926 hoc
290 1890 353 1935 ipso
363 1916 373 1931 ,
401 1893 482 1935 quod
489 1897 640 1933 opiniones
655 1892 860 1934 Magistrorum
866 1890 924 1933 fine
934 1899 967 1926 in
989 1901 1106 1931 contr&

229 1945 330 1977 rium?
359 1943 399 1975 Et
412 1954 469 1986 pro
493 1952 580 1985 parte
606 1942 797 1975 affirmativa
826 1945 919 1984 ponit
946 1944 1009 1975 hoc
1024 1952 1115 1985 argu·

231 2002 397 2027 mentum:
425 1994 611 2034 ,Quicumque
621 1998 779 2025 committit
796 1991 828 2037 se
843 1991 1007 2032 discrimini
1017 1998 1049 2024 in
1064 1990 1114 2022 his
1133 1983 1137 2026 l

231 2039 378 2085 quaesunt
397 2042 440 2081 ad
452 2038 602 2082 salutem,
625 2048 729 2080 peccat
742 2062 751 2077 ‚
774 2038 833 2085 sed
841 2039 888 2078 iste
911 2046 1068 2073 committit
1087 2038 1119 2081 se
1135 2044 1137 2052 ¹

229 2089 419 2134 discrimini,
442 2098 479 2122 ut
492 2090 614 2121 videtur
626 2113 636 2128 ‚
662 2087 832 2129 eumfaciat
844 2098 947 2121 contra
960 2091 1118 2122 multorum
1136 2086 1137 2094 ¹

231 2145 399 2179 Peritorum
413 2132 612 2181 sententiam.
641 2140 725 2181 Ergo
750 2140 872 2171 videtur
896 2141 977 2185 quod
987 2147 1085 2179 peccet
1111 2104 1139 2176 ,l

230 2190 385 2224 Affirmat
397 2188 522 2229 peccari
547 2185 674 2220 duobus
699 2188 826 2220 modis:
854 2189 1019 2230 peccando
1042 2199 1118 2221 con-

229 2250 277 2274 tra
315 2239 420 2282 legem
441 2235 619 2276 Divinam,
645 2237 678 2270 ὃς
715 2238 882 2279 peccando
905 2248 1017 2272 contra
1041 2249 1118 2272 con·

225 2289 414 2324 scientiam.
448 2287 592 2329 Exponit
632 2297 808 2330 utrumque
838 2289 993 2327 modum,
1021 2298 1139 2331 atque,

226 2337 398 2374 concludit
413 2349 419 2367 ε
448 2338 614 2372 Dicendum
628 2336 665 2375 est
680 2341 746 2380 ergo
762 2363 771 2381 ,
799 2339 879 2380 quod
897 2340 1017 2380 quando
1047 2337 1117 2380 sunt

227 2391 296 2422 duae
315 2393 462 2429 opiniones
476 2392 638 2423 contraria·
652 2388 687 2419 de
700 2389 816 2425 eodem,
845 2396 958 2429 oportet
983 2388 1034 2432 esse
1047 2390 1117 2421 alte·

227 2451 296 2478 ram
307 2449 412 2471 veram
425 2461 434 2476 ‚
461 2438 586 2469 alteram
591 2436 708 2478 falsam
722 2461 727 2467 .
761 2442 816 2469 Aut
827 2441 893 2481 ergo
910 2440 958 2471 ille
970 2461 979 2476 ‚
1008 2445 1058 2479 qui
1063 2437 1117 2479 fa·

229 2495 271 2523 cit
296 2498 399 2521 contra
419 2492 584 2527 opinionem
606 2487 829 2529 Magistrorum‚
859 2490 959 2529 utpote
982 2488 1117 2523 habendo

226 2541 329 2581 plures
344 2537 528 2569 Praebendas
546 2561 555 2576 ,
574 2536 656 2577 facit
666 2547 770 2569 contra
782 2549 885 2570 veram
910 2544 1077 2579 opinionem
1105 2562 1114 2577 ‚

233 2585 485 2629 &ficcitmfaciat
495 2595 597 2619 contra
614 2587 705 2628 legem
730 2590 784 2625 Dei
800 2612 808 2626 ‚
836 2600 894 2619 non
917 2586 1074 2630 excusatur
1096 2590 1115 2621 ἃ

230 2645 369 2680 peccato,
396 2642 535 2677 quamvis
561 2648 618 2668 non
632 2636 733 2676 faciat
755 2645 855 2669 contra
878 2637 1087 2680 conscientiam
1111 2662 1118 2668 .

233 2690 279 2720 Sic
291 2692 369 2719 enim
380 2695 481 2722 contra
493 2686 586 2728 legem
600 2689 656 2717 Dei
658 2686 760 2727 facit.
788 2691 847 2720 Aut
865 2689 920 2720 illa
940 2694 1036 2729 opinio
1062 2699 1118 2720 non

234 2735 272 2778 est
284 2748 359 2769 vera
372 2760 382 2775 ‚
407 2733 462 2777 sed
473 2743 570 2779 magis
584 2742 734 2769 contraria
749 2761 759 2778 ,
785 2749 877 2778 quam
889 2738 940 2775 ifle
947 2736 1082 2780 sequitur
1109 2763 1118 2777 ‚

237 2793 282 2820 ita
305 2787 386 2828 quod
404 2787 473 2826 vere
490 2788 555 2818 licet
576 2785 685 2821 babere
702 2788 804 2827 plures
841 2788 1045 2821 Praebendas.
1075 2791 1119 2820 Et

237 2847 309 2871 tunc
334 2835 567 2878 distinguendum
592 2836 646 2875 est.
675 2838 758 2879 ,Quia
781 2846 834 2868 aut
857 2840 929 2870 talis
943 2837 1032 2872 babet
1052 2849 1117 2870 con-

234 2885 393 2930 scientiam
415 2889 451 2917 de
462 2892 629 2923 contrario,
656 2889 689 2919 (9·
696 2886 733 2925 fic
743 2893 851 2923 iterum
859 2896 960 2928 peccat
973 2913 982 2927 ,
1017 2898 1120 2923 contra

237 2938 443 2982 conscientiam
463 2935 576 2974 faciens
588 2961 598 2976 ‚
627 2944 768 2978 quamvis
792 2949 849 2969 non
867 2949 971 2975 contra
992 2940 1085 2981 legem
1113 2963 1118 2969 .

240 2992 298 3019 Aut
310 2998 367 3026 non
379 2985 467 3018 babet
476 2984 681 3028 conscientiam
701 2989 736 3019 de
746 2995 892 3019 contrario
904 3013 913 3027 ‚
932 2987 989 3030 sed
1005 2994 1121 3020 certitu-

237 3037 339 3076 dinem
352 3060 359 3068 .
388 3036 448 3068 sed
457 3045 555 3068 tamen
568 3042 598 3067 in
611 3038 765 3078 quandam
776 3037 986 3070 dubitationem
1008 3039 1121 3075 induci·
1139 3067 1142 3080 ι

237 3095 288 3125 ταν
299 3097 338 3119 ex
349 3092 559 3123 contrarietate
582 3093 768 3126 opinionum.
797 3090 842 3119 Et
856 3088 917 3128 fic,
938 3087 968 3127 fi
985 3095 1122 3120 manente
1139 3091 1142 3124 1

239 3137 294 3168 tali
316 3136 501 3168 dubitatione
533 3138 635 3177 plures
663 3138 848 3169 Praebendas
865 3138 971 3175 habet,
995 3136 1143 3180 periculo'ss

238 3182 272 3227 se
292 3192 465 3218 committit:
495 3185 572 3225 &fic
581 3189 683 3227 procul
695 3186 782 3219 dubio
792 3195 907 3228 peccat.
934 3189 1042 3229 Utpote*
1062 3200 1122 3220 ma·
1141 3220 1144 3240 Ι

234 3238 286 3277 gis
308 3245 415 3267 amans
442 3235 611 3277 beneficium
635 3239 799 3278 temporale
813 3262 822 3277 ,
859 3241 948 3279 quam
967 3243 1145 3290 propt-iuml

238 3281 372 3326 salutem
387 3307 393 3314 .
422 3290 477 3318 Aut
489 3297 525 3318 ex
538 3294 698 3319 contrariis
712 3288 893 3328 opinionibus
905 3294 937 3320 ln
950 3289 1061 3320 nullam
1071 3289 1123 3320 du·
1141 3291 1145 3344 ¹

239 3333 415 3373 bitationem
432 3337 605 3369 adducitur:
636 3335 713 3378 &fic
725 3349 782 3370 non
794 3345 951 3370 committit
969 3337 1001 3380 se
1028 3336 1124 3380 discri—
1143 3348 1145 3381 ²,

241 3388 338 3422 mini,
367 3393 418 3415 nec
437 3391 539 3423 peccat
556 3409 563 3416 .
592 3389 673 3430 Agit
686 3398 752 3420 non
769 3388 808 3421 de
833 3389 1029 3428 formidine,
1058 3399 1147 3436 qua:¹

1153 160 1514 213 Pammeni.
1939 176 1993 225 31

1156 253 1303 287 coatque
1316 243 1484 285 suspenso.
1513 235 1779 287 Agitdedubio,
1806 253 1845 276 ex
1859 253 1926 286 quo
1938 244 2028 289 quis,

1158 293 1420 334 licetsecundum
1446 293 1572 336 legem,
1601 303 1706 327 tamen
1730 302 1845 327 contra
1863 294 2030 333 conscien-

1157 344 1233 383 tiam
1249 345 1337 388 agit,
1363 342 1412 376 uti
1427 342 1482 383 ille
1494 343 1550 384 qui
1565 343 1659 383 levari
1671 344 1823 377 festucam
1841 345 1949 375 censet
1969 345 2031 376 esse

1160 404 1343 435 peccatum.
1376 393 1457 436 Agit
1480 393 1521 425 de
1540 392 1768 433 dubitatione,
1803 403 1872 436 quae
1893 393 2032 438 priorem

1157 453 1278 477 evertat
1289 442 1544 483 certitudinem,
1571 445 1719 485 atqueita
1745 443 1978 483 conscientiam
1992 441 2034 481 fa·

1157 495 1223 527 ciat
1243 503 1374 527 nutare.
1407 492 1536 524 Etenim
1559 493 1606 524 uti
1634 493 1756 526 sanetus
1794 493 1999 537 Augustinus
2025 516 2037 538 ,

1158 545 1201 577 ita
1214 544 1246 577 ὅ(
1258 542 1542 583 sanstusThomas
1552 541 1591 574 de
1604 541 1747 584 pluribus
1758 567 1767 581 ,
1795 555 1873 587 quas
1886 543 1998 577 docuit
2025 565 2035 583 ‚

1160 593 1350 627 veritatibus
1365 604 1430 625 non
1446 590 1558 624 habuit
1571 591 1799 625 certitudinem
1811 617 1820 632 ,
1849 604 1907 630 nec
1918 594 1991 632 ideo
2006 593 2037 630 se

1159 645 1309 686 exposuit
1337 643 1503 685 periculo,
1531 651 1585 674 aut
1604 643 1747 686 graviter
1768 642 1904 684 deliquit
1928 667 1935 674 .
1965 643 2039 686 Ego

1161 692 1233 726 sane
1246 694 1389 736 faustum
1403 692 1652 738 Augustinum,
1678 691 1756 724 dum
1772 703 1824 733 per
1842 691 2040 726 adulterium

1161 755 1228 783 non
1244 744 1323 785 solvi
1338 742 1512 786 conjugale
1537 742 1703 775 vinculum
1718 764 1728 780 ,
1756 742 1787 774 ἀ·
1809 741 1886 774 dum
1909 741 2041 785 disparis

1160 795 1266 835 cultus
1277 793 1431 837 conjugia
1443 791 1557 825 docuit
1568 792 1684 831 vetita,
1712 791 1745 825 ὅτ,
1771 803 1898 834 quartas
1916 792 2044 825 admisit

1163 844 1291 887 nuptias
1305 868 1315 883 ‚
1343 844 1374 877 ὅ(
1394 853 1504 876 tamen
1516 843 1678 886 oppositas
1690 853 1756 874 non
1771 840 1965 884 improbavit
1988 850 2045 875 aut

1161 894 1330 928 damnavit
1367 893 1542 927 sententias
1558 915 1568 931 ‚
1605 892 1754 936 adeoque
1775 892 1814 924 de
1836 892 1887 925 sua
1911 893 2046 924 veritate

1164 956 1232 978 non
1244 944 1447 982 fuitcertus‚
1476 942 1587 978 firmus
1599 943 1696 977 credo
1719 941 1858 987 graviter
1879 953 1944 975 non
1968 941 2061 974 delio*

1163 994 1282 1038 quisse.
1313 993 1406 1040 Qin
1430 992 1497 1026 dici
1521 994 1622 1035 posset
1647 990 1899 1037 nec'deliquiffe
1913 991 2051 1024 veniali-

1163 1056 1230 1079 ter.
1262 1043 1387 1077 Eadem
1407 1042 1453 1076 est
1477 1043 1560 1076 ratio
1581 1042 1793 1086 synodorum
1819 1042 1853 1083 ἀ
1876 1042 2010 1075 Pattum
2037 1066 2048 1082 ‚

1164 1104 1304 1138 quorum
1318 1093 1483 1136 hucusque
1495 1092 1619 1127 adduxi
1631 1094 1818 1127 testimonia
1829 1115 1836 1131 ,-

1175 1143 1179 1147 ⁴
1215 1144 1321 1183 Sancti
1345 1141 1488 1185 Thomae
1514 1143 1606 1182 locus
1628 1143 1673 1184 est
1693 1142 1923 1177 elucidandas.
1955 1142 2050 1175 Affir-

1167 1204 1233 1228 mat
1248 1193 1322 1227 illos
1333 1194 1388 1237 qui
1401 1192 1675 1227 scholasticorum
1690 1194 1869 1226 Doctorum
1891 1193 2049 1234 opinione

1169 1244 1240 1277 fulti
1255 1244 1358 1285 plures
1370 1242 1559 1276 Praebendas
1571 1244 1727 1276 tenebant
1741 1244 1804 1276 fine
1829 1243 2000 1285 scrupulo,
2027 1242 2049 1274 fi

1167 1293 1300 1337 quidem
1322 1292 1376 1325 illa
1397 1292 1514 1334 opinio
1536 1293 1712 1325 deviaverit
1729 1316 1746 1340 ³.
1779 1292 1962 1326 mortaliter
1981 1301 2053 1332 pec-

1169 1343 1249 1376 casse
1262 1362 1269 1371 ·
1298 1342 1387 1387 Qia
1401 1342 1475 1374 licet
1490 1353 1555 1373 non
1571 1349 1685 1380 contra
1702 1341 1935 1379 conscientiam
1947 1365 1957 1380 ‚
1983 1350 2055 1384 age-

1171 1393 1248 1430 bant
1261 1402 1368 1424 tamen
1383 1401 1495 1427 contra
1510 1390 1669 1424 Divinam
1694 1391 1819 1434 legem.
1848 1391 1990 1425 Videtur
2011 1391 2056 1423 as-

1174 1444 1295 1482 serere,
1321 1440 1407 1485 quod
1422 1442 1510 1474 nulla
1537 1441 1741 1484 ignorantia,
1771 1442 1858 1474 nulla
1883 1440 2059 1484 probabilis

1175 1489 1334 1526 sententia
1348 1490 1388 1526 ab
1413 1490 1470 1524 ista
1501 1492 1571 1533 lege
1593 1492 1743 1525 excuset.
1772 1491 1969 1534 Respondeo
1993 1492 2061 1523 san-

1175 1540 1444 1576 &umThomam
1456 1540 1630 1574 esieabhis
1653 1542 1905 1575 alieniilimum.
1935 1542 2060 1574 Domi-

1178 1602 1235 1625 nus
1249 1590 1389 1634 Jacobus
1404 1590 1589 1631 Cardinalis
1603 1591 1642 1625 de
1658 1590 1808 1631 Vitriaco
1824 1592 1854 1624 in
1865 1591 2061 1624 Occidenta·

1180 1643 1218 1676 lis
1244 1641 1387 1675 Ecclefiae
1403 1641 1534 1681 historia
1554 1643 1692 1684 exponit
1707 1642 1866 1681 suisaeculi
1893 1641 1989 1678 vitia,
2019 1651 2063 1674 at-

1177 1692 1528 1733 queitatranfitetiam
1554 1693 1592 1725 ad
1618 1691 1693 1727 vitia
1709 1692 1826 1725 schoiae
1849 1691 2027 1724 Parifienfis
2056 1716 2063 1723 .

1184 1742 1328 1785 Exponit
1354 1741 1573 1775 scandalosam
1596 1742 1795 1782 studentium
1819 1743 1939 1779 vitam,
1966 1752 2063 1784 atque

1182 1791 1281 1835 pergit
1295 1792 1333 1824 ad
1349 1791 1527 1835 Magistros
1543 1792 1669 1825 nostros
1681 1806 1691 1825 :
1718 1792 1876 1835 Theologiae
1891 1792 2025 1824 Doc‘lores
2053 1816 2064 1837 ‚

1177 1842 1271 1886 supra
1292 1840 1480 1873 cathedram
1492 1840 1733 1884 Moyfisedentes‚
1759 1841 1885 1883 scientia
1900 1842 2026 1881 inflabat
2054 1866 2064 1882 ‚

1181 1905 1250 1935 quos
1275 1891 1408 1924 charitas
1439 1904 1496 1929 non
1522 1891 1710 1937 aedificabat.
1740 1896 1877 1929 Docentes
1902 1899 2003 1931 enim,
2031 1894 2066 1925 ὑ·

1184 1954 1239 1974 non
1241 1941 1393 1983 facientes
1410 1966 1419 1981 ‚
1441 1941 1520 1983 facit
1539 1941 1607 1984 sunt
1619 1946 1703 1977 velut
1715 1955 1756 1975 aes
1777 1941 1889 1984 sonans
1904 1967 1912 1981 ,
1938 1944 1971 1976 <5
1994 1953 2065 1980 cym-

1183 1993 1283 2024 balum
1309 1988 1464 2030 tinniens',
1491 1995 1525 2025 (9⁶
1551 1993 1633 2025 velut
1656 1994 1758 2025 canale
1778 1994 1928 2034 lapideum
1944 2016 1953 2030 ‚
1986 1994 2066 2034 quod

1178 2040 1324 2080 fiscumin
1340 2039 1373 2082 se
1397 2053 1552 2073 remanens
1577 2047 1671 2073 mittit
1683 2053 1780 2084 aquas
1803 2049 1933 2076 mareas
1952 2054 2066 2074 aroma·

1184 2102 1248 2122 tum
1263 2114 1268 2121 .
1297 2094 1368 2125 Non
1378 2088 1474 2131 solum
1487 2090 1648 2131 autemfibi
1660 2092 1843 2124 invidebant
1855 2117 1865 2132 ,
1892 2095 1925 2125 (Ὗ
1939 2093 2066 2124 altorum

1186 2140 1336 2172 §cholares
1349 2139 1509 2171 blanditiis
1524 2140 1721 2172 attrahebant
1733 2165 1742 2179 ,
1766 2143 1892 2183 gloriam
1911 2146 2066 2181 propriam

1185 2199 1374 2231 quaerentes,
1400 2189 1437 2220 de
1442 2187 1549 2229 [πιθα
1577 2200 1675 2223 autem
1698 2195 1867 2224 animarum
1885 2201 1942 2222 non
1967 2201 2068 2222 curan-

1184 2249 1224 2271 tes
1242 2263 1251 2278 ‚
1275 2236 1332 2280 sed
1344 2239 1421 2276 illud
1433 2239 1617 2279 apostolicum
1626 2240 1748 2272 auribus
1770 2252 1827 2273 non
1847 2239 1948 2283 surdis
1971 2250 2070 2273 atten-

1184 2290 1305 2322 dentes.
1335 2287 1403 2334 Qi
1444 2288 1674 2331 Episcopatum
1713 2290 1869 2323 desiderat
1891 2316 1900 2327 ‚
1941 2290 2068 2324 bonum

1185 2348 1264 2381 opus
1279 2339 1455 2378 desiderat,
1479 2339 1659 2379 praebendas
1679 2339 1734 2380 fibi
1748 2339 2007 2382 multiplicabant,
2036 2342 2070 2374 (θ’

1187 2387 1374 2421 venabantur
1387 2389 1550 2430 dignitates
1568 2414 1573 2420 .
1606 2389 1782 2424 Eadem-de
1806 2402 1838 2423 re
1857 2392 1888 2423 in
1915 2401 2068 2432 compen·

1183 2438 1271 2471 diosa
1287 2438 1383 2475 sanCti
1397 2437 1566 2483 Propheta:
1579 2439 1640 2483 job
1651 2440 1854 2481 expositione
1877 2440 1983 2474 stribit
2010 2440 2070 2472 Pe-

1186 2500 1251 2521 trus
1265 2488 1442 2521 Blesenlis:
1469 2490 1688 2530 ,Quidvidetur
1699 2491 1734 2522 de
1759 2490 1904 2528 Olentis,
1932 2496 1983 2531 qui
2004 2489 2070 2531 infi-

1185 2546 1267 2570 nitas
1282 2544 1397 2571 animas
1418 2543 1449 2569 in
1460 2550 1532 2570 cura
1542 2537 1703 2580 suscipiunt
1719 2564 1728 2578 ‚
1756 2542 1788 2572 (5
1801 2541 1838 2572 de
1849 2540 1970 2571 illarum
1987 2538 2070 2582 siriu-

1184 2600 1212 2621 te
1234 2599 1290 2619 non
1300 2588 1427 2620 curant?
1456 2589 1592 2629 Plerique
1612 2586 1701 2630 fient,
1733 2595 1784 2632 qui
1811 2601 1868 2621 non
1892 2591 1990 2622 dicam
2007 2595 2069 2621 ani-

1184 2649 1321 2676 marum,
1347 2638 1384 2669 de
1403 2637 1507 2678 quibus
1531 2636 1707 2679 respondere
1730 2649 1868 2671 tenentur
1896 2646 1927 2671 in
1953 2641 2000 2671 die
2012 2649 2069 2672 tre-

1184 2689 1415 2727 mendijudt'cii‚
1437 2685 1495 2728 sed
1506 2693 1560 2720 vix
1574 2687 1767 2728 Ecclefiarum
1775 2688 1901 2731 suarum
1914 2700 2068 2721 numerum

1182 2746 1396 2780 cognoverunt.
1425 2738 1598 2780 adjungunt
1623 2738 1778 2778 Ecclefiam
1803 2739 1956 2779 Ecclefiae,
1989 2749 2069 2781 prae-

1184 2786 1512 2831 bendampraebendae,
1540 2789 1658 2820 domum
1682 2790 1802 2828 domui,
1830 2802 1933 2832 agrum
1964 2802 2035 2832 agro
2060 2812 2067 2820 .

1184 2836 1309 2871 Similia
1325 2861 1335 2877 ,
1362 2836 1465 2874 immti
1487 2838 1520 2871 ὅ(
1539 2839 1687 2881 graviora
1710 2837 1831 2874 habent
1851 2840 1906 2872 alii
1930 2839 2067 2872 istorum

1184 2897 1367 2930 temporum
1379 2886 1561 2920 authentici
1584 2888 1781 2929 Scriptores,
1807 2889 1996 2922 Alexander
2010 2899 2069 2922 ter-

1185 2939 1248 2970 tius
1260 2948 1296 2970 ac
1308 2938 1716 2971 Innocentiustertiusista
1729 2939 1921 2972 damnarant
1947 2941 1977 2971 in
2003 2940 2066 2972 suis

1185 2987 1453 3022 Lateranenfibus
1483 3000 1520 3020 ac
1542 2988 1806 3022 numeroliffimis
1828 2989 1991 3031 Synodis.
2023 2989 2064 3022 Et

1185 3038 1325 3081 ipsorum
1363 3038 1518 3071 Canones
1543 3039 1721 3082 Gregorius
1754 3050 1858 3074 nonus
1895 3040 2067 3072 inseruerat

1185 3089 1241 3121 suo
1254 3087 1474 3121 Decretalium
1487 3088 1627 3121 Codici.
1659 3091 1702 3122 At
1718 3089 1950 3133 Magistrorum
1977 3089 2070 3133 quos-

1187 3139 1261 3171 dam
1278 3149 1344 3170 non
1359 3148 1604 3180 permoverant.
1635 3138 1815 3182 pergebant
1840 3139 1871 3172 hi
1894 3141 2066 3173 defendere

1189 3188 1419 3221 beneficiorum
1436 3186 1653 3230 pluralitatem
1667 3214 1676 3229 ‚
1704 3189 1778 3222 caeci
1791 3200 1892 3223 caecos
1903 3189 2018 3222 ducere
2037 3189 2069 3220 in

1189 3239 1380 3271 infernalem
1395 3238 1544 3271 foveam.
1572 3239 1718 3282 Ipsorum
1742 3232 1889 3273 dostrinti
1915 3251 1981 3272 non
2005 3247 2072 3271 erat

1189 3287 1365 3331 probabilis
1390 3289 1548 3321 sententia
1562 3313 1572 3328 ,
1598 3289 1650 3322 sed
1664 3300 1843 3323 contumax
1860 3301 1960 3333 pravae
1985 3298 2075 3321 men-

1188 3339 1229 3371 tis
1251 3338 1396 3370 caecitas.
1425 3337 1518 3371 Hinc
1541 3339 1661 3373 sanstus
1685 3339 1837 3373 Thomas
1865 3339 1979 3381 scripsit
2019 3346 2073 3380 pet·

1189 3388 1445 3429 istasopsniones.
1467 3390 1608 3423 excusari
1638 3393 1800 3423 neminem
1827 3413 1836 3428 ,
1866 3389 1915 3422 sed
1939 3397 2073 3421 omnem

238 3433 684 3475 omniopinioni=intrinseca
710 3450 762 3480 per
774 3438 875 3471 solam
890 3438 1058 3471 scientiam
1072 3449 1125 3471 aut
1145 3446 1147 3451 '
1192 3439 1355 3480 sequacem
1378 3437 1557 3482 impingere
1573 3440 1604 3472 in
1622 3441 1780 3472 Divinam
1805 3438 1924 3481 legem.
1957 3438 1996 3470 Et
2021 3448 2075 3471 re·-

241 3482 404 3524 Divinam
417 3482 514 3519 fidem
535 3486 744 3529 excluditur,
769 3486 821 3522 sed
833 3488 873 3524 de
895 3487 998 3524 dubio
1021 3488 1126 3532 praiti-
1167 3486 1176 3499 ’
1193 3487 1323 3522 &imme
1339 3488 1476 3531 scriput.
1505 3488 1707 3524 Theodorus
1721 3489 1890 3523 Baisamon
1907 3488 1940 3522 in
1968 3487 2074 3522 Cano-
2090 3490 2138 3536 Q
2165 3497 2219 3526 21.

1947 3537 2027 3571 uicis

2083 1767 2130 1802 Ca
2136 1780 2162 1813 p.
2175 1782 2205 1813 7.
