2366 3736
149 666 222 701 Lib.
248 673 285 712 3.

376 143 471 187 230

824 119 1240 170 Drssrnrmro
1275 121 1654 171 Doenarrcn
1722 168 1725 170 t

339 211 421 246 bom]
435 236 446 251 ,
469 207 657 254 quaegeffiffit
669 210 700 238 in
711 206 780 238 vita
790 224 801 242 ‚
810 207 843 235 in
854 215 1010 239 numerum
1021 207 1218 251 Confi-fibram
1283 208 1444 251 Evestigio
1454 218 1553 241 autem
1562 210 1721 242 adduntur
1731 233 1742 250 ,
1763 218 1881 245 mutata
1904 211 2022 245 dicendi
2038 209 2142 253 forma
2151 237 2165 254 ,

338 261 462 304 referri.
491 261 603 294 Palam
626 257 792 289 adseverat
814 265 891 288 eum
910 267 965 299 per
977 257 1218 294 Eucharistiam

338 314 403 347 sine
422 311 534 355 praevia
555 307 754 341 confeffione
774 304 1027 341 &absolutione
1038 309 1137 342 fuisse
1154 310 1217 342 do-

337 373 452 396 natum
464 356 650 393 remiffione
661 365 870 401 peccatorum
880 379 889 389 .
913 357 957 390 Et
968 356 1008 391 de
1018 359 1128 392 sancto
1140 358 1217 393 Ma-

336 411 485 446 ximiano
507 404 682 441 Monacho
694 431 705 447 ,
731 407 892 449 Syracusae
910 408 1119 450 postmodnm
1133 409 1215 452 Epi-

334 463 452 503 scop0,
480 458 613 501 ejusque
637 457 733 491 variis
756 457 877 497 sociis,
903 457 1084 493 Monachis
1103 459 1137 493 δε
1164 461 1214 492 sae·

332 510 514 550 cularibus,
541 519 624 550 quos
644 508 728 542 inter
754 505 842 541 haud
864 506 964 541 dubie
976 508 1109 552 quidam
1121 520 1213 543 erant

331 560 482 595 maculosi
493 584 503 601 ,
531 559 566 592 in
578 559 660 592 mari
674 557 844 592 Adriatico
859 555 1020 592 horrende
1030 559 1212 602 periclitan-

329 610 438 651 tibus,
468 611 501 644 in
514 609 739 654 Dialogorum
759 606 971 642 librisscribit
984 610 1109 644 sancius
1134 610 1212 644 Gre-

329 661 442 706 gorius
453 670 590 705 magnus
601 673 611 693 .·
638 662 718 692 Tunc
730 663 763 691 in
774 659 877 691 eadem
889 669 969 691 nave
982 658 1137 700 refidentes
1143 659 1210 700 fibi-

149 721 230 761 Cap,
251 717 305 764 35,
328 721 389 745 met
397 720 504 754 pacem
515 711 664 744 dederunt
676 733 687 749 ‚
709 712 826 749 Corpus
845 709 879 740 (5
895 709 1076 753 Sanguinem
1086 713 1210 743 Redem-

322 769 424 804 ptor-is
436 770 607 804 acceperunt
620 785 631 801 ,
658 763 720 792 Deo
725 756 751 800 s
746 770 760 791 e
766 756 873 800 singuli
882 760 1124 793 commendantes
1135 783 1144 799 ‚
1172 770 1207 793 ut

325 823 422 846 eorum
443 818 564 846 animas
586 836 596 851 ‚
624 808 810 844 remiffione
840 817 1047 849 peccatorum
1068 810 1209 845 donatas

322 860 616 906 benignesusciperet
633 884 644 900 ,
670 869 792 901 quorum
813 866 933 898 corpora
944 861 980 890 in
988 869 1053 891 tam
1061 863 1208 901 pavenda

321 924 416 947 morte
440 913 632 945 tradiderat.
660 910 703 942 Et
724 908 768 942 ad
781 905 1085 953 quinquagesimum
1097 911 1207 946 Cano-

320 975 399 997 nem
411 962 613 997 Truuanum
635 958 754 992 scribsi
761 954 802 992 de
813 957 909 992 nobis
920 960 1206 1004 peregrinantibus

318 1012 522 1048 Theodorus
543 1011 716 1045 Balsamon
738 1021 745 1040 :
772 1011 881 1041 Latini
903 1012 1013 1048 Azyma
1035 1012 1157 1053 adsidui·
1180 1016 1185 1022 ’

310 1062 379 1104 finu
394 1063 532 1105 ferentes
542 1085 554 1101 ,
580 1059 695 1101 etiamsi
695 1058 755 1100 sint
766 1059 836 1091 laici
847 1082 859 1098 ‚
883 1067 920 1092 ea
941 1059 1161 1104 nonsdMfibi
1171 1073 1205 1095 ut

316 1116 512 1147 Sacramenta
534 1116 711 1154 impertiunt
722 1133 733 1149 ‚
753 1107 813 1151 fid
828 1114 923 1142 etiam
937 1112 1010 1143 aliis
1022 1135 1030 1143 .
1060 1112 1103 1145 Et
1119 1113 1206 1146 anti.

315 1173 401 1205 quus
422 1163 594 1197 adversum
616 1162 749 1195 Graecos
770 1159 968 1200 Trastams,
994 1171 1143 1204 repertus
1166 1162 1201 1196 in

313 1212 694 1256 Constantinopolitano
706 1210 887 1244 Conventu
898 1208 1033 1245 Patrum
1046 1210 1202 1246 Praedica-

312 1273 423 1301 torum
436 1277 447 1297 .-
474 1266 584 1296 Latini
605 1260 744 1305 sanc‘lam
770 1259 988 1299 Eucharistiam
1012 1261 1202 1306 negligentis-

307 1312 526 1356 fimbspec‘lant
536 1337 544 1344 .
571 1317 658 1346 Nam
670 1316 723 1353 qui
732 1310 828 1348 castra
834 1310 1002 1353 sequuntur
1011 1336 1024 1352 ,
1040 1318 1073 1345 ln
1086 1311 1201 1355 marsia-

307 1370 486 1406 proponunt
497 1387 508 1403 ,
530 1371 658 1404 portant
669 1367 700 1393 in
714 1360 844 1400 vestibus
854 1383 866 1399 ‚
877 1365 910 1392 in
919 1363 1012 1401 pileis
1023 1386 1030 1394 .
1061 1363 1142 1396 Eam
1156 1365 1198 1396 ita

311 1414 490 1457 portabant
508 1411 658 1446 adversus
671 1411 787 1444 mortis
801 1410 1003 1453 periculum,
1030 1421 1066 1445 ut
1092 1414 1124 1446 in
1145 1414 1196 1447 Sa·

310 1464 455 1498 cerdotis
465 1462 609 1497 absentia
622 1462 677 1505 ipsi
689 1461 749 1494 fibi
761 1471 840 1494 tunc
852 1459 967 1495 darent
978 1486 990 1502 ,
1016 1471 1113 1505 atque
1124 1463 1168 1496 ita
1180 1462 1198 1496 ὲ

308 1514 389 1548 Deo
399 1513 582 1556 acciperent
594 1511 813 1546 remissionem
825 1521 1032 1554 peccatorum
1046 1536 1053 1543 .
1068 1513 1196 1547 Notan-

308 1562 350 1597 da
379 1564 454 1597 sunt
465 1562 642 1597 Theodori
664 1561 870 1595 Balsamonis
896 1561 1017 1603 verba,
1044 1566 1154 1601 azyma
1165 1572 1198 1596 ut

291 1613 296 1620 '
310 1617 505 1648 sacramenta
523 1618 723 1655 impertiunt:
750 1611 867 1645 Homo
879 1610 1106 1646 schismaticus
1119 1614 1197 1656 sper-

307 1665 362 1699 nit
375 1664 410 1698 δε
422 1664 558 1698 damnat
570 1662 714 1697 nostram
734 1661 768 1695 in
783 1662 915 1703 Azyrno
929 1662 1175 1696 Eucharistiam
1188 1686 1198 1702 ,

308 1714 447 1758 vultque
468 1725 537 1748 non
560 1714 628 1747 esse
656 1721 767 1744 verum
789 1711 1036 1746 Sacramentum
1061 1737 1069 1745 .
1098 1713 1198 1747 Istam

309 1765 414 1810 igitur
449 1765 619 1806 antiquam
642 1762 779 1795 Parrum
800 1759 1028 1805 Theologiarn
1056 1763 1199 1806 sequitur

309 1815 507 1849 sacrosanaa
518 1812 721 1847 Tridentina
739 1811 917 1853 synodus,
943 1814 1010 1854 jam
1031 1822 1199 1846 memora·-

310 1875 384 1899 rum
407 1863 602 1898 neceffitatis
625 1861 798 1896 articulum
821 1862 930 1894 censet
952 1863 1020 1895 esse
1043 1861 1200 1895 sufficien-

311 1924 380 1949 tem
395 1938 406 1954 ,
433 1926 468 1949 ut
480 1915 511 1948 in
524 1913 627 1947 fidelis
639 1912 752 1956 populi
763 1910 902 1955 gratiam
914 1921 1045 1945 curatus
1054 1921 1134 1945 tunc
1147 1912 1199 1945 Sa-

311 1964 427 2000 cerdos
441 1966 510 1999 fine
537 1964 651 2007 praevia
673 1961 864 2010 mortalium
886 1971 1095 2004 peccatorum
1110 1961 1198 1996 Con-

311 2015 450 2050 feffione
462 2015 494 2048 &
509 2013 733 2048 Absolutione
745 2009 885 2045 celebret
898 2035 909 2051 ,
934 2011 1109 2056 ipsumque
1128 2012 1199 2055 spe-

311 2075 361 2100 rat
384 2064 588 2099 Eucharistia
612 2074 692 2097 tunc
703 2061 966 2105 justificandum.

362 2115 490 2149 Verum
528 2124 613 2148 unus
639 2124 681 2147 ex
703 2111 799 2154 hujus
820 2111 952 2145 Decreti
974 2110 1203 2146 conditoribus

311 2164 483 2200 Melchior
495 2164 609 2198 Canus
620 2187 631 2203 ‚
656 2173 697 2196 ex
709 2163 799 2196 sacro
810 2160 1063 2194 Praedicatorum
1076 2160 1204 2196 Ordine

313 2215 498 2258 Episcopus
514 2212 742 2252 Canarienfis,
769 2211 803 2244 in
823 2211 1040 2244 eruditiffimo
1059 2210 1102 2244 de
1124 2209 1204 2244 locis

315 2263 539 2309 Theologicis
561 2274 658 2306 opere
681 2260 764 2296 reae
782 2259 882 2294 tradit
905 2260 1019 2294 omnia
1036 2260 1069 2293 ὃς
1081 2260 1205 2304 (iugula

315 2314 518 2360 generalium
543 2311 753 2355 Synodorum
764 2312 906 2344 Decreta
929 2321 997 2344 non
1013 2310 1134 2354 semper
1144 2311 1204 2343 effe

319 2365 491 2399 necessaria
515 2375 553 2397 ac
572 2364 663 2396 firma
675 2362 752 2395 fidei
764 2361 942 2404 dogmata,
970 2361 1004 2394 &
1019 2362 1142 2404 pergit:
1170 2364 1206 2392 In

264 2409 273 2417 ⁸
319 2417 450 2450 Concilio
472 2414 673 2452 Tridentino,
698 2412 816 2450 Seffione
826 2409 930 2442 habita
942 2412 1093 2443 undecimo
1116 2409 1204 2442 0⁶70-

265 2460 272 2468 ’
320 2466 384 2500 bris
394 2490 404 2506 ,
432 2470 506 2497 anni
526 2461 665 2503 millefimi
675 2459 895 2504 quingentesimi
906 2460 1206 2504 qulnquagefimipri·

320 2516 410 2550 mide
426 2512 620 2552 Eucharistiae
633 2514 822 2544 sacramento
832 2509 988 2551 definitum
1000 2510 1037 2548 est
1048 2534 1059 2550 ,
1083 2508 1205 2552 Confes-

315 2566 428 2610 fionem
438 2563 688 2598 sacramentalem
699 2558 896 2599 Eucharfizae
903 2562 1154 2601 praemittendam
1165 2559 1204 2602 es-

319 2616 371 2661 se,
390 2615 421 2659 fi
437 2612 606 2657 conscientia
623 2616 742 2655 peccati
753 2611 887 2643 mortalis
897 2619 1030 2653 gravat.
1057 2614 1104 2643 Et
1113 2615 1209 2652 proti-

320 2668 380 2702 mis
390 2691 401 2708 ‚
426 2666 465 2700 Sl
476 2663 594 2713 Qus
608 2687 618 2702 ,
630 2668 673 2695 ait
684 2662 832 2701 synodus,
859 2659 1207 2695 CONTRARIUM

320 2716 541 2754 DOCERE,
570 2710 869 2748 PRAEDICARE
890 2734 901 2750 ,
929 2709 1026 2745 VEL
1049 2709 1207 2743 PERTI-

320 2766 546 2802 NACITER
582 2761 821 2797 ASSERERE
859 2785 869 2800 ,
915 2760 1009 2795 SEU
1050 2760 1208 2793 ETIAM

322 2816 533 2852 PUBL1CE
560 2810 886 2849 DISPUTANDO
914 2810 1207 2844 DEFENDERE

323 2863 731 2902 PRAESUMPSERIT,
745 2861 806 2895 EO
818 2860 921 2896 Ipso
934 2860 1209 2894 EXCOMMU-

325 2916 550 2951 NICATUS
575 2911 804 2947 EXISTAT.
834 2912 895 2943 sed
909 2910 960 2942 boc
974 2918 1095 2952 propter
1101 2917 1209 2952 pericu·

330 2968 389 3000 lum
401 2975 517 2999 cautum
527 2964 565 3005 est
581 2990 587 2996 .
616 2967 696 2996 Erat
708 2966 785 2996 enim
796 2966 891 3002 opinio
900 2966 1050 2993 contraria
1068 2967 1199 3002 pernicio

326 3016 364 3061 sa
377 3029 384 3048 :
411 3017 534 3056 Ideoque
550 3018 808 3056 excommunicatio
826 3011 884 3044 illa
893 3012 939 3043 ad
943 3008 1095 3052 publicam
1106 3011 1199 3043 dorm

331 3078 404 3099 nam
429 3066 483 3099 vel
493 3066 623 3098 maximi
635 3063 762 3104 refertur
774 3088 781 3096 .
811 3066 898 3094 Nam
909 3061 987 3103 quod
989 3058 1139 3103 sententia
1152 3065 1211 3092 Ca-

325 3120 428 3160 jetam'
454 3124 510 3146 non
527 3113 621 3155 fuerit
635 3122 692 3155 pro
704 3112 845 3146 baeretica
855 3112 1049 3145 condemnata
1063 3135 1074 3150 ,
1101 3112 1135 3144 (5
1158 3123 1209 3143 nos

332 3166 415 3208 testes
433 3163 536 3208 sumus
548 3186 559 3201 ‚
584 3168 636 3204 qui
659 3163 789 3195 Concilio
807 3160 1000 3204 interfuimus
1012 3184 1024 3201 ,
1049 3162 1212 3194 &contex-

332 3228 382 3252 tus
395 3214 459 3258 ipse
470 3213 650 3252 demonstrat
661 3237 669 3244 .
692 3213 790 3245 Habet
800 3217 879 3245 enim
890 3215 994 3244 Canon
1018 3212 1187 3243 undecImus
1201 3236 1212 3252 ‚

331 3269 469 3308 idemque
484 3262 645 3305 postremus
670 3262 700 3293 in
714 3261 789 3294 hunc
799 3263 936 3294 modum:
964 3261 1000 3294 81
1023 3261 1140 3307 QUls
1152 3261 1216 3294 DI.

332 3313 508 3351 xsskrTs
518 3311 659 3348 OLAM
670 3311 820 3345 FIDEM
835 3311 938 3346 ESSE
950 3311 1214 3346 SUFFICIEN-

331 3367 443 3401 TEM
469 3360 915 3398 PRAEPARATIONEM
941 3362 1008 3394 AD
1027 3360 1214 3395 SUMEN-

332 3415 453 3451 DUM
480 3410 819 3448 SANCTISSIMAE
856 3410 1214 3446 EUCHARISTIAE

332 3460 728 3502 SACRAMENTUM
750 3482 762 3502 ,
788 3461 1076 3498 ANATHEMA
1105 3461 1181 3496 SIT
1207 3487 1234 3505 .,

1281 257 1342 291 baec
1354 260 1449 292 verba
1463 272 1470 291 t
1483 259 1550 292 ET
1564 259 1628 293 NE
1642 258 1871 294 TANTUM
1882 260 2081 299 SACRAM
2089 261 2163 296 EN-

1279 307 1400 343 TUM
1442 309 1650 343 1ND1GNE
1678 335 1689 351 ,
1724 310 1904 356 ATQUE
1941 313 2077 348 ADEO
2111 311 2165 346 IN

1280 357 1499 392 MORTEM
1514 359 1581 393 ET
1592 360 2072 396 CONDEMNATIONEM
2085 362 2167 397 SU-

1280 408 1470 444 MATUR
1490 434 1500 449 ‚
1529 408 1760 445 SI'ATUIT
1784 410 1966 458 ATQJE
1989 412 2164 446 DECLA-

1278 457 1384 492 RAT
1409 459 1510 494 IPSA
1537 459 1732 494 SANCTA
1760 459 1990 495 SYNODUS
2011 486 2022 502 ,
2048 462 2165 496 ILLlS

1277 507 1414 554 QUOS
1438 509 1769 544 CONSCIENTIA
1806 510 2017 545 PECCATi
2043 511 2165 546 MOR-

1276 557 1343 591 TA
1350 559 1418 593 Lls
1429 558 1652 600 GRAVAT,
1664 559 2164 607 QUANTUMCUMQJE

1279 606 1436 643 ETIAM
1458 610 1511 645 SE
1537 608 1822 647 CONTRITOS
1848 610 2165 651 EXISTIMENT,

1275 656 1463 693 HABITA
1492 659 1636 694 COPIA
1664 660 1976 698 CONFESSORIS
2000 659 2165 694 NECEs-

1274 708 1416 743 SARIO
1443 709 1876 744 PRAEMITTENDAM
1915 712 2021 745 ESSE
2049 710 2165 746 CON-

1273 758 1539 794 FESSIONEM
1588 759 2037 796 SACRAMENTALEM
2069 786 2076 793 .
2124 759 2163 793 Sl

1272 809 1390 854 QUls
1418 809 1606 844 AUTEM
1634 811 1980 845 CONTRARIUM
2015 809 2164 845 DOCE·

1273 859 1334 892 RE
1351 884 1361 899 ,
1387 859 1697 895 PRAEDICARE
1720 885 1730 900 ‚
1762 859 1857 895 VEL
1884 859 2164 894 PERTINACI-

1270 907 1372 943 TER
1388 910 1630 946 ASSERERE
1643 935 1654 950 ,
1665 911 1761 945 SEU
1775 911 1935 944 ETIAM
1952 909 2163 944 PUssLlcE

1271 958 1599 995 DISPUTANDO
1623 960 1919 995 DEFENDERE
1934 958 2164 994 PRAESUM·

1270 1007 1439 1045 PSERlT
1450 1034 1461 1049 ‚
1488 1010 1553 1045 Eo
1564 1010 1665 1045 11>so
1679 1009 2164 1046 EXCOMMUNICATUS

1270 1058 1484 1094 ExlsTAT
1495 1085 1502 1092 .
1528 1061 1585 1094 Ubi
1597 1063 1685 1095 vides
1697 1064 1846 1103 Cajetani
1860 1059 2018 1104 ftntentiae
2032 1059 2161 1093 anathe-

1268 1121 1319 1142 ma
1342 1121 1400 1142 non
1421 1112 1481 1144 dici
1493 1134 1503 1150 ‚
1526 1110 1583 1154 sed
1592 1116 1730 1154 quoniam
1740 1123 1798 1145 non
1809 1109 1997 1154 fhlrimfalfiz
2007 1135 2018 1151 ,
2042 1109 2102 1153 sed
2111 1121 2161 1142 no·

1267 1165 1322 1192 xia
1341 1167 1432 1193 etiam
1456 1169 1524 1194 erat
1536 1162 1688 1204 reprobari
1700 1186 1711 1202 ,
1738 1164 1773 1196 (⁹1
1792 1171 1912 1204 propter
1933 1161 2097 1203 periculum
2103 1167 2162 1202 pu·

1266 1210 1372 1243 blicam
1389 1209 1558 1253 praesertlm
1565 1207 1810 1254 praedicationem
1821 1214 1855 1245 <ir
1865 1210 2094 1253 disputationem
2107 1214 2159 1242 in-

1264 1262 1372 1293 terdici
1386 1286 1393 1293 .
1410 1260 1565 1295 Thomas
1577 1262 1618 1296 de
1631 1261 1701 1295 Vio
1714 1285 1725 1301 ,
1741 1261 1914 1303 Caietanus
1925 1282 1937 1298 ‚
1948 1260 1968 1293 ὲ
1981 1261 2070 1293 sacro
2079 1258 2161 1292 1³1ae·

1263 1311 1448 1344 dicatorum
1473 1311 1604 1345 Ordine
1629 1313 1742 1345 sanssae
1765 1311 1924 1345 Romanae
1948 1309 2097 1343 Ecciefiae
2117 1307 2160 1343 ad

1267 1362 1407 1394 sanctum
1432 1360 1575 1395 Xixtum
1587 1360 1759 1404 Presbyter
1771 1360 1977 1401 Cardinalis,
2002 1359 2160 1394 docuerat

1264 1413 1377 1454 quavis
1399 1421 1471 1445 vera
1485 1411 1550 1445 Dei
1580 1412 1672 1454 super
1693 1411 1808 1445 omnia
1819 1409 2002 1450 charitate,
2026 1410 2060 1444 &
2081 1418 2160 1443 nata

1265 1460 1343 1495 hinc
1369 1461 1587 1495 Contritione
1611 1461 1777 1503 justificari
1801 1461 1992 1501 hominem,
2020 1458 2163 1502 ideoque

1263 1511 1370 1545 taliter
1387 1511 1566 1544 contritum
1590 1521 1796 1554 peccatorum
1820 1510 1886 1544 {ine
1898 1511 2012 1552 praevia
2025 1509 2161 1544 Confes-

1263 1563 1350 1594 sione
1372 1561 1405 1595 ὅ(
1417 1561 1640 1595 Absolutione
1660 1561 1747 1605 poste
1756 1561 1790 1594 &
1802 1560 2048 1595 communicare
2059 1560 2092 1593 δε
2102 1570 2156 1593 ce·

1263 1610 1404 1645 lebrare.
1428 1612 1528 1645 Hanc
1551 1612 1768 1651 sententiam,
1794 1610 1870 1645 licet
1895 1622 1963 1645 non
1975 1609 2161 1644 utihaereti·

1262 1673 1335 1696 cam
1347 1662 1482 1695 damnet
1499 1685 1510 1700 ,
1539 1670 1648 1695 tamen
1663 1663 1711 1696 uti
1725 1661 1836 1695 falsam
1850 1686 1862 1702 ,
1888 1661 2024 1695 noxiam
2039 1669 2162 1701 ‚atque

1263 1711 1478 1756 perniciosam
1492 1710 1640 1754 reprobat
1654 1712 1688 1745 δε
1702 1710 1873 1755 proscribit
1887 1711 2085 1744 sacrosansta
2098 1710 2159 1752 Sy·

1264 1761 1392 1801 nodus,
1418 1772 1519 1804 atque
1542 1760 1585 1795 ita
1599 1762 1742 1795 nostram
1754 1761 1970 1795 adsertionem
1981 1760 2031 1793 uti
2053 1759 2161 1792 neces·

1264 1811 1378 1844 sariam
1399 1821 1437 1844 ac
1466 1810 1597 1853 penitus
1616 1822 1723 1844 veram
1753 1810 1926 1845 manifeste
1946 1810 2121 1844 confirmat
2146 1831 2156 1840 .

1263 1859 1404 1894 Nullum
1428 1859 1577 1893 mortalis
1598 1862 1720 1903 peccati
1733 1871 1824 1894 reum
1839 1859 1907 1893 vult
1918 1859 2072 1902 deinceps
2087 1858 2158 1893 sine

1264 1911 1380 1954 praevia
1394 1910 1640 1945 confeffione&
1654 1910 1877 1944 Absolutione
1888 1909 2157 1948 communicare,

1266 1961 1322 1994 nisi
1339 1961 1443 1994 solum
1454 1970 1600 1994 curatum
1619 1983 1630 1998 ‚
1655 1961 1762 2005 quiex
1774 1960 1886 1995 officio
1898 1958 2059 1994 celebrare
2069 1967 2158 1992 tene-

1265 2022 1317 2045 tur
1327 2035 1338 2050 ,
1367 2012 1401 2044 <Sc
1414 2009 1618 2044 Confefloris
1629 2011 1760 2054 copiam
1774 2021 1841 2044 non
1857 2009 1974 2050 habet,
2000 2008 2155 2044 Sacerdo-

1266 2072 1331 2095 tem
1345 2073 1355 2093 .·
1383 2060 1464 2094 Non
1479 2059 1567 2103 quod
1584 2060 1676 2094 illum
1689 2061 1743 2094 sua
1755 2071 1835 2094 tunc
1847 2059 2061 2094 Contritione
2072 2082 2084 2097 ,
2102 2055 2157 2091 sed

1267 2113 1392 2153 sumpta
1406 2108 1609 2144 Eucharistia
1637 2111 1738 2154 speret
1754 2109 1996 2154 justificandum
2007 2134 2015 2142 .
2043 2108 2133 2143 Dico
2145 2130 2159 2147 ,

1267 2163 1390 2202 speret:
1417 2161 1536 2203 Neque
1555 2161 1646 2194 enim
1670 2161 1703 2194 id
1727 2159 1865 2201 definit,
1891 2159 1945 2195 sed
1968 2171 2010 2194 ex
2021 2159 2159 2201 antiquo

1268 2209 1400 2243 Parrum
1416 2209 1609 2253 Theorogia
1630 2210 1678 2244 uti
1698 2221 1765 2243 rem
1779 2209 1972 2253 probatam,
1997 2205 2160 2244 autcerte

1269 2258 1553 2302 probabiiiffimam
1581 2259 1735 2302 supponit
1749 2284 1756 2291 .
1784 2259 1874 2305 Quia
1897 2269 2006 2293 tamen
2018 2254 2161 2293 omnino

1268 2310 1438 2343 certiffima
1455 2321 1524 2343 non
1536 2308 1574 2343 fit
1585 2333 1596 2349 ‚
1608 2308 1767 2352 ejusmodi
1778 2307 1945 2343 Sacerdoti
1957 2307 2061 2352 rigide
2071 2317 2160 2340 man·

1268 2362 1322 2394 dat
1335 2370 1371 2394 ut
1381 2370 1478 2401 quam
1492 2359 1633 2403 primum
1645 2359 1842 2394 confiteatur
1854 2383 1860 2391 .
1870 2357 1984 2392 Palam
1994 2354 2075 2401 ergo
2085 2365 2160 2390 cen-

1271 2412 1314 2443 set
1342 2421 1403 2443 nos
1422 2409 1440 2442 ὲ
1463 2409 1576 2452 quavis
1600 2409 1841 2449 Contritione‚
1868 2408 1902 2443 &
1922 2406 2041 2453 quovis
2054 2407 2161 2441 Saen-

1270 2460 1373 2494 menti
1395 2469 1476 2494 voto
1489 2470 1557 2493 non
1572 2460 1695 2504 semper
1705 2458 1874 2502 justificari
1891 2482 1899 2490 .

1441 2557 1473 2591 C
1524 2558 1556 2592 A
1607 2557 1636 2591 P
1687 2557 1728 2593 U
1779 2557 1817 2591 T
1891 2559 1926 2590 X
1936 2557 1985 2591 11.

1369 2612 1545 2650 Exponitur
1567 2607 1690 2651 servilis
1711 2606 1917 2652 gehennarum
1943 2613 2053 2639 timor.

1343 2659 1437 2693 Etrus
1461 2658 1667 2693 Lombardus
1692 2681 1705 2699 ,
1733 2658 1846 2692 Petrus
1867 2656 2099 2698 Piaavienfis,
2124 2666 2162 2690 ac
2183 2659 2284 2695 Varia
2294 2658 2338 2694 tia
2359 2699 2362 2703 .

1366 2709 1493 2742 sandius
1502 2706 1657 2743 Thomas
1681 2708 1832 2743 timorem
1854 2705 2006 2741 dividunt
2027 2707 2062 2740 in
2084 2716 2160 2750 qua·
2182 2710 2283 2746 moris
2360 2707 2361 2710 ’

1270 2770 1344 2793 tuor
1356 2759 1499 2793 membra
1512 2772 1525 2792 .-
1544 2759 1581 2793 In
1593 2759 1747 2793 timorem
1758 2757 1963 2792 mundanum
1976 2780 1987 2796 ,
1998 2756 2160 2796 servilem,
2181 2760 2316 2806 species.

1270 2809 1404 2843 filialem
1418 2834 1429 2849 ‚
1452 2819 1552 2853 atque
1574 2791 1737 2843 initialem
1760 2834 1767 2840 .
1794 2809 1931 2843 Sanetus
1951 2805 2158 2850 Augustinus

1241 2874 1244 2876 ·
1270 2860 1301 2893 δε
1328 2860 1466 2893 seniores
1478 2859 1546 2902 ejus
1557 2858 1709 2902 discipuli
1721 2857 1873 2902 proxime
1880 2856 2031 2891 dividunt
2043 2855 2078 2889 in
2089 2855 2158 2890 duo

1269 2910 1440 2944 dumtaxat
1458 2908 1623 2943 membra:
1651 2909 1689 2943 In
1711 2909 1862 2943 timorem
1875 2906 1998 2941 castum
2011 2908 2063 2940 seu
2076 2906 2159 2941 filia-

1272 2962 1335 2993 lem
1348 2983 1358 2998 ,
1385 2971 1423 2993 ac
1437 2959 1470 2991 in
1497 2959 1647 2993 servilem
1660 2983 1667 2991 .
1695 2958 1843 3007 Qidam
1857 2956 1982 2991 addunt
1993 2956 2025 2990 ὅ(
2040 2966 2158 2992 merce-

1272 3010 1398 3043 narium
1413 3035 1419 3042 .
1448 3008 1550 3044 Recte
1573 3008 1649 3044 vero
1661 3008 1783 3043 laudati
1794 3009 1956 3042 Doctores
1965 3005 2157 3040 Scholastici

1272 3059 1416 3094 servilem
1428 3071 1529 3103 poenae
1540 3083 1551 3099 ,
1575 3058 1709 3094 filialem
1721 3058 1876 3092 timorem
1888 3055 2004 3091 dicunt
2015 3057 2079 3091 effe
2090 3055 2158 3091 cu}-
2338 3082 2353 3087 ,

1272 3121 1333 3153 pae.
1354 3112 1453 3143 Timor
1462 3108 1608 3152 servilis,
1626 3109 1735 3152 inquit
1753 3108 1869 3141 Petrus
1882 3106 2104 3147 pictaviensis,
2116 3105 2156 3146 est
2287 3106 2348 3147 ω’)

1272 3162 1392 3203 quando
1414 3162 1525 3202 aliquit
1544 3161 1630 3203 ceffat
1650 3161 1671 3192 ἃ
1681 3167 1800 3200 peccato
1812 3167 1933 3190 tamum
1941 3165 2062 3199 propter
2073 3162 2156 3189 timo·
2179 3161 2301 3197 servin,

1273 3223 1335 3244 rem
1341 3209 1485 3254 gehennae
1498 3235 1509 3251 ,
1520 3212 1554 3245 6·
1566 3221 1624 3243 non
1629 3215 1749 3251 propter
1761 3219 1888 3241 amorem
1900 3210 1956 3241 Dei
1969 3232 1977 3239 .
1989 3208 2109 3240 Fatalis
2119 3204 2156 3246 est
2179 3213 2282 3247 timor

1274 3263 1395 3303 quando
1416 3260 1498 3293 bomo
1508 3260 1592 3303 ceffat
1602 3261 1624 3291 ἆ
1637 3267 1757 3300 peccato
1769 3260 1889 3291 tantum
1894 3267 2018 3300 propter
2028 3266 2156 3290 amorem
2180 3274 2201 3306 q
2210 3261 2268 3296 uid
2294 3259 2328 3294 fi-

1273 3314 1352 3344 snei.
1376 3311 1540 3353 Loquitur
1551 3320 1592 3343 ex
1605 3310 1713 3342 sancto
1726 3308 1916 3353 Augustino
1926 3307 1960 3341 in
1974 3304 2155 3342 tractatibus
2182 3311 2283 3348 nafis,

1277 3361 1369 3404 su‘per
1380 3362 1475 3394 sansti
1489 3360 1624 3403 Joannis
1639 3359 1875 3403 Evangeliurn:
1900 3357 1956 3397 Est
1967 3353 2159 3397 timuservi-

1275 3411 1314 3443 lis
1325 3434 1337 3451 ,
1362 3410 1402 3451 est
1420 3413 1454 3445 Θ·
1463 3409 1555 3450 castus
1566 3434 1573 3441 .
1599 3407 1657 3447 Est!
1665 3415 1753 3442 timor
1765 3421 1800 3443 ne
1807 3415 1940 3451 patiaris
1946 3415 2070 3448 poenaem
2083 3428 2094 3445 ‚
2119 3403 2158 3444 est

1276 3463 1354 3496 altus
1367 3472 1404 3496 ne
1415 3466 1538 3496 amittas
1547 3457 1698 3504 justinam
1710 3483 1718 3494 .
1728 3461 1827 3494 Timor
1835 3460 1885 3494 ille
1896 3482 1908 3501 ‚
1919 3467 1955 3491 ne
1959 3460 2092 3500 patiaris
2097 3462 2161 3497 ραι,

2021 3515 2093 3540 nam
2101 3529 2115 3548 ‚
