<?xml version="1.0" encoding="UTF-8"?>
<!DOCTYPE html PUBLIC "-//W3C//DTD XHTML 1.0 Transitional//EN"
    "http://www.w3.org/TR/xhtml1/DTD/xhtml1-transitional.dtd">
<html xmlns="http://www.w3.org/1999/xhtml" xml:lang="en" lang="en">
 <head>
  <title>
</title>
<meta http-equiv="Content-Type" content="text/html;charset=utf-8" />
  <meta name='ocr-system' content='tesseract 3.04.00' />
  <meta name='ocr-capabilities' content='ocr_page ocr_carea ocr_par ocr_line ocrx_word'/>
</head>
<body>
  <div class='ocr_page' id='page_1' title='image "./operaomniastudio11lupuuoft/operaomniastudio11lupuuoft_0243.png"; bbox 0 0 2366 3736; ppageno 0'>
   <div class='ocr_carea' id='block_1_1' title="bbox 0 2424 26 3713">
    <p class='ocr_par' dir='ltr' id='par_1_1' title="bbox 0 2424 26 3713">
     <span class='ocr_line' id='line_1_1' title="bbox 0 2424 26 3713; baseline 0 0"><span class='ocrx_word' id='word_1_1' title='bbox 0 2424 26 3713; x_wconf 95' lang='lat' dir='ltr'> </span> 
     </span>
    </p>
   </div>
   <div class='ocr_carea' id='block_1_2' title="bbox 581 130 1660 183">
    <p class='ocr_par' dir='ltr' id='par_1_2' title="bbox 581 130 1660 183">
     <span class='ocr_line' id='line_1_2' title="bbox 581 130 1660 183; baseline -0.004 0"><span class='ocrx_word' id='word_1_2' title='bbox 581 150 647 182; x_wconf 73' lang='lat' dir='ltr'>De</span> <span class='ocrx_word' id='word_1_3' title='bbox 684 130 1122 183; x_wconf 63' lang='lat' dir='ltr'>Coururrlone</span> <span class='ocrx_word' id='word_1_4' title='bbox 1157 145 1223 175; x_wconf 74' lang='grc' dir='ltr'>Ετ</span> <span class='ocrx_word' id='word_1_5' title='bbox 1256 134 1660 180; x_wconf 63' lang='grc' dir='ltr'>ΑττκιτιοΝε.</span> 
     </span>
    </p>
   </div>
   <div class='ocr_carea' id='block_1_3' title="bbox 191 217 1109 3545">
    <p class='ocr_par' dir='ltr' id='par_1_3' title="bbox 191 217 1109 3545">
     <span class='ocr_line' id='line_1_3' title="bbox 191 217 1077 263; baseline -0.01 -7"><span class='ocrx_word' id='word_1_6' title='bbox 191 217 306 263; x_wconf 54' lang='lat' dir='ltr'>fedam</span> <span class='ocrx_word' id='word_1_7' title='bbox 322 223 508 258; x_wconf 73' lang='lat' dir='ltr'>reconciliare</span> <span class='ocrx_word' id='word_1_8' title='bbox 530 221 676 256; x_wconf 77' lang='lat' dir='ltr'>bominem</span> <span class='ocrx_word' id='word_1_9' title='bbox 686 224 769 261; x_wconf 88' lang='lat' dir='ltr'>Deo,</span> <span class='ocrx_word' id='word_1_10' title='bbox 795 227 958 261; x_wconf 84' lang='lat' dir='ltr'><em>antequam</em></span> <span class='ocrx_word' id='word_1_11' title='bbox 977 218 1077 249; x_wconf 74' lang='lat' dir='ltr'>sacra-</span> 
     </span>
     <span class='ocr_line' id='line_1_4' title="bbox 197 264 1077 314; baseline -0.006 -8"><span class='ocrx_word' id='word_1_12' title='bbox 197 282 326 306; x_wconf 75' lang='lat' dir='ltr'>mentum</span> <span class='ocrx_word' id='word_1_13' title='bbox 352 275 538 306; x_wconf 75' lang='lat' dir='ltr'>Poenttentiae</span> <span class='ocrx_word' id='word_1_14' title='bbox 559 273 627 306; x_wconf 58' lang='lat' dir='ltr'>aaa</span> <span class='ocrx_word' id='word_1_15' title='bbox 641 268 818 314; x_wconf 70' lang='lat' dir='ltr'>fiascipiarur</span> <span class='ocrx_word' id='word_1_16' title='bbox 840 294 846 300; x_wconf 91' lang='lat'><em>.</em></span> <span class='ocrx_word' id='word_1_17' title='bbox 881 264 1077 309; x_wconf 78' lang='lat' dir='ltr'>Respondeo</span> 
     </span>
     <span class='ocr_line' id='line_1_5' title="bbox 197 317 1077 360; baseline -0.008 -5"><span class='ocrx_word' id='word_1_18' title='bbox 197 322 307 356; x_wconf 83' lang='lat' dir='ltr'>locum</span> <span class='ocrx_word' id='word_1_19' title='bbox 329 320 418 357; x_wconf 89' lang='lat' dir='ltr'>hunc</span> <span class='ocrx_word' id='word_1_20' title='bbox 437 325 499 357; x_wconf 79' lang='lat' dir='ltr'>esse</span> <span class='ocrx_word' id='word_1_21' title='bbox 523 322 634 356; x_wconf 78' lang='lat' dir='ltr'>nostrae</span> <span class='ocrx_word' id='word_1_22' title='bbox 654 318 846 353; x_wconf 90' lang='lat' dir='ltr'>adsertionis</span> <span class='ocrx_word' id='word_1_23' title='bbox 858 317 998 360; x_wconf 85' lang='lat' dir='ltr'>palmare</span> <span class='ocrx_word' id='word_1_24' title='bbox 1011 317 1077 349; x_wconf 24' lang='lat' dir='ltr'>funt</span> 
     </span>
     <span class='ocr_line' id='line_1_6' title="bbox 196 367 1079 407; baseline -0.007 -3"><span class='ocrx_word' id='word_1_25' title='bbox 196 371 405 406; x_wconf 84' lang='lat' dir='ltr'>damentum.</span> <span class='ocrx_word' id='word_1_26' title='bbox 434 373 530 407; x_wconf 87' lang='lat' dir='ltr'>Istam</span> <span class='ocrx_word' id='word_1_27' title='bbox 551 371 639 404; x_wconf 89' lang='lat' dir='ltr'>enirn</span> <span class='ocrx_word' id='word_1_28' title='bbox 667 370 732 402; x_wconf 82' lang='lat' dir='ltr'>{ine</span> <span class='ocrx_word' id='word_1_29' title='bbox 743 367 1079 402; x_wconf 68' lang='lat' dir='ltr'>astualisacramento</span> 
     </span>
     <span class='ocr_line' id='line_1_7' title="bbox 196 415 1079 463; baseline -0.007 -9"><span class='ocrx_word' id='word_1_30' title='bbox 196 421 431 456; x_wconf 83' lang='lat' dir='ltr'>reconciliandi</span> <span class='ocrx_word' id='word_1_31' title='bbox 453 423 600 456; x_wconf 86' lang='lat' dir='ltr'>virtutem</span> <span class='ocrx_word' id='word_1_32' title='bbox 624 428 830 463; x_wconf 84' lang='lat' dir='ltr'>nequaquam</span> <span class='ocrx_word' id='word_1_33' title='bbox 854 429 953 457; x_wconf 84' lang='lat' dir='ltr'>natae,</span> <span class='ocrx_word' id='word_1_34' title='bbox 982 415 1079 449; x_wconf 85' lang='lat' dir='ltr'>nutri-</span> 
     </span>
     <span class='ocr_line' id='line_1_8' title="bbox 197 465 1076 513; baseline -0.007 -9"><span class='ocrx_word' id='word_1_35' title='bbox 197 480 238 504; x_wconf 83' lang='lat' dir='ltr'>tae</span> <span class='ocrx_word' id='word_1_36' title='bbox 250 494 260 509; x_wconf 73' lang='lat'><em>2</em></span> <span class='ocrx_word' id='word_1_37' title='bbox 287 473 424 513; x_wconf 71' lang='lat' dir='ltr'>adultae,</span> <span class='ocrx_word' id='word_1_38' title='bbox 451 482 504 505; x_wconf 84' lang='lat' dir='ltr'>aut</span> <span class='ocrx_word' id='word_1_39' title='bbox 514 469 670 509; x_wconf 85' lang='lat' dir='ltr'>robustae,</span> <span class='ocrx_word' id='word_1_40' title='bbox 685 470 736 503; x_wconf 90' lang='lat' dir='ltr'>sed</span> <span class='ocrx_word' id='word_1_41' title='bbox 750 469 809 503; x_wconf 89' lang='lat' dir='ltr'>soli</span> <span class='ocrx_word' id='word_1_42' title='bbox 823 478 875 511; x_wconf 88' lang='lat' dir='ltr'>per</span> <span class='ocrx_word' id='word_1_43' title='bbox 885 465 1076 501; x_wconf 78' lang='lat' dir='ltr'>charitatem</span> 
     </span>
     <span class='ocr_line' id='line_1_9' title="bbox 198 516 1082 563; baseline -0.006 -10"><span class='ocrx_word' id='word_1_44' title='bbox 198 522 341 563; x_wconf 67' lang='lat' dir='ltr'>perfeetae</span> <span class='ocrx_word' id='word_1_45' title='bbox 373 520 575 556; x_wconf 85' lang='lat' dir='ltr'>Contritioni</span> <span class='ocrx_word' id='word_1_46' title='bbox 603 518 755 553; x_wconf 80' lang='lat' dir='ltr'>adscribit</span> <span class='ocrx_word' id='word_1_47' title='bbox 781 517 935 561; x_wconf 85' lang='lat' dir='ltr'>Synodus</span> <span class='ocrx_word' id='word_1_48' title='bbox 957 516 1082 550; x_wconf 76' lang='lat' dir='ltr'>disertis</span> 
     </span>
     <span class='ocr_line' id='line_1_10' title="bbox 198 566 1078 615; baseline -0.005 -13"><span class='ocrx_word' id='word_1_49' title='bbox 198 571 306 605; x_wconf 88' lang='lat' dir='ltr'>verbis</span> <span class='ocrx_word' id='word_1_50' title='bbox 315 595 326 612; x_wconf 90' lang='lat'><strong>,</strong></span> <span class='ocrx_word' id='word_1_51' title='bbox 339 582 421 615; x_wconf 85' lang='lat' dir='ltr'>quos</span> <span class='ocrx_word' id='word_1_52' title='bbox 430 567 595 603; x_wconf 88' lang='lat' dir='ltr'>charitatis</span> <span class='ocrx_word' id='word_1_53' title='bbox 614 569 730 614; x_wconf 84' lang='lat' dir='ltr'>gradus</span> <span class='ocrx_word' id='word_1_54' title='bbox 742 570 792 602; x_wconf 90' lang='lat' dir='ltr'>seu</span> <span class='ocrx_word' id='word_1_55' title='bbox 805 566 924 610; x_wconf 80' lang='lat' dir='ltr'>species</span> <span class='ocrx_word' id='word_1_56' title='bbox 935 590 946 607; x_wconf 89' lang='lat'>‚</span> <span class='ocrx_word' id='word_1_57' title='bbox 958 576 1078 601; x_wconf 82' lang='lat' dir='ltr'>earum-</span> 
     </span>
     <span class='ocr_line' id='line_1_11' title="bbox 198 614 1081 663; baseline -0.002 -11"><span class='ocrx_word' id='word_1_58' title='bbox 198 631 261 663; x_wconf 91' lang='lat' dir='ltr'>que</span> <span class='ocrx_word' id='word_1_59' title='bbox 271 620 513 654; x_wconf 66' lang='lat' dir='ltr'>distinctionem</span> <span class='ocrx_word' id='word_1_60' title='bbox 525 620 668 663; x_wconf 84' lang='lat' dir='ltr'>quisquis</span> <span class='ocrx_word' id='word_1_61' title='bbox 683 630 749 654; x_wconf 89' lang='lat' dir='ltr'>non</span> <span class='ocrx_word' id='word_1_62' title='bbox 762 616 857 651; x_wconf 88' lang='lat' dir='ltr'>callet</span> <span class='ocrx_word' id='word_1_63' title='bbox 875 625 932 651; x_wconf 87' lang='lat' dir='ltr'>aut</span> <span class='ocrx_word' id='word_1_64' title='bbox 944 614 1081 650; x_wconf 83' lang='lat' dir='ltr'>advertit</span> 
     </span>
     <span class='ocr_line' id='line_1_12' title="bbox 200 665 1083 712; baseline -0.003 -10"><span class='ocrx_word' id='word_1_65' title='bbox 200 669 233 702; x_wconf 84' lang='lat' dir='ltr'>in</span> <span class='ocrx_word' id='word_1_66' title='bbox 249 670 308 703; x_wconf 85' lang='lat' dir='ltr'>hac</span> <span class='ocrx_word' id='word_1_67' title='bbox 318 670 449 703; x_wconf 86' lang='lat' dir='ltr'>materia</span> <span class='ocrx_word' id='word_1_68' title='bbox 462 693 473 708; x_wconf 88' lang='lat'><strong>,</strong></span> <span class='ocrx_word' id='word_1_69' title='bbox 502 680 565 702; x_wconf 91' lang='lat' dir='ltr'>non</span> <span class='ocrx_word' id='word_1_70' title='bbox 581 670 681 712; x_wconf 78' lang='lat' dir='ltr'>porest</span> <span class='ocrx_word' id='word_1_71' title='bbox 696 680 762 703; x_wconf 90' lang='lat' dir='ltr'>non</span> <span class='ocrx_word' id='word_1_72' title='bbox 780 665 951 711; x_wconf 84' lang='lat' dir='ltr'>cespitare‚</span> <span class='ocrx_word' id='word_1_73' title='bbox 977 666 1083 699; x_wconf 79' lang='lat' dir='ltr'>immo</span> 
     </span>
     <span class='ocr_line' id='line_1_13' title="bbox 199 716 1084 762; baseline -0.006 -9"><span class='ocrx_word' id='word_1_74' title='bbox 199 717 306 753; x_wconf 85' lang='lat' dir='ltr'>&amp;labi</span> <span class='ocrx_word' id='word_1_75' title='bbox 317 743 324 750; x_wconf 94' lang='lat'><strong><em>.</em></strong></span> <span class='ocrx_word' id='word_1_76' title='bbox 353 720 396 752; x_wconf 86' lang='lat' dir='ltr'>Et</span> <span class='ocrx_word' id='word_1_77' title='bbox 408 731 450 752; x_wconf 87' lang='lat' dir='ltr'>ex</span> <span class='ocrx_word' id='word_1_78' title='bbox 468 719 535 752; x_wconf 86' lang='lat' dir='ltr'>sola</span> <span class='ocrx_word' id='word_1_79' title='bbox 554 721 688 762; x_wconf 69' lang='lat' dir='ltr'>perfecta</span> <span class='ocrx_word' id='word_1_80' title='bbox 700 718 829 762; x_wconf 83' lang='lat' dir='ltr'><strong>plenam</strong></span> <span class='ocrx_word' id='word_1_81' title='bbox 844 717 878 750; x_wconf 76' lang='grc' dir='ltr'>δε</span> <span class='ocrx_word' id='word_1_82' title='bbox 891 716 1061 759; x_wconf 44' lang='lat' dir='ltr'>perfectam</span> <span class='ocrx_word' id='word_1_83' title='bbox 1074 739 1084 754; x_wconf 92' lang='lat'>,</span> 
     </span>
     <span class='ocr_line' id='line_1_14' title="bbox 199 766 1085 812; baseline -0.005 -12"><span class='ocrx_word' id='word_1_84' title='bbox 199 777 240 800; x_wconf 87' lang='lat' dir='ltr'>ex</span> <span class='ocrx_word' id='word_1_85' title='bbox 260 767 491 812; x_wconf 73' lang='lat' dir='ltr'>quavisautem</span> <span class='ocrx_word' id='word_1_86' title='bbox 505 770 711 811; x_wconf 63' lang='lat' dir='ltr'>imperfecta,</span> <span class='ocrx_word' id='word_1_87' title='bbox 737 766 813 801; x_wconf 74' lang='lat' dir='ltr'>licet</span> <span class='ocrx_word' id='word_1_88' title='bbox 826 766 936 800; x_wconf 87' lang='lat' dir='ltr'>adulta</span> <span class='ocrx_word' id='word_1_89' title='bbox 956 776 1012 798; x_wconf 86' lang='lat' dir='ltr'>aut</span> <span class='ocrx_word' id='word_1_90' title='bbox 1037 772 1085 797; x_wconf 85' lang='lat' dir='ltr'>to-</span> 
     </span>
     <span class='ocr_line' id='line_1_15' title="bbox 201 814 1086 862; baseline -0.003 -12"><span class='ocrx_word' id='word_1_91' title='bbox 201 817 315 859; x_wconf 89' lang='lat' dir='ltr'>busta,</span> <span class='ocrx_word' id='word_1_92' title='bbox 342 817 500 853; x_wconf 81' lang='lat' dir='ltr'>charitate</span> <span class='ocrx_word' id='word_1_93' title='bbox 522 819 738 862; x_wconf 68' lang='lat' dir='ltr'>imperfectam</span> <span class='ocrx_word' id='word_1_94' title='bbox 760 816 930 850; x_wconf 77' lang='lat' dir='ltr'>dumtaxat</span> <span class='ocrx_word' id='word_1_95' title='bbox 952 814 1086 849; x_wconf 85' lang='lat' dir='ltr'>Contri-</span> 
     </span>
     <span class='ocr_line' id='line_1_16' title="bbox 200 864 1086 911; baseline -0.005 -10"><span class='ocrx_word' id='word_1_96' title='bbox 200 869 328 902; x_wconf 83' lang='lat' dir='ltr'>tionem</span> <span class='ocrx_word' id='word_1_97' title='bbox 342 870 395 903; x_wconf 88' lang='lat' dir='ltr'>seu</span> <span class='ocrx_word' id='word_1_98' title='bbox 408 869 623 903; x_wconf 87' lang='lat' dir='ltr'>Attritionem</span> <span class='ocrx_word' id='word_1_99' title='bbox 637 869 722 901; x_wconf 86' lang='lat' dir='ltr'>nasci</span> <span class='ocrx_word' id='word_1_100' title='bbox 737 891 747 907; x_wconf 87' lang='lat'>‚</span> <span class='ocrx_word' id='word_1_101' title='bbox 774 866 848 911; x_wconf 88' lang='lat' dir='ltr'>quis</span> <span class='ocrx_word' id='word_1_102' title='bbox 862 876 928 898; x_wconf 89' lang='lat' dir='ltr'>non</span> <span class='ocrx_word' id='word_1_103' title='bbox 954 864 1086 898; x_wconf 81' lang='lat' dir='ltr'>videat?</span> 
     </span>
     <span class='ocr_line' id='line_1_17' title="bbox 201 914 1087 959; baseline -0.003 -10"><span class='ocrx_word' id='word_1_104' title='bbox 201 916 272 959; x_wconf 74' lang='lat' dir='ltr'>Ipsa</span> <span class='ocrx_word' id='word_1_105' title='bbox 285 918 440 952; x_wconf 84' lang='lat' dir='ltr'>vocabula</span> <span class='ocrx_word' id='word_1_106' title='bbox 455 920 486 951; x_wconf 88' lang='lat' dir='ltr'>id</span> <span class='ocrx_word' id='word_1_107' title='bbox 499 919 654 952; x_wconf 84' lang='lat' dir='ltr'>clamant.</span> <span class='ocrx_word' id='word_1_108' title='bbox 685 917 828 951; x_wconf 86' lang='lat' dir='ltr'>Attritio</span> <span class='ocrx_word' id='word_1_109' title='bbox 848 916 936 949; x_wconf 89' lang='lat' dir='ltr'>enirn</span> <span class='ocrx_word' id='word_1_110' title='bbox 960 914 1087 948; x_wconf 88' lang='lat' dir='ltr'>carnale</span> 
     </span>
     <span class='ocr_line' id='line_1_18' title="bbox 201 964 1088 1011; baseline -0.002 -12"><span class='ocrx_word' id='word_1_111' title='bbox 201 970 316 1001; x_wconf 84' lang='lat' dir='ltr'>veteris</span> <span class='ocrx_word' id='word_1_112' title='bbox 326 979 381 1002; x_wconf 88' lang='lat' dir='ltr'>aut</span> <span class='ocrx_word' id='word_1_113' title='bbox 393 968 469 1010; x_wconf 72' lang='lat' dir='ltr'>lapsi</span> <span class='ocrx_word' id='word_1_114' title='bbox 482 967 626 1000; x_wconf 85' lang='lat' dir='ltr'>hominis</span> <span class='ocrx_word' id='word_1_115' title='bbox 638 978 715 1007; x_wconf 84' lang='lat' dir='ltr'>cor,</span> <span class='ocrx_word' id='word_1_116' title='bbox 728 967 964 1011; x_wconf 79' lang='lat' dir='ltr'>regnantesque</span> <span class='ocrx_word' id='word_1_117' title='bbox 980 965 1013 998; x_wconf 88' lang='lat' dir='ltr'>in</span> <span class='ocrx_word' id='word_1_118' title='bbox 1028 964 1088 997; x_wconf 89' lang='lat' dir='ltr'>illo</span> 
     </span>
     <span class='ocr_line' id='line_1_19' title="bbox 201 1014 1090 1060; baseline -0.006 -10"><span class='ocrx_word' id='word_1_119' title='bbox 201 1016 360 1050; x_wconf 82' lang='lat' dir='ltr'>adfixivas</span> <span class='ocrx_word' id='word_1_120' title='bbox 384 1017 578 1060; x_wconf 87' lang='lat' dir='ltr'>cupiditates</span> <span class='ocrx_word' id='word_1_121' title='bbox 589 1017 757 1051; x_wconf 85' lang='lat' dir='ltr'>dumtaxat</span> <span class='ocrx_word' id='word_1_122' title='bbox 776 1016 907 1055; x_wconf 90' lang='lat' dir='ltr'>atterit,</span> <span class='ocrx_word' id='word_1_123' title='bbox 933 1014 1054 1058; x_wconf 86' lang='lat' dir='ltr'>frangit</span> <span class='ocrx_word' id='word_1_124' title='bbox 1079 1036 1090 1051; x_wconf 93' lang='lat'>‚</span> 
     </span>
     <span class='ocr_line' id='line_1_20' title="bbox 202 1064 1091 1110; baseline -0.002 -12"><span class='ocrx_word' id='word_1_125' title='bbox 202 1077 240 1099; x_wconf 82' lang='lat' dir='ltr'>ac</span> <span class='ocrx_word' id='word_1_126' title='bbox 252 1066 374 1108; x_wconf 85' lang='lat' dir='ltr'>vincit;</span> <span class='ocrx_word' id='word_1_127' title='bbox 397 1066 566 1101; x_wconf 67' lang='lat' dir='ltr'>Contritio</span> <span class='ocrx_word' id='word_1_128' title='bbox 578 1068 719 1101; x_wconf 86' lang='lat' dir='ltr'>conterit</span> <span class='ocrx_word' id='word_1_129' title='bbox 733 1090 743 1106; x_wconf 94' lang='lat'>,</span> <span class='ocrx_word' id='word_1_130' title='bbox 756 1065 873 1110; x_wconf 86' lang='lat' dir='ltr'>redigit</span> <span class='ocrx_word' id='word_1_131' title='bbox 887 1065 921 1098; x_wconf 85' lang='lat' dir='ltr'>in</span> <span class='ocrx_word' id='word_1_132' title='bbox 937 1064 1091 1103; x_wconf 85' lang='lat' dir='ltr'>nihilum,</span> 
     </span>
     <span class='ocr_line' id='line_1_21' title="bbox 203 1113 1091 1162; baseline -0.002 -13"><span class='ocrx_word' id='word_1_133' title='bbox 203 1117 237 1149; x_wconf 90' lang='lat'>&amp;</span> <span class='ocrx_word' id='word_1_134' title='bbox 259 1116 461 1160; x_wconf 79' lang='lat' dir='ltr'>exstinguit=</span> <span class='ocrx_word' id='word_1_135' title='bbox 487 1115 588 1162; x_wconf 83' lang='lat' dir='ltr'>Qod</span> <span class='ocrx_word' id='word_1_136' title='bbox 615 1117 682 1150; x_wconf 86' lang='lat' dir='ltr'>fine</span> <span class='ocrx_word' id='word_1_137' title='bbox 694 1118 832 1160; x_wconf 63' lang='lat' dir='ltr'>perfecta</span> <span class='ocrx_word' id='word_1_138' title='bbox 843 1114 1002 1149; x_wconf 82' lang='lat' dir='ltr'>charitate</span> <span class='ocrx_word' id='word_1_139' title='bbox 1021 1113 1091 1148; x_wconf 86' lang='lat' dir='ltr'>fieri</span> 
     </span>
     <span class='ocr_line' id='line_1_22' title="bbox 203 1164 1093 1210; baseline -0.002 -11"><span class='ocrx_word' id='word_1_140' title='bbox 203 1174 272 1199; x_wconf 89' lang='lat' dir='ltr'>non</span> <span class='ocrx_word' id='word_1_141' title='bbox 298 1167 384 1209; x_wconf 79' lang='lat' dir='ltr'>posse</span> <span class='ocrx_word' id='word_1_142' title='bbox 407 1166 502 1201; x_wconf 84' lang='lat' dir='ltr'>novit</span> <span class='ocrx_word' id='word_1_143' title='bbox 512 1166 622 1200; x_wconf 83' lang='lat' dir='ltr'>omnis</span> <span class='ocrx_word' id='word_1_144' title='bbox 633 1167 689 1210; x_wconf 89' lang='lat' dir='ltr'>qui</span> <span class='ocrx_word' id='word_1_145' title='bbox 706 1167 847 1210; x_wconf 70' lang='lat' dir='ltr'>persediae</span> <span class='ocrx_word' id='word_1_146' title='bbox 857 1164 1023 1200; x_wconf 84' lang='lat' dir='ltr'>charitatis</span> <span class='ocrx_word' id='word_1_147' title='bbox 1046 1164 1093 1197; x_wconf 91' lang='lat' dir='ltr'>in·</span> 
     </span>
     <span class='ocr_line' id='line_1_23' title="bbox 203 1215 1096 1259; baseline -0.003 -10"><span class='ocrx_word' id='word_1_148' title='bbox 203 1216 339 1259; x_wconf 87' lang='lat' dir='ltr'>genium</span> <span class='ocrx_word' id='word_1_149' title='bbox 362 1215 395 1250; x_wconf 87' lang='lat'>&amp;</span> <span class='ocrx_word' id='word_1_150' title='bbox 419 1226 566 1250; x_wconf 89' lang='lat' dir='ltr'>naturam</span> <span class='ocrx_word' id='word_1_151' title='bbox 579 1217 691 1250; x_wconf 88' lang='lat' dir='ltr'>novit.</span> <span class='ocrx_word' id='word_1_152' title='bbox 720 1216 826 1250; x_wconf 78' lang='lat' dir='ltr'>Porro</span> <span class='ocrx_word' id='word_1_153' title='bbox 839 1215 963 1250; x_wconf 87' lang='lat' dir='ltr'>nullam</span> <span class='ocrx_word' id='word_1_154' title='bbox 983 1215 1096 1257; x_wconf 87' lang='lat' dir='ltr'>impet-</span> 
     </span>
     <span class='ocr_line' id='line_1_24' title="bbox 205 1263 1095 1306; baseline -0.002 -8"><span class='ocrx_word' id='word_1_155' title='bbox 205 1265 320 1298; x_wconf 76' lang='lat' dir='ltr'>festam</span> <span class='ocrx_word' id='word_1_156' title='bbox 330 1264 576 1300; x_wconf 84' lang='lat' dir='ltr'>Contritionem</span> <span class='ocrx_word' id='word_1_157' title='bbox 601 1267 667 1299; x_wconf 84' lang='lat' dir='ltr'>fine</span> <span class='ocrx_word' id='word_1_158' title='bbox 690 1267 806 1300; x_wconf 73' lang='lat' dir='ltr'>astuali</span> <span class='ocrx_word' id='word_1_159' title='bbox 821 1267 1030 1300; x_wconf 75' lang='lat' dir='ltr'>Sacramenta</span> <span class='ocrx_word' id='word_1_160' title='bbox 1050 1263 1095 1306; x_wconf 84' lang='lat' dir='ltr'>ju-</span> 
     </span>
     <span class='ocr_line' id='line_1_25' title="bbox 206 1314 1095 1356; baseline -0.001 -9"><span class='ocrx_word' id='word_1_161' title='bbox 206 1315 343 1349; x_wconf 86' lang='lat' dir='ltr'>stificare</span> <span class='ocrx_word' id='word_1_162' title='bbox 364 1315 480 1349; x_wconf 85' lang='lat' dir='ltr'>definit</span> <span class='ocrx_word' id='word_1_163' title='bbox 506 1316 630 1349; x_wconf 83' lang='lat' dir='ltr'>disertis</span> <span class='ocrx_word' id='word_1_164' title='bbox 651 1316 754 1350; x_wconf 89' lang='lat' dir='ltr'>verbis</span> <span class='ocrx_word' id='word_1_165' title='bbox 766 1315 966 1350; x_wconf 86' lang='lat' dir='ltr'>Tridentina</span> <span class='ocrx_word' id='word_1_166' title='bbox 989 1314 1095 1356; x_wconf 79' lang='lat' dir='ltr'>Syno&#39;</span> 
     </span>
     <span class='ocr_line' id='line_1_26' title="bbox 207 1363 982 1408; baseline -0.004 -9"><span class='ocrx_word' id='word_1_167' title='bbox 207 1365 269 1399; x_wconf 83' lang='lat' dir='ltr'>dus</span> <span class='ocrx_word' id='word_1_168' title='bbox 280 1388 290 1403; x_wconf 88' lang='lat'>‚</span> <span class='ocrx_word' id='word_1_169' title='bbox 318 1363 456 1408; x_wconf 88' lang='lat' dir='ltr'>ideoque</span> <span class='ocrx_word' id='word_1_170' title='bbox 467 1365 580 1399; x_wconf 88' lang='lat' dir='ltr'>definit</span> <span class='ocrx_word' id='word_1_171' title='bbox 594 1365 731 1399; x_wconf 82' lang='lat' dir='ltr'>nostram</span> <span class='ocrx_word' id='word_1_172' title='bbox 746 1365 961 1400; x_wconf 83' lang='lat' dir='ltr'>adsertionem</span> <span class='ocrx_word' id='word_1_173' title='bbox 975 1388 982 1395; x_wconf 93' lang='lat'>.</span> 
     </span>
     <span class='ocr_line' id='line_1_27' title="bbox 258 1410 1095 1449; baseline -0.004 -2"><span class='ocrx_word' id='word_1_174' title='bbox 258 1414 396 1448; x_wconf 82' lang='lat' dir='ltr'>Tertius</span> <span class='ocrx_word' id='word_1_175' title='bbox 407 1416 424 1447; x_wconf 68' lang='lat' dir='ltr'>a</span> <span class='ocrx_word' id='word_1_176' title='bbox 438 1414 589 1448; x_wconf 89' lang='lat' dir='ltr'>Domino</span> <span class='ocrx_word' id='word_1_177' title='bbox 601 1415 771 1449; x_wconf 86' lang='lat' dir='ltr'>Cardinali</span> <span class='ocrx_word' id='word_1_178' title='bbox 782 1415 935 1448; x_wconf 69' lang='lat' dir='ltr'>addustus</span> <span class='ocrx_word' id='word_1_179' title='bbox 948 1415 1042 1446; x_wconf 86' lang='lat' dir='ltr'>locus</span> <span class='ocrx_word' id='word_1_180' title='bbox 1051 1410 1095 1445; x_wconf 85' lang='lat' dir='ltr'>est</span> 
     </span>
     <span class='ocr_line' id='line_1_28' title="bbox 210 1464 1098 1506; baseline -0.005 -9"><span class='ocrx_word' id='word_1_181' title='bbox 210 1465 245 1498; x_wconf 85' lang='lat' dir='ltr'>in</span> <span class='ocrx_word' id='word_1_182' title='bbox 258 1465 361 1498; x_wconf 70' lang='lat' dir='ltr'>tertiae</span> <span class='ocrx_word' id='word_1_183' title='bbox 372 1466 506 1498; x_wconf 83' lang='lat' dir='ltr'>decimae</span> <span class='ocrx_word' id='word_1_184' title='bbox 517 1464 668 1498; x_wconf 84' lang='lat' dir='ltr'>Seffionis</span> <span class='ocrx_word' id='word_1_185' title='bbox 678 1464 784 1506; x_wconf 85' lang='lat' dir='ltr'>capite</span> <span class='ocrx_word' id='word_1_186' title='bbox 804 1464 960 1506; x_wconf 81' lang='lat' dir='ltr'>septimo:</span> <span class='ocrx_word' id='word_1_187' title='bbox 989 1465 1098 1495; x_wconf 74' lang='lat' dir='ltr'>conct-</span> 
     </span>
     <span class='ocr_line' id='line_1_29' title="bbox 211 1509 1097 1554; baseline -0.003 -8"><span class='ocrx_word' id='word_1_188' title='bbox 211 1515 284 1546; x_wconf 80' lang='lat' dir='ltr'>ltum</span> <span class='ocrx_word' id='word_1_189' title='bbox 310 1515 452 1547; x_wconf 78' lang='lat' dir='ltr'>declarat.</span> <span class='ocrx_word' id='word_1_190' title='bbox 465 1515 510 1545; x_wconf 84' lang='lat' dir='ltr'>ad</span> <span class='ocrx_word' id='word_1_191' title='bbox 515 1519 767 1554; x_wconf 63' lang='lat' dir='ltr'>praeparatIonem</span> <span class='ocrx_word' id='word_1_192' title='bbox 779 1513 978 1553; x_wconf 67' lang='lat' dir='ltr'>Eucharistiae</span> <span class='ocrx_word' id='word_1_193' title='bbox 989 1509 1097 1553; x_wconf 86' lang='lat' dir='ltr'>confes-</span> 
     </span>
     <span class='ocr_line' id='line_1_30' title="bbox 203 1563 1099 1607; baseline -0.002 -12"><span class='ocrx_word' id='word_1_194' title='bbox 203 1563 312 1607; x_wconf 76' lang='lat' dir='ltr'>sionem</span> <span class='ocrx_word' id='word_1_195' title='bbox 336 1564 584 1597; x_wconf 73' lang='lat' dir='ltr'>sacramentalem</span> <span class='ocrx_word' id='word_1_196' title='bbox 604 1564 653 1605; x_wconf 85' lang='lat' dir='ltr'>effe</span> <span class='ocrx_word' id='word_1_197' title='bbox 676 1564 861 1606; x_wconf 78' lang='lat' dir='ltr'>necessarlum</span> <span class='ocrx_word' id='word_1_198' title='bbox 870 1569 910 1596; x_wconf 72' lang='lat' dir='ltr'>tis</span> <span class='ocrx_word' id='word_1_199' title='bbox 924 1586 933 1603; x_wconf 86' lang='lat'><em>‚</em></span> <span class='ocrx_word' id='word_1_200' title='bbox 964 1567 1016 1605; x_wconf 75' lang='lat' dir='ltr'>qui</span> <span class='ocrx_word' id='word_1_201' title='bbox 1037 1572 1099 1594; x_wconf 82' lang='lat' dir='ltr'>con-</span> 
     </span>
     <span class='ocr_line' id='line_1_31' title="bbox 207 1612 1098 1658; baseline -0.003 -13"><span class='ocrx_word' id='word_1_202' title='bbox 207 1613 360 1658; x_wconf 71' lang='lat' dir='ltr'>scientiam</span> <span class='ocrx_word' id='word_1_203' title='bbox 385 1613 497 1646; x_wconf 77' lang='lat' dir='ltr'>babent</span> <span class='ocrx_word' id='word_1_204' title='bbox 514 1619 623 1653; x_wconf 80' lang='lat' dir='ltr'>peccati</span> <span class='ocrx_word' id='word_1_205' title='bbox 648 1613 769 1646; x_wconf 75' lang='lat' dir='ltr'>lethalis</span> <span class='ocrx_word' id='word_1_206' title='bbox 791 1638 802 1652; x_wconf 95' lang='lat'>,</span> <span class='ocrx_word' id='word_1_207' title='bbox 829 1616 863 1646; x_wconf 66' lang='grc'>6*</span> <span class='ocrx_word' id='word_1_208' title='bbox 877 1612 966 1654; x_wconf 76' lang='lat' dir='ltr'>simul</span> <span class='ocrx_word' id='word_1_209' title='bbox 988 1615 1098 1652; x_wconf 76' lang='lat' dir='ltr'>excipit</span> 
     </span>
     <span class='ocr_line' id='line_1_32' title="bbox 211 1660 1099 1706; baseline -0.003 -10"><span class='ocrx_word' id='word_1_210' title='bbox 211 1675 258 1697; x_wconf 84' lang='lat' dir='ltr'>eos</span> <span class='ocrx_word' id='word_1_211' title='bbox 270 1688 280 1703; x_wconf 92' lang='lat'>‚</span> <span class='ocrx_word' id='word_1_212' title='bbox 306 1663 447 1705; x_wconf 76' lang='lat' dir='ltr'>quiforte</span> <span class='ocrx_word' id='word_1_213' title='bbox 458 1664 573 1706; x_wconf 80' lang='lat' dir='ltr'>Missam</span> <span class='ocrx_word' id='word_1_214' title='bbox 586 1663 728 1695; x_wconf 83' lang='lat' dir='ltr'>celebrare</span> <span class='ocrx_word' id='word_1_215' title='bbox 741 1671 878 1696; x_wconf 82' lang='lat' dir='ltr'>tenentur</span> <span class='ocrx_word' id='word_1_216' title='bbox 890 1686 901 1702; x_wconf 94' lang='lat'>,</span> <span class='ocrx_word' id='word_1_217' title='bbox 929 1672 979 1694; x_wconf 89' lang='lat' dir='ltr'>nec</span> <span class='ocrx_word' id='word_1_218' title='bbox 991 1660 1099 1694; x_wconf 83' lang='lat' dir='ltr'>babent</span> 
     </span>
     <span class='ocr_line' id='line_1_33' title="bbox 211 1711 1099 1755; baseline -0.003 -9"><span class='ocrx_word' id='word_1_219' title='bbox 211 1716 394 1746; x_wconf 77' lang='lat' dir='ltr'>sacerdotem</span> <span class='ocrx_word' id='word_1_220' title='bbox 414 1719 458 1746; x_wconf 79' lang='lat' dir='ltr'>cui</span> <span class='ocrx_word' id='word_1_221' title='bbox 476 1722 598 1755; x_wconf 82' lang='lat' dir='ltr'>peccata</span> <span class='ocrx_word' id='word_1_222' title='bbox 619 1711 672 1751; x_wconf 73' lang='lat' dir='ltr'>sua</span> <span class='ocrx_word' id='word_1_223' title='bbox 695 1712 904 1754; x_wconf 82' lang='lat' dir='ltr'>confiteantur.</span> <span class='ocrx_word' id='word_1_224' title='bbox 936 1715 994 1744; x_wconf 75' lang='lat' dir='ltr'>Eis</span> <span class='ocrx_word' id='word_1_225' title='bbox 1020 1716 1099 1744; x_wconf 80' lang='lat' dir='ltr'>enim</span> 
     </span>
     <span class='ocr_line' id='line_1_34' title="bbox 213 1760 1100 1805; baseline -0.007 -8"><span class='ocrx_word' id='word_1_226' title='bbox 213 1768 427 1797; x_wconf 70' lang='lat' dir='ltr'>Contritionem</span> <span class='ocrx_word' id='word_1_227' title='bbox 448 1774 514 1796; x_wconf 87' lang='lat' dir='ltr'>cum</span> <span class='ocrx_word' id='word_1_228' title='bbox 532 1761 675 1805; x_wconf 76' lang='lat' dir='ltr'>proposito</span> <span class='ocrx_word' id='word_1_229' title='bbox 697 1763 869 1804; x_wconf 76' lang='lat' dir='ltr'>conftfflonis</span> <span class='ocrx_word' id='word_1_230' title='bbox 891 1763 934 1794; x_wconf 81' lang='lat' dir='ltr'>ad</span> <span class='ocrx_word' id='word_1_231' title='bbox 947 1760 1100 1795; x_wconf 74' lang='lat' dir='ltr'>Euchari-</span> 
     </span>
     <span class='ocr_line' id='line_1_35' title="bbox 209 1812 1099 1857; baseline -0.003 -12"><span class='ocrx_word' id='word_1_232' title='bbox 209 1814 298 1856; x_wconf 70' lang='lat' dir='ltr'>Jilam</span> <span class='ocrx_word' id='word_1_233' title='bbox 321 1825 378 1846; x_wconf 80' lang='lat' dir='ltr'>non</span> <span class='ocrx_word' id='word_1_234' title='bbox 401 1815 523 1857; x_wconf 66' lang='lat' dir='ltr'>indigne</span> <span class='ocrx_word' id='word_1_235' title='bbox 542 1812 763 1855; x_wconf 76' lang='lat' dir='ltr'>suscipiendam</span> <span class='ocrx_word' id='word_1_236' title='bbox 784 1814 908 1855; x_wconf 79' lang='lat' dir='ltr'>sufficere</span> <span class='ocrx_word' id='word_1_237' title='bbox 925 1813 1099 1852; x_wconf 71' lang='lat' dir='ltr'>judicavit.</span> 
     </span>
     <span class='ocr_line' id='line_1_36' title="bbox 213 1864 1099 1905; baseline -0.005 -10"><span class='ocrx_word' id='word_1_238' title='bbox 213 1868 321 1905; x_wconf 73' lang='lat' dir='ltr'>ltaque</span> <span class='ocrx_word' id='word_1_239' title='bbox 342 1865 504 1896; x_wconf 74' lang='lat' dir='ltr'>Concilium</span> <span class='ocrx_word' id='word_1_240' title='bbox 524 1864 599 1895; x_wconf 82' lang='lat' dir='ltr'>illud</span> <span class='ocrx_word' id='word_1_241' title='bbox 622 1864 752 1895; x_wconf 78' lang='lat' dir='ltr'>credidit</span> <span class='ocrx_word' id='word_1_242' title='bbox 762 1871 814 1902; x_wconf 80' lang='lat' dir='ltr'>per</span> <span class='ocrx_word' id='word_1_243' title='bbox 827 1872 931 1896; x_wconf 81' lang='lat' dir='ltr'>veram</span> <span class='ocrx_word' id='word_1_244' title='bbox 944 1865 1099 1893; x_wconf 69' lang='lat' dir='ltr'>contritio·</span> 
     </span>
     <span class='ocr_line' id='line_1_37' title="bbox 215 1911 1102 1954; baseline -0.006 -8"><span class='ocrx_word' id='word_1_245' title='bbox 215 1923 305 1952; x_wconf 82' lang='lat' dir='ltr'>nem,</span> <span class='ocrx_word' id='word_1_246' title='bbox 330 1917 422 1946; x_wconf 75' lang='lat' dir='ltr'>etlam</span> <span class='ocrx_word' id='word_1_247' title='bbox 447 1921 517 1945; x_wconf 84' lang='lat' dir='ltr'>ante</span> <span class='ocrx_word' id='word_1_248' title='bbox 532 1914 696 1945; x_wconf 76' lang='lat' dir='ltr'>sacerdotis</span> <span class='ocrx_word' id='word_1_249' title='bbox 719 1911 946 1954; x_wconf 77' lang='lat' dir='ltr'>absolutionem,</span> <span class='ocrx_word' id='word_1_250' title='bbox 972 1912 1006 1944; x_wconf 71' lang='lat'>(9⁹</span> <span class='ocrx_word' id='word_1_251' title='bbox 1027 1915 1102 1942; x_wconf 75' lang='lat' dir='ltr'>citra</span> 
     </span>
     <span class='ocr_line' id='line_1_38' title="bbox 215 1958 1103 2004; baseline -0.005 -9"><span class='ocrx_word' id='word_1_252' title='bbox 215 1968 319 1995; x_wconf 70' lang='lat' dir='ltr'>mortu</span> <span class='ocrx_word' id='word_1_253' title='bbox 332 1963 491 1995; x_wconf 80' lang='lat' dir='ltr'>artlculum</span> <span class='ocrx_word' id='word_1_254' title='bbox 501 1986 511 2001; x_wconf 91' lang='lat'>,</span> <span class='ocrx_word' id='word_1_255' title='bbox 528 1970 649 2003; x_wconf 84' lang='lat' dir='ltr'>peccata</span> <span class='ocrx_word' id='word_1_256' title='bbox 662 1968 772 1994; x_wconf 73' lang='lat' dir='ltr'>remitti</span> <span class='ocrx_word' id='word_1_257' title='bbox 785 1988 791 1994; x_wconf 92' lang='lat'><strong><em>.</em></strong></span> <span class='ocrx_word' id='word_1_258' title='bbox 805 1967 911 2004; x_wconf 82' lang='lat' dir='ltr'>Neque</span> <span class='ocrx_word' id='word_1_259' title='bbox 922 1965 998 1993; x_wconf 84' lang='lat' dir='ltr'>enim</span> <span class='ocrx_word' id='word_1_260' title='bbox 1006 1958 1103 2001; x_wconf 81' lang='lat' dir='ltr'>suspt·</span> 
     </span>
     <span class='ocr_line' id='line_1_39' title="bbox 217 2006 1104 2053; baseline -0.005 -9"><span class='ocrx_word' id='word_1_261' title='bbox 217 2011 340 2052; x_wconf 80' lang='lat' dir='ltr'>carifas</span> <span class='ocrx_word' id='word_1_262' title='bbox 352 2011 388 2051; x_wconf 79' lang='lat' dir='ltr'>est</span> <span class='ocrx_word' id='word_1_263' title='bbox 399 2034 410 2050; x_wconf 89' lang='lat'><strong>,</strong></span> <span class='ocrx_word' id='word_1_264' title='bbox 430 2017 462 2044; x_wconf 76' lang='lat' dir='ltr'>ln</span> <span class='ocrx_word' id='word_1_265' title='bbox 472 2012 521 2043; x_wconf 71' lang='lat' dir='ltr'>illo</span> <span class='ocrx_word' id='word_1_266' title='bbox 533 2009 600 2053; x_wconf 85' lang='lat' dir='ltr'>casu</span> <span class='ocrx_word' id='word_1_267' title='bbox 612 2011 797 2044; x_wconf 68' lang='lat' dir='ltr'>catholicum</span> <span class='ocrx_word' id='word_1_268' title='bbox 809 2012 971 2045; x_wconf 80' lang='lat' dir='ltr'><em>Concilium</em></span> <span class='ocrx_word' id='word_1_269' title='bbox 981 2019 1065 2051; x_wconf 78' lang='lat' dir='ltr'>perm</span> <span class='ocrx_word' id='word_1_270' title='bbox 1074 2006 1104 2050; x_wconf 91' lang='lat' dir='ltr'>s·</span> 
     </span>
     <span class='ocr_line' id='line_1_40' title="bbox 213 2059 1105 2107; baseline -0.003 -14"><span class='ocrx_word' id='word_1_271' title='bbox 213 2060 318 2107; x_wconf 82' lang='lat' dir='ltr'>surum</span> <span class='ocrx_word' id='word_1_272' title='bbox 332 2061 442 2103; x_wconf 71' lang='lat' dir='ltr'>fuisse,</span> <span class='ocrx_word' id='word_1_273' title='bbox 468 2071 500 2094; x_wconf 83' lang='lat' dir='ltr'>ut</span> <span class='ocrx_word' id='word_1_274' title='bbox 522 2072 589 2094; x_wconf 87' lang='lat' dir='ltr'>cum</span> <span class='ocrx_word' id='word_1_275' title='bbox 608 2060 779 2102; x_wconf 57' lang='lat' dir='ltr'>consiientm</span> <span class='ocrx_word' id='word_1_276' title='bbox 788 2067 897 2101; x_wconf 77' lang='lat' dir='ltr'>peccati</span> <span class='ocrx_word' id='word_1_277' title='bbox 909 2059 1043 2091; x_wconf 69' lang='lat' dir='ltr'>mortalis</span> <span class='ocrx_word' id='word_1_278' title='bbox 1060 2060 1105 2091; x_wconf 80' lang='lat' dir='ltr'>ad</span> 
     </span>
     <span class='ocr_line' id='line_1_41' title="bbox 217 2107 1103 2153; baseline -0.005 -9"><span class='ocrx_word' id='word_1_279' title='bbox 217 2114 440 2147; x_wconf 73' lang='lat' dir='ltr'>Sacramentum</span> <span class='ocrx_word' id='word_1_280' title='bbox 452 2110 650 2149; x_wconf 73' lang='lat' dir='ltr'>Eucharistiae</span> <span class='ocrx_word' id='word_1_281' title='bbox 673 2113 876 2144; x_wconf 79' lang='lat' dir='ltr'>accederetur.</span> <span class='ocrx_word' id='word_1_282' title='bbox 905 2107 1103 2153; x_wconf 84' lang='lat' dir='ltr'>Respondeo</span> 
     </span>
     <span class='ocr_line' id='line_1_42' title="bbox 215 2158 1103 2202; baseline -0.006 -8"><span class='ocrx_word' id='word_1_283' title='bbox 215 2162 319 2195; x_wconf 85' lang='lat' dir='ltr'>etiam</span> <span class='ocrx_word' id='word_1_284' title='bbox 341 2163 452 2194; x_wconf 86' lang='lat' dir='ltr'>locum</span> <span class='ocrx_word' id='word_1_285' title='bbox 484 2160 578 2193; x_wconf 86' lang='lat' dir='ltr'>istum</span> <span class='ocrx_word' id='word_1_286' title='bbox 606 2170 749 2202; x_wconf 85' lang='lat' dir='ltr'>patenter</span> <span class='ocrx_word' id='word_1_287' title='bbox 771 2162 875 2194; x_wconf 73' lang='lat' dir='ltr'>facere</span> <span class='ocrx_word' id='word_1_288' title='bbox 899 2171 957 2202; x_wconf 87' lang='lat' dir='ltr'>pro</span> <span class='ocrx_word' id='word_1_289' title='bbox 979 2158 1075 2192; x_wconf 81' lang='lat' dir='ltr'>nobis</span> <span class='ocrx_word' id='word_1_290' title='bbox 1096 2181 1103 2188; x_wconf 92' lang='lat'><strong>.</strong></span> 
     </span>
     <span class='ocr_line' id='line_1_43' title="bbox 217 2207 1104 2254; baseline -0.008 -8"><span class='ocrx_word' id='word_1_291' title='bbox 217 2210 315 2247; x_wconf 72' lang='lat' dir='ltr'>Istam</span> <span class='ocrx_word' id='word_1_292' title='bbox 336 2210 456 2254; x_wconf 76' lang='lat' dir='ltr'>quippe</span> <span class='ocrx_word' id='word_1_293' title='bbox 472 2210 538 2243; x_wconf 85' lang='lat' dir='ltr'>fine</span> <span class='ocrx_word' id='word_1_294' title='bbox 560 2209 671 2251; x_wconf 81' lang='lat' dir='ltr'>praevia</span> <span class='ocrx_word' id='word_1_295' title='bbox 686 2209 898 2243; x_wconf 84' lang='lat' dir='ltr'>Confeffione</span> <span class='ocrx_word' id='word_1_296' title='bbox 916 2210 947 2241; x_wconf 79' lang='grc' dir='ltr'>δε</span> <span class='ocrx_word' id='word_1_297' title='bbox 962 2207 1104 2240; x_wconf 86' lang='lat' dir='ltr'>Absolu-</span> 
     </span>
     <span class='ocr_line' id='line_1_44' title="bbox 217 2259 1103 2302; baseline -0.006 -8"><span class='ocrx_word' id='word_1_298' title='bbox 217 2261 311 2294; x_wconf 81' lang='lat' dir='ltr'>tione</span> <span class='ocrx_word' id='word_1_299' title='bbox 331 2259 584 2294; x_wconf 82' lang='lat' dir='ltr'>celebrationem</span> <span class='ocrx_word' id='word_1_300' title='bbox 612 2259 645 2291; x_wconf 90' lang='lat' dir='ltr'>in</span> <span class='ocrx_word' id='word_1_301' title='bbox 671 2259 742 2292; x_wconf 78' lang='lat' dir='ltr'>solo</span> <span class='ocrx_word' id='word_1_302' title='bbox 755 2259 863 2299; x_wconf 83' lang='lat' dir='ltr'>illius,</span> <span class='ocrx_word' id='word_1_303' title='bbox 891 2270 955 2302; x_wconf 82' lang='lat' dir='ltr'>qua</span> <span class='ocrx_word' id='word_1_304' title='bbox 974 2268 1103 2291; x_wconf 83' lang='lat' dir='ltr'>curatus</span> 
     </span>
     <span class='ocr_line' id='line_1_45' title="bbox 217 2307 1103 2349; baseline -0.003 -6"><span class='ocrx_word' id='word_1_305' title='bbox 217 2308 373 2344; x_wconf 83' lang='lat' dir='ltr'>Sacerdos</span> <span class='ocrx_word' id='word_1_306' title='bbox 384 2332 396 2349; x_wconf 90' lang='lat'><strong>,</strong></span> <span class='ocrx_word' id='word_1_307' title='bbox 422 2307 650 2342; x_wconf 78' lang='lat' dir='ltr'>Confefforem</span> <span class='ocrx_word' id='word_1_308' title='bbox 675 2320 741 2342; x_wconf 90' lang='lat' dir='ltr'>non</span> <span class='ocrx_word' id='word_1_309' title='bbox 765 2308 884 2343; x_wconf 88' lang='lat' dir='ltr'>habens</span> <span class='ocrx_word' id='word_1_310' title='bbox 896 2309 935 2342; x_wconf 83' lang='lat' dir='ltr'>ad</span> <span class='ocrx_word' id='word_1_311' title='bbox 947 2318 1080 2341; x_wconf 88' lang='lat' dir='ltr'>manum</span> <span class='ocrx_word' id='word_1_312' title='bbox 1093 2331 1103 2346; x_wconf 94' lang='lat'>‚</span> 
     </span>
     <span class='ocr_line' id='line_1_46' title="bbox 217 2357 1104 2399; baseline -0.006 -5"><span class='ocrx_word' id='word_1_313' title='bbox 217 2371 260 2394; x_wconf 81' lang='lat' dir='ltr'>ex</span> <span class='ocrx_word' id='word_1_314' title='bbox 275 2359 388 2393; x_wconf 87' lang='lat' dir='ltr'>officio</span> <span class='ocrx_word' id='word_1_315' title='bbox 411 2357 572 2392; x_wconf 85' lang='lat' dir='ltr'>celebrare</span> <span class='ocrx_word' id='word_1_316' title='bbox 587 2367 713 2392; x_wconf 88' lang='lat' dir='ltr'>tenetur</span> <span class='ocrx_word' id='word_1_317' title='bbox 725 2383 735 2399; x_wconf 91' lang='lat'>‚</span> <span class='ocrx_word' id='word_1_318' title='bbox 761 2358 953 2393; x_wconf 84' lang='lat' dir='ltr'>neceffitatis</span> <span class='ocrx_word' id='word_1_319' title='bbox 964 2357 1104 2391; x_wconf 80' lang='lat' dir='ltr'>articulo</span> 
     </span>
     <span class='ocr_line' id='line_1_47' title="bbox 218 2407 1103 2452; baseline -0.005 -9"><span class='ocrx_word' id='word_1_320' title='bbox 218 2410 380 2452; x_wconf 79' lang='lat' dir='ltr'>permittit</span> <span class='ocrx_word' id='word_1_321' title='bbox 401 2409 597 2442; x_wconf 64' lang='lat' dir='ltr'>sacrosancta</span> <span class='ocrx_word' id='word_1_322' title='bbox 617 2408 770 2451; x_wconf 86' lang='lat' dir='ltr'>Synodus</span> <span class='ocrx_word' id='word_1_323' title='bbox 791 2434 801 2449; x_wconf 94' lang='lat'>‚</span> <span class='ocrx_word' id='word_1_324' title='bbox 842 2410 875 2441; x_wconf 85' lang='lat' dir='ltr'>in</span> <span class='ocrx_word' id='word_1_325' title='bbox 897 2409 965 2441; x_wconf 83' lang='lat' dir='ltr'>aiio</span> <span class='ocrx_word' id='word_1_326' title='bbox 987 2407 1103 2451; x_wconf 85' lang='lat' dir='ltr'>quovis</span> 
     </span>
     <span class='ocr_line' id='line_1_48' title="bbox 219 2454 1104 2501; baseline -0.002 -10"><span class='ocrx_word' id='word_1_327' title='bbox 219 2470 338 2492; x_wconf 82' lang='lat' dir='ltr'>eventu</span> <span class='ocrx_word' id='word_1_328' title='bbox 358 2458 473 2491; x_wconf 75' lang='lat' dir='ltr'>diserte</span> <span class='ocrx_word' id='word_1_329' title='bbox 487 2469 523 2490; x_wconf 87' lang='lat' dir='ltr'>ac</span> <span class='ocrx_word' id='word_1_330' title='bbox 535 2458 638 2491; x_wconf 74' lang='lat' dir='ltr'>severe</span> <span class='ocrx_word' id='word_1_331' title='bbox 650 2468 734 2491; x_wconf 85' lang='lat' dir='ltr'>vetat</span> <span class='ocrx_word' id='word_1_332' title='bbox 747 2472 757 2491; x_wconf 94' lang='grc'>.·</span> <span class='ocrx_word' id='word_1_333' title='bbox 786 2454 1104 2501; x_wconf 76' lang='lat' dir='ltr'>‚Quantnmcumquese</span> 
     </span>
     <span class='ocr_line' id='line_1_49' title="bbox 220 2506 1103 2552; baseline 0 -12"><span class='ocrx_word' id='word_1_334' title='bbox 220 2514 376 2540; x_wconf 70' lang='lat' dir='ltr'>contritum</span> <span class='ocrx_word' id='word_1_335' title='bbox 386 2507 467 2539; x_wconf 83' lang='lat' dir='ltr'>homo</span> <span class='ocrx_word' id='word_1_336' title='bbox 477 2507 619 2546; x_wconf 78' lang='lat' dir='ltr'>existimet</span> <span class='ocrx_word' id='word_1_337' title='bbox 633 2508 748 2552; x_wconf 53' lang='lat' dir='ltr'>«Quia</span> <span class='ocrx_word' id='word_1_338' title='bbox 764 2519 878 2550; x_wconf 85' lang='lat' dir='ltr'>nempe</span> <span class='ocrx_word' id='word_1_339' title='bbox 890 2509 996 2542; x_wconf 86' lang='lat' dir='ltr'>censet</span> <span class='ocrx_word' id='word_1_340' title='bbox 1008 2510 1024 2541; x_wconf 70' lang='lat' dir='ltr'>a</span> <span class='ocrx_word' id='word_1_341' title='bbox 1037 2506 1103 2541; x_wconf 74' lang='lat' dir='ltr'>sola</span> 
     </span>
     <span class='ocr_line' id='line_1_50' title="bbox 220 2555 1104 2600; baseline -0.002 -9"><span class='ocrx_word' id='word_1_342' title='bbox 220 2558 406 2600; x_wconf 71' lang='lat' dir='ltr'>imperfesta</span> <span class='ocrx_word' id='word_1_343' title='bbox 428 2557 641 2590; x_wconf 86' lang='lat' dir='ltr'>Contritione</span> <span class='ocrx_word' id='word_1_344' title='bbox 664 2557 771 2598; x_wconf 72' lang='lat' dir='ltr'>parlim</span> <span class='ocrx_word' id='word_1_345' title='bbox 794 2569 858 2590; x_wconf 86' lang='lat' dir='ltr'>non</span> <span class='ocrx_word' id='word_1_346' title='bbox 873 2557 940 2591; x_wconf 86' lang='lat' dir='ltr'>dari</span> <span class='ocrx_word' id='word_1_347' title='bbox 953 2555 1104 2590; x_wconf 85' lang='lat' dir='ltr'>remiffio-</span> 
     </span>
     <span class='ocr_line' id='line_1_51' title="bbox 219 2605 1104 2650; baseline -0.002 -9"><span class='ocrx_word' id='word_1_348' title='bbox 219 2617 299 2642; x_wconf 82' lang='lat' dir='ltr'>nem</span> <span class='ocrx_word' id='word_1_349' title='bbox 323 2615 551 2650; x_wconf 85' lang='lat' dir='ltr'>peccatorum.</span> <span class='ocrx_word' id='word_1_350' title='bbox 579 2605 702 2639; x_wconf 83' lang='lat' dir='ltr'>Eadem</span> <span class='ocrx_word' id='word_1_351' title='bbox 724 2607 765 2639; x_wconf 89' lang='lat' dir='ltr'>de</span> <span class='ocrx_word' id='word_1_352' title='bbox 775 2609 878 2640; x_wconf 71' lang='lat' dir='ltr'>caussa</span> <span class='ocrx_word' id='word_1_353' title='bbox 891 2616 1004 2641; x_wconf 87' lang='lat' dir='ltr'>curato</span> <span class='ocrx_word' id='word_1_354' title='bbox 1017 2606 1104 2639; x_wconf 84' lang='lat' dir='ltr'>Pres-</span> 
     </span>
     <span class='ocr_line' id='line_1_52' title="bbox 219 2655 1104 2700; baseline -0.002 -9"><span class='ocrx_word' id='word_1_355' title='bbox 219 2656 338 2699; x_wconf 89' lang='lat' dir='ltr'>bytero</span> <span class='ocrx_word' id='word_1_356' title='bbox 352 2681 362 2696; x_wconf 91' lang='lat'><strong>,</strong></span> <span class='ocrx_word' id='word_1_357' title='bbox 388 2657 445 2699; x_wconf 91' lang='lat' dir='ltr'>qui</span> <span class='ocrx_word' id='word_1_358' title='bbox 461 2666 504 2689; x_wconf 78' lang='lat' dir='ltr'>ex</span> <span class='ocrx_word' id='word_1_359' title='bbox 524 2655 607 2690; x_wconf 71' lang='lat' dir='ltr'>dista</span> <span class='ocrx_word' id='word_1_360' title='bbox 621 2656 800 2689; x_wconf 73' lang='lat' dir='ltr'>necessitate</span> <span class='ocrx_word' id='word_1_361' title='bbox 811 2657 878 2690; x_wconf 85' lang='lat' dir='ltr'>fine</span> <span class='ocrx_word' id='word_1_362' title='bbox 890 2657 1004 2700; x_wconf 71' lang='lat' dir='ltr'>praevia</span> <span class='ocrx_word' id='word_1_363' title='bbox 1016 2655 1104 2691; x_wconf 80' lang='lat' dir='ltr'>Con-</span> 
     </span>
     <span class='ocr_line' id='line_1_53' title="bbox 220 2704 1105 2750; baseline -0.002 -10"><span class='ocrx_word' id='word_1_364' title='bbox 220 2707 355 2741; x_wconf 84' lang='lat' dir='ltr'>feffione</span> <span class='ocrx_word' id='word_1_365' title='bbox 376 2707 410 2740; x_wconf 89' lang='lat'>&amp;</span> <span class='ocrx_word' id='word_1_366' title='bbox 433 2705 656 2739; x_wconf 87' lang='lat' dir='ltr'>Absolutione</span> <span class='ocrx_word' id='word_1_367' title='bbox 678 2705 866 2745; x_wconf 85' lang='lat' dir='ltr'>celebrarit,</span> <span class='ocrx_word' id='word_1_368' title='bbox 892 2704 996 2750; x_wconf 86' lang='lat' dir='ltr'>rigide</span> <span class='ocrx_word' id='word_1_369' title='bbox 1015 2716 1105 2739; x_wconf 79' lang='lat' dir='ltr'>man·</span> 
     </span>
     <span class='ocr_line' id='line_1_54' title="bbox 219 2755 1104 2801; baseline -0.006 -9"><span class='ocrx_word' id='word_1_370' title='bbox 219 2757 324 2792; x_wconf 86' lang='lat' dir='ltr'>datur</span> <span class='ocrx_word' id='word_1_371' title='bbox 337 2755 576 2801; x_wconf 81' lang='lat' dir='ltr'>quamprimum</span> <span class='ocrx_word' id='word_1_372' title='bbox 596 2756 806 2790; x_wconf 84' lang='lat' dir='ltr'>confiteatur.</span> <span class='ocrx_word' id='word_1_373' title='bbox 837 2756 890 2791; x_wconf 91' lang='lat' dir='ltr'>Ut</span> <span class='ocrx_word' id='word_1_374' title='bbox 911 2755 1104 2790; x_wconf 81' lang='lat' dir='ltr'>Confeffarii</span> 
     </span>
     <span class='ocr_line' id='line_1_55' title="bbox 218 2805 1105 2850; baseline -0.003 -9"><span class='ocrx_word' id='word_1_375' title='bbox 218 2808 391 2842; x_wconf 83' lang='lat' dir='ltr'>occursum</span> <span class='ocrx_word' id='word_1_376' title='bbox 407 2816 473 2839; x_wconf 88' lang='lat' dir='ltr'>non</span> <span class='ocrx_word' id='word_1_377' title='bbox 485 2806 646 2848; x_wconf 66' lang='lat' dir='ltr'>exspectat</span> <span class='ocrx_word' id='word_1_378' title='bbox 660 2830 668 2843; x_wconf 92' lang='lat'>,</span> <span class='ocrx_word' id='word_1_379' title='bbox 684 2807 735 2838; x_wconf 90' lang='lat' dir='ltr'>sed</span> <span class='ocrx_word' id='word_1_380' title='bbox 749 2806 841 2839; x_wconf 89' lang='lat' dir='ltr'>illum</span> <span class='ocrx_word' id='word_1_381' title='bbox 855 2815 973 2850; x_wconf 79' lang='lat' dir='ltr'>quae-rat</span> <span class='ocrx_word' id='word_1_382' title='bbox 984 2805 1105 2844; x_wconf 76' lang='lat' dir='ltr'>statim,</span> 
     </span>
     <span class='ocr_line' id='line_1_56' title="bbox 221 2854 1104 2903; baseline -0.003 -13"><span class='ocrx_word' id='word_1_383' title='bbox 221 2858 254 2903; x_wconf 70' lang='grc' dir='ltr'>ὃς</span> <span class='ocrx_word' id='word_1_384' title='bbox 267 2857 398 2890; x_wconf 80' lang='lat' dir='ltr'>accedat</span> <span class='ocrx_word' id='word_1_385' title='bbox 410 2881 419 2890; x_wconf 86' lang='lat'><strong>.</strong></span> <span class='ocrx_word' id='word_1_386' title='bbox 447 2855 587 2897; x_wconf 87' lang='lat' dir='ltr'>Optimo</span> <span class='ocrx_word' id='word_1_387' title='bbox 598 2856 664 2898; x_wconf 87' lang='lat' dir='ltr'>jure</span> <span class='ocrx_word' id='word_1_388' title='bbox 676 2855 875 2889; x_wconf 85' lang='lat' dir='ltr'>Beatiffimus</span> <span class='ocrx_word' id='word_1_389' title='bbox 888 2856 983 2889; x_wconf 86' lang='lat' dir='ltr'>Pater</span> <span class='ocrx_word' id='word_1_390' title='bbox 994 2854 1104 2889; x_wconf 87' lang='lat' dir='ltr'>noster</span> 
     </span>
     <span class='ocr_line' id='line_1_57' title="bbox 222 2904 1106 2948; baseline -0.002 -8"><span class='ocrx_word' id='word_1_391' title='bbox 222 2905 410 2940; x_wconf 80' lang='lat' dir='ltr'>Alexander</span> <span class='ocrx_word' id='word_1_392' title='bbox 422 2906 574 2948; x_wconf 83' lang='lat' dir='ltr'>septimus</span> <span class='ocrx_word' id='word_1_393' title='bbox 584 2916 636 2947; x_wconf 89' lang='lat' dir='ltr'>per</span> <span class='ocrx_word' id='word_1_394' title='bbox 650 2906 747 2939; x_wconf 88' lang='lat' dir='ltr'>hosce</span> <span class='ocrx_word' id='word_1_395' title='bbox 759 2906 827 2939; x_wconf 87' lang='lat' dir='ltr'>dies</span> <span class='ocrx_word' id='word_1_396' title='bbox 839 2904 1005 2939; x_wconf 85' lang='lat' dir='ltr'>damnavit</span> <span class='ocrx_word' id='word_1_397' title='bbox 1023 2905 1106 2939; x_wconf 89' lang='lat' dir='ltr'>duos</span> 
     </span>
     <span class='ocr_line' id='line_1_58' title="bbox 222 2955 1104 3001; baseline -0.002 -12"><span class='ocrx_word' id='word_1_398' title='bbox 222 2955 321 2990; x_wconf 83' lang='lat' dir='ltr'>hosce</span> <span class='ocrx_word' id='word_1_399' title='bbox 352 2956 509 2989; x_wconf 70' lang='lat' dir='ltr'>libertinae</span> <span class='ocrx_word' id='word_1_400' title='bbox 542 2955 674 2988; x_wconf 86' lang='lat' dir='ltr'>moralis</span> <span class='ocrx_word' id='word_1_401' title='bbox 697 2955 894 3001; x_wconf 76' lang='lat' dir='ltr'>Theologiae</span> <span class='ocrx_word' id='word_1_402' title='bbox 921 2955 1076 2989; x_wconf 86' lang='lat' dir='ltr'>articulos</span> <span class='ocrx_word' id='word_1_403' title='bbox 1098 2968 1104 2987; x_wconf 91' lang='lat'><strong>:</strong></span> 
     </span>
     <span class='ocr_line' id='line_1_59' title="bbox 225 3005 1106 3048; baseline -0.001 -12"><span class='ocrx_word' id='word_1_404' title='bbox 225 3008 404 3038; x_wconf 74' lang='lat' dir='ltr'>Mandatum</span> <span class='ocrx_word' id='word_1_405' title='bbox 415 3006 606 3044; x_wconf 79' lang='lat' dir='ltr'>Tridentini,</span> <span class='ocrx_word' id='word_1_406' title='bbox 626 3005 748 3046; x_wconf 54' lang='lat' dir='ltr'>fadum</span> <span class='ocrx_word' id='word_1_407' title='bbox 760 3007 907 3039; x_wconf 77' lang='lat' dir='ltr'>sacerdon</span> <span class='ocrx_word' id='word_1_408' title='bbox 921 3005 1106 3048; x_wconf 72' lang='lat' dir='ltr'>sacrificanti</span> 
     </span>
     <span class='ocr_line' id='line_1_60' title="bbox 225 3055 1106 3098; baseline -0.002 -11"><span class='ocrx_word' id='word_1_409' title='bbox 225 3065 262 3087; x_wconf 82' lang='lat' dir='ltr'>ex</span> <span class='ocrx_word' id='word_1_410' title='bbox 274 3058 427 3095; x_wconf 81' lang='lat' dir='ltr'>neceffieate</span> <span class='ocrx_word' id='word_1_411' title='bbox 449 3066 511 3089; x_wconf 86' lang='lat' dir='ltr'>cum</span> <span class='ocrx_word' id='word_1_412' title='bbox 529 3063 645 3096; x_wconf 81' lang='lat' dir='ltr'>peccato</span> <span class='ocrx_word' id='word_1_413' title='bbox 671 3056 792 3088; x_wconf 64' lang='lat' dir='ltr'>mortali</span> <span class='ocrx_word' id='word_1_414' title='bbox 804 3080 815 3096; x_wconf 92' lang='lat'>,</span> <span class='ocrx_word' id='word_1_415' title='bbox 840 3055 995 3098; x_wconf 73' lang='lat' dir='ltr'>confitendi</span> <span class='ocrx_word' id='word_1_416' title='bbox 1015 3065 1106 3097; x_wconf 84' lang='lat' dir='ltr'>quam</span> 
     </span>
     <span class='ocr_line' id='line_1_61' title="bbox 222 3104 1106 3147; baseline 0.001 -12"><span class='ocrx_word' id='word_1_417' title='bbox 222 3110 355 3146; x_wconf 69' lang='lat' dir='ltr'>primum</span> <span class='ocrx_word' id='word_1_418' title='bbox 368 3128 377 3143; x_wconf 88' lang='lat'>,</span> <span class='ocrx_word' id='word_1_419' title='bbox 404 3105 442 3145; x_wconf 82' lang='lat' dir='ltr'>est</span> <span class='ocrx_word' id='word_1_420' title='bbox 464 3104 625 3146; x_wconf 78' lang='lat' dir='ltr'>confilium,</span> <span class='ocrx_word' id='word_1_421' title='bbox 654 3112 918 3147; x_wconf 78' lang='lat' dir='ltr'>nonpraeceptum.</span> <span class='ocrx_word' id='word_1_422' title='bbox 943 3107 999 3138; x_wconf 88' lang='lat' dir='ltr'>Illa</span> <span class='ocrx_word' id='word_1_423' title='bbox 1007 3110 1106 3146; x_wconf 81' lang='lat' dir='ltr'>parti-</span> 
     </span>
     <span class='ocr_line' id='line_1_62' title="bbox 224 3149 1105 3199; baseline 0 -12"><span class='ocrx_word' id='word_1_424' title='bbox 224 3149 310 3193; x_wconf 60' lang='lat' dir='ltr'>cula,</span> <span class='ocrx_word' id='word_1_425' title='bbox 337 3153 488 3199; x_wconf 73' lang='lat' dir='ltr'><strong>QUAM</strong></span> <span class='ocrx_word' id='word_1_426' title='bbox 515 3154 717 3189; x_wconf 79' lang='lat' dir='ltr'><strong>PRIMUM</strong></span> <span class='ocrx_word' id='word_1_427' title='bbox 733 3177 743 3193; x_wconf 93' lang='lat'><em>,</em></span> <span class='ocrx_word' id='word_1_428' title='bbox 766 3150 1045 3198; x_wconf 69' lang='lat' dir='ltr'>intelligitur-‚eim</span> <span class='ocrx_word' id='word_1_429' title='bbox 1055 3157 1105 3187; x_wconf 76' lang='lat' dir='ltr'>Sa-</span> 
     </span>
     <span class='ocr_line' id='line_1_63' title="bbox 224 3201 1105 3250; baseline 0.001 -14"><span class='ocrx_word' id='word_1_430' title='bbox 224 3203 324 3236; x_wconf 83' lang='lat' dir='ltr'>cerdos</span> <span class='ocrx_word' id='word_1_431' title='bbox 344 3201 397 3244; x_wconf 85' lang='lat' dir='ltr'>suo</span> <span class='ocrx_word' id='word_1_432' title='bbox 416 3212 542 3245; x_wconf 81' lang='lat' dir='ltr'>tempore</span> <span class='ocrx_word' id='word_1_433' title='bbox 560 3205 742 3243; x_wconf 66' lang='lat' dir='ltr'>confitebitur</span> <span class='ocrx_word' id='word_1_434' title='bbox 754 3229 762 3236; x_wconf 91' lang='lat'><strong><em>.</em></strong></span> <span class='ocrx_word' id='word_1_435' title='bbox 793 3206 830 3239; x_wconf 87' lang='lat' dir='ltr'>In</span> <span class='ocrx_word' id='word_1_436' title='bbox 856 3214 1008 3250; x_wconf 85' lang='lat' dir='ltr'>perpetua</span> <span class='ocrx_word' id='word_1_437' title='bbox 1020 3203 1105 3248; x_wconf 90' lang='lat' dir='ltr'>apud</span> 
     </span>
     <span class='ocr_line' id='line_1_64' title="bbox 226 3252 1106 3290; baseline 0.001 -4"><span class='ocrx_word' id='word_1_438' title='bbox 226 3262 343 3286; x_wconf 90' lang='lat' dir='ltr'>omnes</span> <span class='ocrx_word' id='word_1_439' title='bbox 356 3252 412 3285; x_wconf 90' lang='lat' dir='ltr'>sub</span> <span class='ocrx_word' id='word_1_440' title='bbox 422 3253 505 3287; x_wconf 83' lang='lat' dir='ltr'>coelo</span> <span class='ocrx_word' id='word_1_441' title='bbox 519 3254 672 3288; x_wconf 82' lang='lat' dir='ltr'>Ecclefias</span> <span class='ocrx_word' id='word_1_442' title='bbox 686 3254 910 3290; x_wconf 65' lang='lat' dir='ltr'>benedictione</span> <span class='ocrx_word' id='word_1_443' title='bbox 929 3256 990 3290; x_wconf 89' lang='lat' dir='ltr'>erit</span> <span class='ocrx_word' id='word_1_444' title='bbox 1003 3255 1106 3290; x_wconf 89' lang='lat' dir='ltr'>lauda-</span> 
     </span>
     <span class='ocr_line' id='line_1_65' title="bbox 210 3302 1109 3342; baseline 0.006 -7"><span class='ocrx_word' id='word_1_445' title='bbox 210 3311 276 3336; x_wconf 64' lang='lat' dir='ltr'>tus</span> <span class='ocrx_word' id='word_1_446' title='bbox 290 3325 301 3341; x_wconf 92' lang='lat'>‚</span> <span class='ocrx_word' id='word_1_447' title='bbox 312 3302 345 3336; x_wconf 76' lang='grc' dir='ltr'>ὅ(</span> <span class='ocrx_word' id='word_1_448' title='bbox 356 3312 520 3342; x_wconf 87' lang='lat' dir='ltr'>nunquam</span> <span class='ocrx_word' id='word_1_449' title='bbox 531 3305 604 3338; x_wconf 85' lang='lat' dir='ltr'>satis</span> <span class='ocrx_word' id='word_1_450' title='bbox 616 3305 794 3339; x_wconf 85' lang='lat' dir='ltr'>laudandus</span> <span class='ocrx_word' id='word_1_451' title='bbox 802 3305 897 3340; x_wconf 86' lang='lat' dir='ltr'>Pater</span> <span class='ocrx_word' id='word_1_452' title='bbox 911 3306 1017 3340; x_wconf 88' lang='lat' dir='ltr'>noster</span> <span class='ocrx_word' id='word_1_453' title='bbox 1030 3307 1109 3340; x_wconf 71' lang='lat' dir='ltr'>Bea-</span> 
     </span>
     <span class='ocr_line' id='line_1_66' title="bbox 222 3351 1104 3396; baseline 0.006 -10"><span class='ocrx_word' id='word_1_454' title='bbox 222 3351 372 3392; x_wconf 83' lang='lat' dir='ltr'>tiffimus,</span> <span class='ocrx_word' id='word_1_455' title='bbox 383 3351 438 3394; x_wconf 93' lang='lat' dir='ltr'>qui</span> <span class='ocrx_word' id='word_1_456' title='bbox 453 3351 684 3396; x_wconf 87' lang='lat' dir='ltr'>Evangelicam</span> <span class='ocrx_word' id='word_1_457' title='bbox 699 3355 891 3389; x_wconf 71' lang='lat' dir='ltr'>Christianae</span> <span class='ocrx_word' id='word_1_458' title='bbox 906 3357 986 3396; x_wconf 79' lang='lat' dir='ltr'>virae,</span> <span class='ocrx_word' id='word_1_459' title='bbox 1001 3357 1104 3391; x_wconf 84' lang='lat' dir='ltr'>Eccle-</span> 
     </span>
     <span class='ocr_line' id='line_1_67' title="bbox 223 3402 1105 3451; baseline 0.008 -17"><span class='ocrx_word' id='word_1_460' title='bbox 223 3402 381 3434; x_wconf 85' lang='lat' dir='ltr'>fiasticam</span> <span class='ocrx_word' id='word_1_461' title='bbox 395 3402 561 3443; x_wconf 69' lang='lat' dir='ltr'>praesertim</span> <span class='ocrx_word' id='word_1_462' title='bbox 574 3426 584 3441; x_wconf 92' lang='lat'>‚</span> <span class='ocrx_word' id='word_1_463' title='bbox 598 3404 803 3446; x_wconf 85' lang='lat' dir='ltr'>disciplinam</span> <span class='ocrx_word' id='word_1_464' title='bbox 817 3407 857 3440; x_wconf 86' lang='lat' dir='ltr'>ab</span> <span class='ocrx_word' id='word_1_465' title='bbox 870 3406 994 3447; x_wconf 63' lang='lat' dir='ltr'>injectis</span> <span class='ocrx_word' id='word_1_466' title='bbox 1007 3417 1061 3451; x_wconf 86' lang='lat' dir='ltr'>per</span> <span class='ocrx_word' id='word_1_467' title='bbox 1072 3407 1105 3440; x_wconf 92' lang='lat' dir='ltr'>li-</span> 
     </span>
     <span class='ocr_line' id='line_1_68' title="bbox 225 3449 1108 3503; baseline 0.005 -16"><span class='ocrx_word' id='word_1_468' title='bbox 225 3449 346 3487; x_wconf 84' lang='lat' dir='ltr'>bertina</span> <span class='ocrx_word' id='word_1_469' title='bbox 357 3451 390 3485; x_wconf 84' lang='lat'>&amp;</span> <span class='ocrx_word' id='word_1_470' title='bbox 402 3449 537 3485; x_wconf 84' lang='lat' dir='ltr'>sordidis</span> <span class='ocrx_word' id='word_1_471' title='bbox 548 3449 734 3487; x_wconf 84' lang='lat' dir='ltr'>hominibus</span> <span class='ocrx_word' id='word_1_472' title='bbox 746 3455 869 3496; x_wconf 85' lang='lat' dir='ltr'>placere</span> <span class='ocrx_word' id='word_1_473' title='bbox 879 3456 1049 3503; x_wconf 85' lang='lat' dir='ltr'>gestientia</span> <span class='ocrx_word' id='word_1_474' title='bbox 1061 3458 1108 3493; x_wconf 87' lang='lat' dir='ltr'>in·</span> 
     </span>
     <span class='ocr_line' id='line_1_69' title="bbox 322 3501 1103 3545; baseline 0.005 -9"><span class='ocrx_word' id='word_1_475' title='bbox 322 3501 428 3542; x_wconf 74' lang='lat' dir='ltr'>Christ.</span> <span class='ocrx_word' id='word_1_476' title='bbox 441 3505 521 3544; x_wconf 76' lang='lat' dir='ltr'>Lupi</span> <span class='ocrx_word' id='word_1_477' title='bbox 534 3505 632 3545; x_wconf 81' lang='lat' dir='ltr'>Opera</span> <span class='ocrx_word' id='word_1_478' title='bbox 645 3505 722 3536; x_wconf 81' lang='lat' dir='ltr'>Tam.</span> <span class='ocrx_word' id='word_1_479' title='bbox 739 3507 795 3538; x_wconf 79' lang='lat' dir='ltr'>XL</span> <span class='ocrx_word' id='word_1_480' title='bbox 1099 3503 1103 3506; x_wconf 58' lang='grc'><strong>’</strong></span> 
     </span>
    </p>
   </div>
   <div class='ocr_carea' id='block_1_4' title="bbox 1088 226 1118 1443">
    <p class='ocr_par' dir='ltr' id='par_1_4' title="bbox 1088 226 1118 1443">
     <span class='ocr_line' id='line_1_70' title="bbox 1088 226 1118 1443; baseline 0 -502"><span class='ocrx_word' id='word_1_481' title='bbox 1088 226 1118 1443; x_wconf 95' lang='lat' dir='ltr'>   </span> 
     </span>
    </p>
   </div>
   <div class='ocr_carea' id='block_1_5' title="bbox 1150 1859 2055 2103">
    <p class='ocr_par' dir='ltr' id='par_1_5' title="bbox 1150 1859 2055 2103">
     <span class='ocr_line' id='line_1_71' title="bbox 1150 1859 2054 1902; baseline 0.001 -8"><span class='ocrx_word' id='word_1_482' title='bbox 1150 1861 1289 1895; x_wconf 70' lang='lat' dir='ltr'>&#39;Carent</span> <span class='ocrx_word' id='word_1_483' title='bbox 1311 1862 1401 1895; x_wconf 90' lang='lat' dir='ltr'>enim</span> <span class='ocrx_word' id='word_1_484' title='bbox 1423 1859 1521 1894; x_wconf 86' lang='lat' dir='ltr'>etiam</span> <span class='ocrx_word' id='word_1_485' title='bbox 1535 1861 1613 1894; x_wconf 90' lang='lat' dir='ltr'>fuco</span> <span class='ocrx_word' id='word_1_486' title='bbox 1629 1860 1687 1893; x_wconf 87' lang='lat' dir='ltr'>illo</span> <span class='ocrx_word' id='word_1_487' title='bbox 1700 1885 1710 1900; x_wconf 96' lang='lat'>,</span> <span class='ocrx_word' id='word_1_488' title='bbox 1734 1872 1773 1894; x_wconf 82' lang='lat' dir='ltr'>ex</span> <span class='ocrx_word' id='word_1_489' title='bbox 1788 1872 1853 1902; x_wconf 90' lang='lat' dir='ltr'>quo</span> <span class='ocrx_word' id='word_1_490' title='bbox 1864 1862 2054 1896; x_wconf 82' lang='lat' dir='ltr'>Sacerdotes</span> 
     </span>
     <span class='ocr_line' id='line_1_72' title="bbox 1167 1910 2054 1955; baseline 0.003 -12"><span class='ocrx_word' id='word_1_491' title='bbox 1167 1910 1244 1944; x_wconf 76' lang='lat' dir='ltr'>istos</span> <span class='ocrx_word' id='word_1_492' title='bbox 1265 1910 1410 1955; x_wconf 82' lang='lat' dir='ltr'>castigati</span> <span class='ocrx_word' id='word_1_493' title='bbox 1436 1920 1489 1952; x_wconf 87' lang='lat' dir='ltr'>per</span> <span class='ocrx_word' id='word_1_494' title='bbox 1506 1910 1728 1943; x_wconf 82' lang='lat' dir='ltr'>Beatiffimum</span> <span class='ocrx_word' id='word_1_495' title='bbox 1754 1910 1885 1945; x_wconf 86' lang='lat' dir='ltr'>Patrem</span> <span class='ocrx_word' id='word_1_496' title='bbox 1907 1912 2054 1946; x_wconf 80' lang='lat' dir='ltr'>nostrum</span> 
     </span>
     <span class='ocr_line' id='line_1_73' title="bbox 1168 1958 2055 2005; baseline 0.002 -12"><span class='ocrx_word' id='word_1_497' title='bbox 1168 1960 1393 1994; x_wconf 78' lang='lat' dir='ltr'>Alexandrum</span> <span class='ocrx_word' id='word_1_498' title='bbox 1422 1960 1499 1994; x_wconf 83' lang='lat' dir='ltr'>Vll.</span> <span class='ocrx_word' id='word_1_499' title='bbox 1511 1958 1682 2005; x_wconf 88' lang='lat' dir='ltr'>Theologi</span> <span class='ocrx_word' id='word_1_500' title='bbox 1707 1961 1877 1995; x_wconf 78' lang='lat' dir='ltr'>voluerunt</span> <span class='ocrx_word' id='word_1_501' title='bbox 1894 1973 1956 1995; x_wconf 89' lang='lat' dir='ltr'>non</span> <span class='ocrx_word' id='word_1_502' title='bbox 1971 1962 2055 1996; x_wconf 90' lang='lat' dir='ltr'>obli-</span> 
     </span>
     <span class='ocr_line' id='line_1_74' title="bbox 1166 2009 2054 2055; baseline 0.002 -12"><span class='ocrx_word' id='word_1_503' title='bbox 1166 2020 1235 2054; x_wconf 71' lang='lat' dir='ltr'>gari</span> <span class='ocrx_word' id='word_1_504' title='bbox 1249 2034 1256 2041; x_wconf 90' lang='lat'><em>.</em></span> <span class='ocrx_word' id='word_1_505' title='bbox 1286 2009 1373 2051; x_wconf 87' lang='lat' dir='ltr'>Eos,</span> <span class='ocrx_word' id='word_1_506' title='bbox 1400 2010 1489 2053; x_wconf 88' lang='lat' dir='ltr'>quod</span> <span class='ocrx_word' id='word_1_507' title='bbox 1514 2010 1661 2055; x_wconf 73' lang='lat' dir='ltr'>legitime</span> <span class='ocrx_word' id='word_1_508' title='bbox 1682 2011 1715 2044; x_wconf 77' lang='grc' dir='ltr'>ὅ(</span> <span class='ocrx_word' id='word_1_509' title='bbox 1736 2012 1799 2044; x_wconf 86' lang='lat' dir='ltr'>fine</span> <span class='ocrx_word' id='word_1_510' title='bbox 1814 2022 1946 2054; x_wconf 85' lang='lat' dir='ltr'>peccato</span> <span class='ocrx_word' id='word_1_511' title='bbox 1967 2012 2054 2045; x_wconf 84' lang='lat' dir='ltr'>cele-</span> 
     </span>
     <span class='ocr_line' id='line_1_75' title="bbox 1169 2059 2054 2103; baseline 0.003 -11"><span class='ocrx_word' id='word_1_512' title='bbox 1169 2060 1307 2095; x_wconf 83' lang='lat' dir='ltr'>brassent</span> <span class='ocrx_word' id='word_1_513' title='bbox 1330 2085 1341 2100; x_wconf 88' lang='lat'>,</span> <span class='ocrx_word' id='word_1_514' title='bbox 1367 2059 1524 2094; x_wconf 81' lang='lat' dir='ltr'>dlxerunt</span> <span class='ocrx_word' id='word_1_515' title='bbox 1537 2061 1554 2094; x_wconf 73' lang='grc' dir='ltr'>ὲ</span> <span class='ocrx_word' id='word_1_516' title='bbox 1575 2061 1773 2094; x_wconf 69' lang='lat' dir='ltr'>sacrosansta</span> <span class='ocrx_word' id='word_1_517' title='bbox 1786 2060 1989 2095; x_wconf 76' lang='lat' dir='ltr'>Eucharistia</span> <span class='ocrx_word' id='word_1_518' title='bbox 2006 2063 2054 2103; x_wconf 80' lang='lat' dir='ltr'>ju-</span> 
     </span>
    </p>
   </div>
   <div class='ocr_carea' id='block_1_6' title="bbox 1894 149 1989 187">
    <p class='ocr_par' dir='ltr' id='par_1_6' title="bbox 1894 149 1989 187">
     <span class='ocr_line' id='line_1_76' title="bbox 1894 149 1989 187; baseline -0.011 -6"><span class='ocrx_word' id='word_1_519' title='bbox 1894 149 1989 187; x_wconf 87' lang='lat'>229</span> 
     </span>
    </p>
   </div>
   <div class='ocr_carea' id='block_1_7' title="bbox 1139 215 2056 1856">
    <p class='ocr_par' dir='ltr' id='par_1_7' title="bbox 1139 215 2056 1856">
     <span class='ocr_line' id='line_1_77' title="bbox 1140 215 2016 264; baseline 0.006 -15"><span class='ocrx_word' id='word_1_520' title='bbox 1140 215 1235 259; x_wconf 88' lang='lat' dir='ltr'>genia</span> <span class='ocrx_word' id='word_1_521' title='bbox 1262 217 1399 259; x_wconf 86' lang='lat' dir='ltr'>peffimis</span> <span class='ocrx_word' id='word_1_522' title='bbox 1423 218 1555 253; x_wconf 83' lang='lat' dir='ltr'>maculis</span> <span class='ocrx_word' id='word_1_523' title='bbox 1574 230 1611 253; x_wconf 89' lang='lat' dir='ltr'>ac</span> <span class='ocrx_word' id='word_1_524' title='bbox 1623 216 1886 262; x_wconf 84' lang='lat' dir='ltr'>rugisinfigniter</span> <span class='ocrx_word' id='word_1_525' title='bbox 1902 231 2016 264; x_wconf 85' lang='lat' dir='ltr'>purga-</span> 
     </span>
     <span class='ocr_line' id='line_1_78' title="bbox 1139 265 2016 313; baseline 0.006 -15"><span class='ocrx_word' id='word_1_526' title='bbox 1139 277 1215 309; x_wconf 85' lang='lat' dir='ltr'>gare</span> <span class='ocrx_word' id='word_1_527' title='bbox 1235 265 1299 308; x_wconf 80' lang='lat' dir='ltr'>jam</span> <span class='ocrx_word' id='word_1_528' title='bbox 1320 267 1417 309; x_wconf 83' lang='lat' dir='ltr'>coepit</span> <span class='ocrx_word' id='word_1_529' title='bbox 1431 293 1440 306; x_wconf 87' lang='lat'><strong>,</strong></span> <span class='ocrx_word' id='word_1_530' title='bbox 1466 270 1497 301; x_wconf 76' lang='grc' dir='ltr'>δι</span> <span class='ocrx_word' id='word_1_531' title='bbox 1511 267 1614 302; x_wconf 90' lang='lat' dir='ltr'>adhuc</span> <span class='ocrx_word' id='word_1_532' title='bbox 1629 270 1752 313; x_wconf 83' lang='lat' dir='ltr'>pergit.</span> <span class='ocrx_word' id='word_1_533' title='bbox 1782 269 1983 303; x_wconf 70' lang='lat' dir='ltr'>Sacrosansta</span> <span class='ocrx_word' id='word_1_534' title='bbox 2005 292 2016 308; x_wconf 94' lang='lat'>,</span> 
     </span>
     <span class='ocr_line' id='line_1_79' title="bbox 1142 316 2017 358; baseline 0.005 -10"><span class='ocrx_word' id='word_1_535' title='bbox 1142 318 1276 358; x_wconf 84' lang='lat' dir='ltr'>inquam</span> <span class='ocrx_word' id='word_1_536' title='bbox 1296 341 1306 357; x_wconf 90' lang='lat'>‚</span> <span class='ocrx_word' id='word_1_537' title='bbox 1334 316 1486 358; x_wconf 86' lang='lat' dir='ltr'>Synodus</span> <span class='ocrx_word' id='word_1_538' title='bbox 1510 328 1622 352; x_wconf 90' lang='lat' dir='ltr'>curato</span> <span class='ocrx_word' id='word_1_539' title='bbox 1642 318 1806 353; x_wconf 82' lang='lat' dir='ltr'>Sacerdoti</span> <span class='ocrx_word' id='word_1_540' title='bbox 1831 319 1876 352; x_wconf 91' lang='lat' dir='ltr'>ob</span> <span class='ocrx_word' id='word_1_541' title='bbox 1898 319 2017 353; x_wconf 59' lang='lat' dir='ltr'>dietam</span> 
     </span>
     <span class='ocr_line' id='line_1_80' title="bbox 1141 365 2019 408; baseline 0.001 -9"><span class='ocrx_word' id='word_1_542' title='bbox 1141 365 1358 400; x_wconf 69' lang='lat' dir='ltr'>necessitatem</span> <span class='ocrx_word' id='word_1_543' title='bbox 1387 366 1453 399; x_wconf 86' lang='lat' dir='ltr'>fine</span> <span class='ocrx_word' id='word_1_544' title='bbox 1477 367 1587 408; x_wconf 79' lang='lat' dir='ltr'>praevia</span> <span class='ocrx_word' id='word_1_545' title='bbox 1610 368 1808 402; x_wconf 88' lang='lat' dir='ltr'>confeffione</span> <span class='ocrx_word' id='word_1_546' title='bbox 1825 369 1859 402; x_wconf 88' lang='lat'>&amp;</span> <span class='ocrx_word' id='word_1_547' title='bbox 1881 368 2019 402; x_wconf 78' lang='lat' dir='ltr'>Absolu-</span> 
     </span>
     <span class='ocr_line' id='line_1_81' title="bbox 1141 416 2019 461; baseline 0.005 -12"><span class='ocrx_word' id='word_1_548' title='bbox 1141 416 1233 450; x_wconf 84' lang='lat' dir='ltr'>tione</span> <span class='ocrx_word' id='word_1_549' title='bbox 1251 416 1410 450; x_wconf 86' lang='lat' dir='ltr'>celebrare</span> <span class='ocrx_word' id='word_1_550' title='bbox 1431 417 1585 459; x_wconf 85' lang='lat' dir='ltr'>permittit</span> <span class='ocrx_word' id='word_1_551' title='bbox 1610 441 1619 456; x_wconf 92' lang='lat'>‚</span> <span class='ocrx_word' id='word_1_552' title='bbox 1648 429 1712 451; x_wconf 89' lang='lat' dir='ltr'>non</span> <span class='ocrx_word' id='word_1_553' title='bbox 1737 419 1812 461; x_wconf 88' lang='lat' dir='ltr'>quia</span> <span class='ocrx_word' id='word_1_554' title='bbox 1833 418 1927 452; x_wconf 89' lang='lat' dir='ltr'>illum</span> <span class='ocrx_word' id='word_1_555' title='bbox 1952 418 2019 453; x_wconf 80' lang='lat' dir='ltr'>sola</span> 
     </span>
     <span class='ocr_line' id='line_1_82' title="bbox 1142 465 2021 509; baseline 0.003 -11"><span class='ocrx_word' id='word_1_556' title='bbox 1142 465 1195 498; x_wconf 90' lang='lat' dir='ltr'>sua</span> <span class='ocrx_word' id='word_1_557' title='bbox 1218 465 1430 500; x_wconf 86' lang='lat' dir='ltr'>Contritione</span> <span class='ocrx_word' id='word_1_558' title='bbox 1453 466 1634 507; x_wconf 62' lang='lat' dir='ltr'>imperfecta</span> <span class='ocrx_word' id='word_1_559' title='bbox 1651 467 1858 509; x_wconf 85' lang='lat' dir='ltr'>justificatum</span> <span class='ocrx_word' id='word_1_560' title='bbox 1871 469 2021 508; x_wconf 87' lang='lat' dir='ltr'>censeat,</span> 
     </span>
     <span class='ocr_line' id='line_1_83' title="bbox 1142 514 2022 561; baseline 0.005 -13"><span class='ocrx_word' id='word_1_561' title='bbox 1142 514 1195 548; x_wconf 88' lang='lat' dir='ltr'>sed</span> <span class='ocrx_word' id='word_1_562' title='bbox 1217 516 1304 558; x_wconf 85' lang='lat' dir='ltr'>quod</span> <span class='ocrx_word' id='word_1_563' title='bbox 1319 516 1444 549; x_wconf 89' lang='lat' dir='ltr'>fidelem</span> <span class='ocrx_word' id='word_1_564' title='bbox 1458 516 1614 559; x_wconf 88' lang='lat' dir='ltr'>populum</span> <span class='ocrx_word' id='word_1_565' title='bbox 1626 517 1670 549; x_wconf 92' lang='lat' dir='ltr'>ob</span> <span class='ocrx_word' id='word_1_566' title='bbox 1684 516 1822 551; x_wconf 80' lang='lat' dir='ltr'>Pastoris</span> <span class='ocrx_word' id='word_1_567' title='bbox 1834 520 1880 551; x_wconf 90' lang='lat' dir='ltr'>sui</span> <span class='ocrx_word' id='word_1_568' title='bbox 1892 519 2022 561; x_wconf 86' lang='lat' dir='ltr'>culpam</span> 
     </span>
     <span class='ocr_line' id='line_1_84' title="bbox 1142 564 2023 602; baseline 0.002 -2"><span class='ocrx_word' id='word_1_569' title='bbox 1142 566 1176 600; x_wconf 88' lang='lat'>&amp;</span> <span class='ocrx_word' id='word_1_570' title='bbox 1198 564 1360 599; x_wconf 58' lang='lat' dir='ltr'>defectum</span> <span class='ocrx_word' id='word_1_571' title='bbox 1384 565 1492 599; x_wconf 88' lang='lat' dir='ltr'>credat</span> <span class='ocrx_word' id='word_1_572' title='bbox 1513 567 1686 600; x_wconf 71' lang='lat' dir='ltr'>necessario</span> <span class='ocrx_word' id='word_1_573' title='bbox 1704 567 1760 600; x_wconf 76' lang='lat' dir='ltr'>sibi</span> <span class='ocrx_word' id='word_1_574' title='bbox 1774 569 1927 601; x_wconf 82' lang='lat' dir='ltr'>sacrificio</span> <span class='ocrx_word' id='word_1_575' title='bbox 1954 579 2023 602; x_wconf 84' lang='lat' dir='ltr'>non</span> 
     </span>
     <span class='ocr_line' id='line_1_85' title="bbox 1144 615 2020 658; baseline 0.003 -10"><span class='ocrx_word' id='word_1_576' title='bbox 1144 615 1357 658; x_wconf 88' lang='lat' dir='ltr'>privandum.</span> <span class='ocrx_word' id='word_1_577' title='bbox 1386 615 1563 655; x_wconf 83' lang='lat' dir='ltr'>Divinam,</span> <span class='ocrx_word' id='word_1_578' title='bbox 1592 625 1661 657; x_wconf 78' lang='lat' dir='ltr'>quae</span> <span class='ocrx_word' id='word_1_579' title='bbox 1673 616 1882 658; x_wconf 64' lang='lat' dir='ltr'>percipiendae</span> <span class='ocrx_word' id='word_1_580' title='bbox 1898 618 2020 653; x_wconf 81' lang='lat' dir='ltr'>Eucha-</span> 
     </span>
     <span class='ocr_line' id='line_1_86' title="bbox 1145 665 2026 709; baseline 0.003 -10"><span class='ocrx_word' id='word_1_581' title='bbox 1145 665 1237 700; x_wconf 82' lang='lat' dir='ltr'>ristiae</span> <span class='ocrx_word' id='word_1_582' title='bbox 1261 665 1409 709; x_wconf 74' lang='lat' dir='ltr'>praeviam</span> <span class='ocrx_word' id='word_1_583' title='bbox 1429 675 1635 708; x_wconf 87' lang='lat' dir='ltr'>peccatorum</span> <span class='ocrx_word' id='word_1_584' title='bbox 1659 666 1891 700; x_wconf 88' lang='lat' dir='ltr'>confeffionem</span> <span class='ocrx_word' id='word_1_585' title='bbox 1914 669 2026 702; x_wconf 78' lang='lat' dir='ltr'>&amp;Ab-</span> 
     </span>
     <span class='ocr_line' id='line_1_87' title="bbox 1146 714 2028 759; baseline 0.002 -10"><span class='ocrx_word' id='word_1_586' title='bbox 1146 716 1343 750; x_wconf 88' lang='lat' dir='ltr'>solutionem</span> <span class='ocrx_word' id='word_1_587' title='bbox 1368 714 1520 758; x_wconf 85' lang='lat' dir='ltr'>requirit,</span> <span class='ocrx_word' id='word_1_588' title='bbox 1547 715 1654 759; x_wconf 83' lang='lat' dir='ltr'>legem</span> <span class='ocrx_word' id='word_1_589' title='bbox 1675 716 1830 749; x_wconf 81' lang='lat' dir='ltr'>censet&amp;</span> <span class='ocrx_word' id='word_1_590' title='bbox 1845 718 1947 750; x_wconf 83' lang='lat' dir='ltr'>sancit</span> <span class='ocrx_word' id='word_1_591' title='bbox 1966 718 2028 751; x_wconf 86' lang='lat' dir='ltr'>isto</span> 
     </span>
     <span class='ocr_line' id='line_1_88' title="bbox 1146 764 2029 808; baseline 0.003 -9"><span class='ocrx_word' id='word_1_592' title='bbox 1146 767 1220 800; x_wconf 87' lang='lat' dir='ltr'>casu</span> <span class='ocrx_word' id='word_1_593' title='bbox 1240 776 1294 808; x_wconf 87' lang='lat' dir='ltr'>per</span> <span class='ocrx_word' id='word_1_594' title='bbox 1308 764 1470 808; x_wconf 63' lang='lat' dir='ltr'>epikeiam</span> <span class='ocrx_word' id='word_1_595' title='bbox 1490 765 1523 798; x_wconf 89' lang='lat' dir='ltr'>in</span> <span class='ocrx_word' id='word_1_596' title='bbox 1548 764 1652 798; x_wconf 67' lang='lat' dir='ltr'>fidelis</span> <span class='ocrx_word' id='word_1_597' title='bbox 1677 765 1786 807; x_wconf 88' lang='lat' dir='ltr'>populi</span> <span class='ocrx_word' id='word_1_598' title='bbox 1800 768 1937 808; x_wconf 79' lang='lat' dir='ltr'>gratiam</span> <span class='ocrx_word' id='word_1_599' title='bbox 1958 778 2029 802; x_wconf 84' lang='lat' dir='ltr'>non</span> 
     </span>
     <span class='ocr_line' id='line_1_89' title="bbox 1146 814 2029 858; baseline 0.003 -10"><span class='ocrx_word' id='word_1_600' title='bbox 1146 815 1311 858; x_wconf 83' lang='lat' dir='ltr'>obligare.</span> <span class='ocrx_word' id='word_1_601' title='bbox 1342 815 1435 847; x_wconf 90' lang='lat' dir='ltr'>Hinc</span> <span class='ocrx_word' id='word_1_602' title='bbox 1458 814 1606 854; x_wconf 87' lang='lat' dir='ltr'>addidit,</span> <span class='ocrx_word' id='word_1_603' title='bbox 1637 826 1672 847; x_wconf 87' lang='lat' dir='ltr'>ut</span> <span class='ocrx_word' id='word_1_604' title='bbox 1692 815 1853 856; x_wconf 82' lang='lat' dir='ltr'>ejusmodi</span> <span class='ocrx_word' id='word_1_605' title='bbox 1877 816 2029 851; x_wconf 82' lang='lat' dir='ltr'>Sacerdos</span> 
     </span>
     <span class='ocr_line' id='line_1_90' title="bbox 1148 864 2032 907; baseline 0.003 -9"><span class='ocrx_word' id='word_1_606' title='bbox 1148 864 1254 898; x_wconf 77' lang='lat' dir='ltr'>statim</span> <span class='ocrx_word' id='word_1_607' title='bbox 1279 865 1491 899; x_wconf 83' lang='lat' dir='ltr'>confiteatur.</span> <span class='ocrx_word' id='word_1_608' title='bbox 1523 864 1654 907; x_wconf 86' lang='lat' dir='ltr'>Utique</span> <span class='ocrx_word' id='word_1_609' title='bbox 1675 864 1764 906; x_wconf 78' lang='lat' dir='ltr'>juxta</span> <span class='ocrx_word' id='word_1_610' title='bbox 1785 866 1958 907; x_wconf 80' lang='lat' dir='ltr'>antiquum</span> <span class='ocrx_word' id='word_1_611' title='bbox 1973 867 2032 901; x_wconf 84' lang='lat' dir='ltr'>Ec·</span> 
     </span>
     <span class='ocr_line' id='line_1_91' title="bbox 1148 914 2033 958; baseline 0.002 -10"><span class='ocrx_word' id='word_1_612' title='bbox 1148 915 1247 948; x_wconf 79' lang='lat' dir='ltr'>clessae</span> <span class='ocrx_word' id='word_1_613' title='bbox 1270 914 1444 948; x_wconf 83' lang='lat' dir='ltr'>Canonem</span> <span class='ocrx_word' id='word_1_614' title='bbox 1470 939 1481 953; x_wconf 91' lang='lat'><strong>,</strong></span> <span class='ocrx_word' id='word_1_615' title='bbox 1506 926 1546 947; x_wconf 82' lang='lat' dir='ltr'>ex</span> <span class='ocrx_word' id='word_1_616' title='bbox 1571 926 1637 958; x_wconf 86' lang='lat' dir='ltr'>quo</span> <span class='ocrx_word' id='word_1_617' title='bbox 1671 915 1840 956; x_wconf 81' lang='lat' dir='ltr'>quaestioni</span> <span class='ocrx_word' id='word_1_618' title='bbox 1866 915 1942 949; x_wconf 89' lang='lat' dir='ltr'>huic</span> <span class='ocrx_word' id='word_1_619' title='bbox 1964 940 1975 956; x_wconf 87' lang='lat'>,</span> <span class='ocrx_word' id='word_1_620' title='bbox 1999 919 2033 950; x_wconf 76' lang='lat' dir='ltr'>st</span> 
     </span>
     <span class='ocr_line' id='line_1_92' title="bbox 1146 962 2033 1007; baseline 0.002 -10"><span class='ocrx_word' id='word_1_621' title='bbox 1146 966 1264 1007; x_wconf 82' lang='lat' dir='ltr'>puellus</span> <span class='ocrx_word' id='word_1_622' title='bbox 1288 963 1526 996; x_wconf 78' lang='lat' dir='ltr'>catechumenus</span> <span class='ocrx_word' id='word_1_623' title='bbox 1551 987 1561 1002; x_wconf 89' lang='lat'>,</span> <span class='ocrx_word' id='word_1_624' title='bbox 1586 973 1685 1004; x_wconf 84' lang='lat' dir='ltr'>utpote</span> <span class='ocrx_word' id='word_1_625' title='bbox 1712 962 1828 1005; x_wconf 83' lang='lat' dir='ltr'>septem</span> <span class='ocrx_word' id='word_1_626' title='bbox 1851 977 1996 999; x_wconf 85' lang='lat' dir='ltr'>annorum</span> <span class='ocrx_word' id='word_1_627' title='bbox 2021 990 2033 1007; x_wconf 91' lang='lat'>,</span> 
     </span>
     <span class='ocr_line' id='line_1_93' title="bbox 1151 1012 2037 1057; baseline 0 -9"><span class='ocrx_word' id='word_1_628' title='bbox 1151 1016 1202 1048; x_wconf 85' lang='lat' dir='ltr'>vel</span> <span class='ocrx_word' id='word_1_629' title='bbox 1219 1014 1303 1046; x_wconf 86' lang='lat' dir='ltr'>homo</span> <span class='ocrx_word' id='word_1_630' title='bbox 1315 1020 1404 1047; x_wconf 77' lang='lat' dir='ltr'>etiam</span> <span class='ocrx_word' id='word_1_631' title='bbox 1413 1014 1565 1055; x_wconf 74' lang='lat' dir='ltr'>perfec‘lus</span> <span class='ocrx_word' id='word_1_632' title='bbox 1582 1038 1591 1052; x_wconf 87' lang='lat'><em>‚</em></span> <span class='ocrx_word' id='word_1_633' title='bbox 1613 1016 1688 1046; x_wconf 80' lang='lat' dir='ltr'>dum</span> <span class='ocrx_word' id='word_1_634' title='bbox 1696 1012 1782 1053; x_wconf 82' lang='lat' dir='ltr'>fieret</span> <span class='ocrx_word' id='word_1_635' title='bbox 1795 1015 1920 1055; x_wconf 83' lang='lat' dir='ltr'>oblatio,</span> <span class='ocrx_word' id='word_1_636' title='bbox 1931 1023 2037 1057; x_wconf 83' lang='lat' dir='ltr'>oppor-</span> 
     </span>
     <span class='ocr_line' id='line_1_94' title="bbox 1153 1062 2036 1107; baseline 0.001 -9"><span class='ocrx_word' id='word_1_637' title='bbox 1153 1066 1222 1098; x_wconf 64' lang='lat' dir='ltr'>tune</span> <span class='ocrx_word' id='word_1_638' title='bbox 1238 1064 1390 1106; x_wconf 79' lang='lat' dir='ltr'>adfuerit,</span> <span class='ocrx_word' id='word_1_639' title='bbox 1417 1063 1534 1106; x_wconf 77' lang='lat' dir='ltr'>ejusque</span> <span class='ocrx_word' id='word_1_640' title='bbox 1560 1062 1671 1105; x_wconf 75' lang='lat' dir='ltr'>nescius</span> <span class='ocrx_word' id='word_1_641' title='bbox 1691 1070 1841 1106; x_wconf 71' lang='lat' dir='ltr'>particepr</span> <span class='ocrx_word' id='word_1_642' title='bbox 1858 1065 2036 1107; x_wconf 68' lang='lat' dir='ltr'>fitfacfi&#39;m,</span> 
     </span>
     <span class='ocr_line' id='line_1_95' title="bbox 1154 1113 2036 1156; baseline 0.002 -10"><span class='ocrx_word' id='word_1_643' title='bbox 1154 1115 1231 1156; x_wconf 68' lang='lat' dir='ltr'>quid</span> <span class='ocrx_word' id='word_1_644' title='bbox 1251 1115 1356 1148; x_wconf 86' lang='lat' dir='ltr'>debeat</span> <span class='ocrx_word' id='word_1_645' title='bbox 1384 1115 1419 1146; x_wconf 82' lang='lat' dir='ltr'>de</span> <span class='ocrx_word' id='word_1_646' title='bbox 1447 1125 1480 1146; x_wconf 87' lang='lat' dir='ltr'>eo</span> <span class='ocrx_word' id='word_1_647' title='bbox 1509 1113 1576 1155; x_wconf 83' lang='lat' dir='ltr'>fieri</span> <span class='ocrx_word' id='word_1_648' title='bbox 1598 1138 1611 1154; x_wconf 84' lang='lat'>‚</span> <span class='ocrx_word' id='word_1_649' title='bbox 1647 1114 1811 1156; x_wconf 88' lang='lat' dir='ltr'>respondit</span> <span class='ocrx_word' id='word_1_650' title='bbox 1833 1115 2036 1150; x_wconf 83' lang='lat' dir='ltr'>Timotheus</span> 
     </span>
     <span class='ocr_line' id='line_1_96' title="bbox 1155 1163 2037 1199; baseline 0.001 -2"><span class='ocrx_word' id='word_1_651' title='bbox 1155 1164 1340 1198; x_wconf 76' lang='lat' dir='ltr'>patriarcha</span> <span class='ocrx_word' id='word_1_652' title='bbox 1362 1163 1604 1199; x_wconf 76' lang='lat' dir='ltr'>Alexandrinus</span> <span class='ocrx_word' id='word_1_653' title='bbox 1623 1176 1632 1196; x_wconf 75' lang='grc' dir='ltr'><strong>ε</strong></span> <span class='ocrx_word' id='word_1_654' title='bbox 1669 1164 1766 1197; x_wconf 83' lang='lat' dir='ltr'>Debet</span> <span class='ocrx_word' id='word_1_655' title='bbox 1787 1165 1951 1198; x_wconf 59' lang='lat' dir='ltr'>illuminari</span> <span class='ocrx_word' id='word_1_656' title='bbox 1973 1191 1981 1198; x_wconf 92' lang='lat'><strong><em>.</em></strong></span> <span class='ocrx_word' id='word_1_657' title='bbox 2011 1169 2037 1197; x_wconf 78' lang='lat' dir='ltr'><strong><em>A</em></strong></span> 
     </span>
     <span class='ocr_line' id='line_1_97' title="bbox 1155 1211 2039 1253; baseline 0.006 -9"><span class='ocrx_word' id='word_1_658' title='bbox 1155 1216 1215 1246; x_wconf 82' lang='lat' dir='ltr'>Deo</span> <span class='ocrx_word' id='word_1_659' title='bbox 1234 1213 1309 1247; x_wconf 65' lang='lat' dir='ltr'>enim</span> <span class='ocrx_word' id='word_1_660' title='bbox 1322 1223 1442 1247; x_wconf 83' lang='lat' dir='ltr'>vocatus</span> <span class='ocrx_word' id='word_1_661' title='bbox 1458 1213 1514 1253; x_wconf 82' lang='lat' dir='ltr'>est.</span> <span class='ocrx_word' id='word_1_662' title='bbox 1543 1211 1781 1248; x_wconf 87' lang='lat' dir='ltr'>Eucharistiarn</span> <span class='ocrx_word' id='word_1_663' title='bbox 1793 1216 1880 1249; x_wconf 90' lang='lat' dir='ltr'>enim</span> <span class='ocrx_word' id='word_1_664' title='bbox 1894 1215 1976 1249; x_wconf 77' lang='lat' dir='ltr'>adeo</span> <span class='ocrx_word' id='word_1_665' title='bbox 1989 1226 2039 1249; x_wconf 85' lang='lat' dir='ltr'>vc·</span> 
     </span>
     <span class='ocr_line' id='line_1_98' title="bbox 1158 1263 2039 1306; baseline 0.003 -10"><span class='ocrx_word' id='word_1_666' title='bbox 1158 1264 1332 1298; x_wconf 85' lang='lat' dir='ltr'>nerandam</span> <span class='ocrx_word' id='word_1_667' title='bbox 1346 1263 1432 1305; x_wconf 85' lang='lat' dir='ltr'>jubet</span> <span class='ocrx_word' id='word_1_668' title='bbox 1446 1264 1570 1297; x_wconf 82' lang='lat' dir='ltr'>Divina</span> <span class='ocrx_word' id='word_1_669' title='bbox 1592 1263 1914 1306; x_wconf 78' lang='lat' dir='ltr'>JESU-CHR18T1</span> <span class='ocrx_word' id='word_1_670' title='bbox 1942 1266 2013 1299; x_wconf 84' lang='lat' dir='ltr'>Lex</span> <span class='ocrx_word' id='word_1_671' title='bbox 2025 1289 2039 1306; x_wconf 86' lang='lat'>‚</span> 
     </span>
     <span class='ocr_line' id='line_1_99' title="bbox 1158 1313 2043 1357; baseline 0.001 -10"><span class='ocrx_word' id='word_1_672' title='bbox 1158 1324 1195 1347; x_wconf 91' lang='lat' dir='ltr'>ut</span> <span class='ocrx_word' id='word_1_673' title='bbox 1214 1315 1390 1347; x_wconf 80' lang='lat' dir='ltr'>necessaria</span> <span class='ocrx_word' id='word_1_674' title='bbox 1412 1324 1466 1356; x_wconf 88' lang='lat' dir='ltr'>per</span> <span class='ocrx_word' id='word_1_675' title='bbox 1477 1323 1644 1355; x_wconf 85' lang='lat' dir='ltr'>acceptam</span> <span class='ocrx_word' id='word_1_676' title='bbox 1658 1314 1690 1346; x_wconf 90' lang='lat' dir='ltr'>in</span> <span class='ocrx_word' id='word_1_677' title='bbox 1704 1313 1873 1357; x_wconf 85' lang='lat' dir='ltr'>Baptismo</span> <span class='ocrx_word' id='word_1_678' title='bbox 1893 1324 1948 1348; x_wconf 90' lang='lat' dir='ltr'>aut</span> <span class='ocrx_word' id='word_1_679' title='bbox 1971 1315 2043 1348; x_wconf 86' lang='lat' dir='ltr'>Re·-</span> 
     </span>
     <span class='ocr_line' id='line_1_100' title="bbox 1158 1362 2044 1406; baseline 0 -9"><span class='ocrx_word' id='word_1_680' title='bbox 1158 1364 1396 1397; x_wconf 84' lang='lat' dir='ltr'>conciliatione</span> <span class='ocrx_word' id='word_1_681' title='bbox 1419 1372 1627 1404; x_wconf 81' lang='lat' dir='ltr'>peccatorum</span> <span class='ocrx_word' id='word_1_682' title='bbox 1656 1362 1871 1397; x_wconf 88' lang='lat' dir='ltr'>remiffionem</span> <span class='ocrx_word' id='word_1_683' title='bbox 1895 1374 2044 1406; x_wconf 86' lang='lat' dir='ltr'>praepara·</span> 
     </span>
     <span class='ocr_line' id='line_1_101' title="bbox 1159 1411 2045 1455; baseline 0 -9"><span class='ocrx_word' id='word_1_684' title='bbox 1159 1414 1208 1447; x_wconf 90' lang='lat' dir='ltr'>tio</span> <span class='ocrx_word' id='word_1_685' title='bbox 1218 1437 1229 1452; x_wconf 93' lang='lat'>,</span> <span class='ocrx_word' id='word_1_686' title='bbox 1255 1411 1332 1446; x_wconf 89' lang='lat' dir='ltr'>dum</span> <span class='ocrx_word' id='word_1_687' title='bbox 1346 1423 1387 1445; x_wconf 86' lang='lat' dir='ltr'>ex</span> <span class='ocrx_word' id='word_1_688' title='bbox 1400 1413 1474 1445; x_wconf 81' lang='lat' dir='ltr'>casu</span> <span class='ocrx_word' id='word_1_689' title='bbox 1487 1413 1538 1445; x_wconf 91' lang='lat' dir='ltr'>vel</span> <span class='ocrx_word' id='word_1_690' title='bbox 1551 1411 1663 1445; x_wconf 83' lang='lat' dir='ltr'>cauffis</span> <span class='ocrx_word' id='word_1_691' title='bbox 1677 1413 1911 1455; x_wconf 79' lang='lat' dir='ltr'>praemissa-non</span> <span class='ocrx_word' id='word_1_692' title='bbox 1934 1415 2045 1454; x_wconf 78' lang='lat' dir='ltr'>fuerit,</span> 
     </span>
     <span class='ocr_line' id='line_1_102' title="bbox 1161 1460 2048 1506; baseline 0.002 -11"><span class='ocrx_word' id='word_1_693' title='bbox 1161 1462 1269 1496; x_wconf 85' lang='lat' dir='ltr'>statim</span> <span class='ocrx_word' id='word_1_694' title='bbox 1290 1462 1520 1505; x_wconf 80' lang='lat' dir='ltr'>subjungatur.</span> <span class='ocrx_word' id='word_1_695' title='bbox 1550 1461 1593 1494; x_wconf 90' lang='lat' dir='ltr'>Et</span> <span class='ocrx_word' id='word_1_696' title='bbox 1616 1460 1862 1503; x_wconf 88' lang='lat' dir='ltr'>hincillorum‚</span> <span class='ocrx_word' id='word_1_697' title='bbox 1890 1464 1946 1506; x_wconf 91' lang='lat' dir='ltr'>qui</span> <span class='ocrx_word' id='word_1_698' title='bbox 1968 1463 2048 1497; x_wconf 82' lang='lat' dir='ltr'>Tri·</span> 
     </span>
     <span class='ocr_line' id='line_1_103' title="bbox 1161 1511 2049 1555; baseline 0.001 -9"><span class='ocrx_word' id='word_1_699' title='bbox 1161 1513 1334 1546; x_wconf 87' lang='lat' dir='ltr'>dentinam</span> <span class='ocrx_word' id='word_1_700' title='bbox 1356 1513 1397 1545; x_wconf 86' lang='lat' dir='ltr'>de</span> <span class='ocrx_word' id='word_1_701' title='bbox 1418 1512 1525 1544; x_wconf 87' lang='lat' dir='ltr'>statim</span> <span class='ocrx_word' id='word_1_702' title='bbox 1545 1511 1737 1545; x_wconf 82' lang='lat' dir='ltr'>confitendo</span> <span class='ocrx_word' id='word_1_703' title='bbox 1760 1512 1862 1555; x_wconf 86' lang='lat' dir='ltr'>legem</span> <span class='ocrx_word' id='word_1_704' title='bbox 1886 1513 1961 1547; x_wconf 90' lang='lat' dir='ltr'>solis</span> <span class='ocrx_word' id='word_1_705' title='bbox 1983 1514 2049 1555; x_wconf 84' lang='lat' dir='ltr'>jam</span> 
     </span>
     <span class='ocr_line' id='line_1_104' title="bbox 1161 1560 2050 1600; baseline 0.001 -5"><span class='ocrx_word' id='word_1_706' title='bbox 1161 1562 1255 1596; x_wconf 71' lang='lat' dir='ltr'>distis</span> <span class='ocrx_word' id='word_1_707' title='bbox 1278 1560 1530 1600; x_wconf 85' lang='lat' dir='ltr'>Sacerdotibus,</span> <span class='ocrx_word' id='word_1_708' title='bbox 1558 1571 1625 1594; x_wconf 90' lang='lat' dir='ltr'>non</span> <span class='ocrx_word' id='word_1_709' title='bbox 1650 1571 1759 1594; x_wconf 85' lang='lat' dir='ltr'>autem</span> <span class='ocrx_word' id='word_1_710' title='bbox 1772 1562 1841 1595; x_wconf 78' lang='lat' dir='ltr'>aliis</span> <span class='ocrx_word' id='word_1_711' title='bbox 1855 1563 2050 1596; x_wconf 84' lang='lat' dir='ltr'>extraistam</span> 
     </span>
     <span class='ocr_line' id='line_1_105' title="bbox 1163 1610 2052 1653; baseline 0 -8"><span class='ocrx_word' id='word_1_712' title='bbox 1163 1610 1384 1646; x_wconf 84' lang='lat' dir='ltr'>neceffitatem</span> <span class='ocrx_word' id='word_1_713' title='bbox 1403 1611 1471 1644; x_wconf 83' lang='lat' dir='ltr'>fine</span> <span class='ocrx_word' id='word_1_714' title='bbox 1494 1611 1608 1653; x_wconf 83' lang='lat' dir='ltr'>praevia</span> <span class='ocrx_word' id='word_1_715' title='bbox 1630 1610 1829 1645; x_wconf 85' lang='lat' dir='ltr'>confeffione</span> <span class='ocrx_word' id='word_1_716' title='bbox 1854 1614 1887 1646; x_wconf 71' lang='grc' dir='ltr'>ὃ(</span> <span class='ocrx_word' id='word_1_717' title='bbox 1914 1613 2052 1646; x_wconf 82' lang='lat' dir='ltr'>Absolu-</span> 
     </span>
     <span class='ocr_line' id='line_1_106' title="bbox 1162 1655 2054 1704; baseline 0.001 -9"><span class='ocrx_word' id='word_1_718' title='bbox 1162 1661 1279 1701; x_wconf 88' lang='lat' dir='ltr'>tione‚</span> <span class='ocrx_word' id='word_1_719' title='bbox 1303 1660 1443 1704; x_wconf 88' lang='lat' dir='ltr'>ideoque</span> <span class='ocrx_word' id='word_1_720' title='bbox 1455 1661 1560 1703; x_wconf 72' lang='lat' dir='ltr'>palam</span> <span class='ocrx_word' id='word_1_721' title='bbox 1581 1660 1720 1704; x_wconf 77' lang='lat' dir='ltr'>indigne</span> <span class='ocrx_word' id='word_1_722' title='bbox 1730 1655 2054 1696; x_wconf 60' lang='lat' dir='ltr'>communicantibus</span> 
     </span>
     <span class='ocr_line' id='line_1_107' title="bbox 1164 1710 2056 1755; baseline 0.002 -11"><span class='ocrx_word' id='word_1_723' title='bbox 1164 1711 1291 1755; x_wconf 83' lang='lat' dir='ltr'>imponi</span> <span class='ocrx_word' id='word_1_724' title='bbox 1312 1710 1501 1744; x_wconf 84' lang='lat' dir='ltr'>existimant</span> <span class='ocrx_word' id='word_1_725' title='bbox 1520 1734 1531 1750; x_wconf 93' lang='lat'>,</span> <span class='ocrx_word' id='word_1_726' title='bbox 1558 1710 1748 1753; x_wconf 86' lang='lat' dir='ltr'>opinionem</span> <span class='ocrx_word' id='word_1_727' title='bbox 1781 1722 1947 1746; x_wconf 87' lang='lat' dir='ltr'>erroneam</span> <span class='ocrx_word' id='word_1_728' title='bbox 1972 1713 2056 1746; x_wconf 84' lang='lat' dir='ltr'>arbi-</span> 
     </span>
     <span class='ocr_line' id='line_1_108' title="bbox 1164 1760 2053 1803; baseline 0 -8"><span class='ocrx_word' id='word_1_729' title='bbox 1164 1772 1230 1795; x_wconf 88' lang='lat' dir='ltr'>tror</span> <span class='ocrx_word' id='word_1_730' title='bbox 1249 1762 1282 1795; x_wconf 75' lang='grc' dir='ltr'>δε</span> <span class='ocrx_word' id='word_1_731' title='bbox 1304 1760 1441 1794; x_wconf 79' lang='lat' dir='ltr'>minime</span> <span class='ocrx_word' id='word_1_732' title='bbox 1461 1769 1584 1794; x_wconf 81' lang='lat' dir='ltr'>tutam.</span> <span class='ocrx_word' id='word_1_733' title='bbox 1617 1760 1728 1793; x_wconf 87' lang='lat' dir='ltr'>Hosce</span> <span class='ocrx_word' id='word_1_734' title='bbox 1751 1761 1789 1793; x_wconf 84' lang='lat' dir='ltr'>ad</span> <span class='ocrx_word' id='word_1_735' title='bbox 1803 1771 1897 1801; x_wconf 81' lang='lat' dir='ltr'>quam</span> <span class='ocrx_word' id='word_1_736' title='bbox 1912 1762 2053 1803; x_wconf 72' lang='lat' dir='ltr'>primum</span> 
     </span>
     <span class='ocr_line' id='line_1_109' title="bbox 1165 1808 2052 1856; baseline 0.002 -13"><span class='ocrx_word' id='word_1_737' title='bbox 1165 1808 1391 1845; x_wconf 79' lang='lat' dir='ltr'>confitendum</span> <span class='ocrx_word' id='word_1_738' title='bbox 1429 1808 1580 1842; x_wconf 83' lang='lat' dir='ltr'>existimo</span> <span class='ocrx_word' id='word_1_739' title='bbox 1602 1808 1702 1853; x_wconf 72' lang='lat' dir='ltr'>longe</span> <span class='ocrx_word' id='word_1_740' title='bbox 1722 1809 1855 1843; x_wconf 66' lang='lat' dir='ltr'>stristius</span> <span class='ocrx_word' id='word_1_741' title='bbox 1876 1810 2015 1856; x_wconf 85' lang='lat' dir='ltr'>obligari</span> <span class='ocrx_word' id='word_1_742' title='bbox 2044 1837 2052 1845; x_wconf 90' lang='lat'><strong>.</strong></span> 
     </span>
    </p>
   </div>
   <div class='ocr_carea' id='block_1_8' title="bbox 1165 2110 2053 2252">
    <p class='ocr_par' dir='ltr' id='par_1_8' title="bbox 1165 2110 2053 2252">
     <span class='ocr_line' id='line_1_110' title="bbox 1167 2110 2053 2154; baseline 0.005 -12"><span class='ocrx_word' id='word_1_743' title='bbox 1167 2110 1342 2151; x_wconf 83' lang='lat' dir='ltr'>stificatos,</span> <span class='ocrx_word' id='word_1_744' title='bbox 1369 2122 1407 2144; x_wconf 90' lang='lat' dir='ltr'>ac</span> <span class='ocrx_word' id='word_1_745' title='bbox 1429 2111 1831 2153; x_wconf 70' lang='lat' dir='ltr'>peccatorumxemissione</span> <span class='ocrx_word' id='word_1_746' title='bbox 1842 2112 1984 2146; x_wconf 80' lang='lat' dir='ltr'>donatos</span> <span class='ocrx_word' id='word_1_747' title='bbox 1998 2123 2053 2154; x_wconf 87' lang='lat' dir='ltr'>per</span> 
     </span>
     <span class='ocr_line' id='line_1_111' title="bbox 1165 2158 2053 2204; baseline 0.003 -12"><span class='ocrx_word' id='word_1_748' title='bbox 1165 2159 1316 2193; x_wconf 83' lang='lat' dir='ltr'>accidens</span> <span class='ocrx_word' id='word_1_749' title='bbox 1336 2184 1347 2201; x_wconf 89' lang='lat'>‚</span> <span class='ocrx_word' id='word_1_750' title='bbox 1377 2158 1515 2202; x_wconf 86' lang='lat' dir='ltr'>ideoque</span> <span class='ocrx_word' id='word_1_751' title='bbox 1549 2161 1583 2193; x_wconf 88' lang='lat' dir='ltr'>in</span> <span class='ocrx_word' id='word_1_752' title='bbox 1612 2162 1748 2204; x_wconf 81' lang='lat' dir='ltr'>primam</span> <span class='ocrx_word' id='word_1_753' title='bbox 1770 2163 2053 2203; x_wconf 87' lang='lat' dir='ltr'>opportunitatem</span> 
     </span>
     <span class='ocr_line' id='line_1_112' title="bbox 1169 2208 1816 2252; baseline 0.002 -11"><span class='ocrx_word' id='word_1_754' title='bbox 1169 2209 1259 2252; x_wconf 76' lang='lat' dir='ltr'>posse</span> <span class='ocrx_word' id='word_1_755' title='bbox 1281 2208 1324 2243; x_wconf 75' lang='lat' dir='ltr'>ab</span> <span class='ocrx_word' id='word_1_756' title='bbox 1345 2209 1414 2251; x_wconf 74' lang='lat' dir='ltr'>ipsis</span> <span class='ocrx_word' id='word_1_757' title='bbox 1425 2210 1660 2243; x_wconf 75' lang='lat' dir='ltr'>confessionem</span> <span class='ocrx_word' id='word_1_758' title='bbox 1673 2210 1816 2244; x_wconf 84' lang='lat' dir='ltr'>differri.</span> 
     </span>
    </p>
   </div>
   <div class='ocr_carea' id='block_1_9' title="bbox 1167 2254 2231 2501">
    <p class='ocr_par' dir='ltr' id='par_1_9' title="bbox 1167 2254 2231 2501">
     <span class='ocr_line' id='line_1_113' title="bbox 1220 2254 2231 2304; baseline 0.005 -13"><span class='ocrx_word' id='word_1_759' title='bbox 1220 2259 1301 2292; x_wconf 84' lang='lat' dir='ltr'>Haec</span> <span class='ocrx_word' id='word_1_760' title='bbox 1311 2258 1403 2292; x_wconf 84' lang='lat' dir='ltr'>enim</span> <span class='ocrx_word' id='word_1_761' title='bbox 1413 2261 1457 2292; x_wconf 78' lang='lat' dir='ltr'>cst</span> <span class='ocrx_word' id='word_1_762' title='bbox 1471 2259 1613 2292; x_wconf 78' lang='lat' dir='ltr'>omnino</span> <span class='ocrx_word' id='word_1_763' title='bbox 1625 2260 1732 2300; x_wconf 86' lang='lat' dir='ltr'>ratio,</span> <span class='ocrx_word' id='word_1_764' title='bbox 1758 2272 1801 2294; x_wconf 81' lang='lat' dir='ltr'>ex</span> <span class='ocrx_word' id='word_1_765' title='bbox 1819 2271 1882 2304; x_wconf 82' lang='lat' dir='ltr'>qua</span> <span class='ocrx_word' id='word_1_766' title='bbox 1898 2261 2050 2296; x_wconf 87' lang='lat' dir='ltr'>Sacerdo·</span> <span class='ocrx_word' id='word_1_767' title='bbox 2073 2254 2231 2300; x_wconf 64' lang='lat' dir='ltr'>,Euchari-</span> 
     </span>
     <span class='ocr_line' id='line_1_114' title="bbox 1168 2305 2224 2351; baseline 0.005 -11"><span class='ocrx_word' id='word_1_768' title='bbox 1168 2317 1215 2342; x_wconf 86' lang='lat' dir='ltr'>tes</span> <span class='ocrx_word' id='word_1_769' title='bbox 1230 2307 1306 2342; x_wconf 85' lang='lat' dir='ltr'>istos</span> <span class='ocrx_word' id='word_1_770' title='bbox 1318 2308 1383 2342; x_wconf 81' lang='lat' dir='ltr'>fine</span> <span class='ocrx_word' id='word_1_771' title='bbox 1395 2308 1510 2351; x_wconf 82' lang='lat' dir='ltr'>praevia</span> <span class='ocrx_word' id='word_1_772' title='bbox 1523 2310 1724 2344; x_wconf 84' lang='lat' dir='ltr'>confeffione</span> <span class='ocrx_word' id='word_1_773' title='bbox 1735 2310 1767 2343; x_wconf 68' lang='grc' dir='ltr'>ὅ(</span> <span class='ocrx_word' id='word_1_774' title='bbox 1779 2309 1998 2345; x_wconf 86' lang='lat' dir='ltr'>Absolutione</span> <span class='ocrx_word' id='word_1_775' title='bbox 2011 2313 2045 2345; x_wconf 92' lang='lat' dir='ltr'>in</span> <span class='ocrx_word' id='word_1_776' title='bbox 2063 2305 2122 2340; x_wconf 74' lang='lat' dir='ltr'>ffla</span> <span class='ocrx_word' id='word_1_777' title='bbox 2167 2309 2224 2342; x_wconf 88' lang='lat' dir='ltr'>dat</span> 
     </span>
     <span class='ocr_line' id='line_1_115' title="bbox 1170 2357 2199 2403; baseline 0.005 -12"><span class='ocrx_word' id='word_1_778' title='bbox 1170 2358 1252 2391; x_wconf 61' lang='lat' dir='ltr'>dicta</span> <span class='ocrx_word' id='word_1_779' title='bbox 1282 2358 1464 2392; x_wconf 82' lang='lat' dir='ltr'>neceffitate</span> <span class='ocrx_word' id='word_1_780' title='bbox 1496 2358 1654 2392; x_wconf 81' lang='lat' dir='ltr'>celebrare</span> <span class='ocrx_word' id='word_1_781' title='bbox 1681 2361 1874 2394; x_wconf 67' lang='lat' dir='ltr'>sacrosansta</span> <span class='ocrx_word' id='word_1_782' title='bbox 1892 2361 2045 2403; x_wconf 81' lang='lat' dir='ltr'>synodus</span> <span class='ocrx_word' id='word_1_783' title='bbox 2063 2357 2199 2397; x_wconf 64' lang='lat' dir='ltr'>primam</span> 
     </span>
     <span class='ocr_line' id='line_1_116' title="bbox 1169 2407 2202 2452; baseline 0 -11"><span class='ocrx_word' id='word_1_784' title='bbox 1169 2409 1326 2451; x_wconf 80' lang='lat' dir='ltr'>permifit.</span> <span class='ocrx_word' id='word_1_785' title='bbox 1353 2407 1420 2442; x_wconf 83' lang='lat' dir='ltr'>Eos</span> <span class='ocrx_word' id='word_1_786' title='bbox 1433 2419 1636 2451; x_wconf 74' lang='lat' dir='ltr'>nequaquam</span> <span class='ocrx_word' id='word_1_787' title='bbox 1650 2421 1704 2452; x_wconf 86' lang='lat' dir='ltr'>per</span> <span class='ocrx_word' id='word_1_788' title='bbox 1725 2410 1814 2443; x_wconf 86' lang='lat' dir='ltr'>suam</span> <span class='ocrx_word' id='word_1_789' title='bbox 1826 2409 2043 2452; x_wconf 67' lang='lat' dir='ltr'>imperfectam</span> <span class='ocrx_word' id='word_1_790' title='bbox 2061 2408 2202 2448; x_wconf 78' lang='lat' dir='ltr'>gratiam</span> 
     </span>
     <span class='ocr_line' id='line_1_117' title="bbox 1167 2457 2224 2501; baseline 0.001 -9"><span class='ocrx_word' id='word_1_791' title='bbox 1167 2458 1415 2492; x_wconf 82' lang='lat' dir='ltr'>Contritionem</span> <span class='ocrx_word' id='word_1_792' title='bbox 1428 2482 1437 2495; x_wconf 87' lang='lat'>,</span> <span class='ocrx_word' id='word_1_793' title='bbox 1464 2457 1516 2490; x_wconf 88' lang='lat' dir='ltr'>sed</span> <span class='ocrx_word' id='word_1_794' title='bbox 1538 2469 1591 2501; x_wconf 83' lang='lat' dir='ltr'>per</span> <span class='ocrx_word' id='word_1_795' title='bbox 1604 2458 1793 2492; x_wconf 85' lang='lat' dir='ltr'>sumendam</span> <span class='ocrx_word' id='word_1_796' title='bbox 1807 2458 2045 2494; x_wconf 85' lang='lat' dir='ltr'>Eucharistiam</span> <span class='ocrx_word' id='word_1_797' title='bbox 2062 2467 2117 2498; x_wconf 81' lang='lat' dir='ltr'>per</span> <span class='ocrx_word' id='word_1_798' title='bbox 2142 2459 2224 2493; x_wconf 88' lang='lat' dir='ltr'>acci.</span> 
     </span>
    </p>
   </div>
   <div class='ocr_carea' id='block_1_10' title="bbox 1169 2508 2048 3248">
    <p class='ocr_par' dir='ltr' id='par_1_10' title="bbox 1169 2508 2048 3248">
     <span class='ocr_line' id='line_1_118' title="bbox 1170 2508 1803 2551; baseline 0 -10"><span class='ocrx_word' id='word_1_799' title='bbox 1170 2508 1304 2551; x_wconf 84' lang='lat' dir='ltr'>speravit</span> <span class='ocrx_word' id='word_1_800' title='bbox 1331 2509 1362 2540; x_wconf 88' lang='lat' dir='ltr'>in</span> <span class='ocrx_word' id='word_1_801' title='bbox 1392 2508 1448 2540; x_wconf 87' lang='lat' dir='ltr'>tali</span> <span class='ocrx_word' id='word_1_802' title='bbox 1473 2508 1548 2540; x_wconf 86' lang='lat' dir='ltr'>casu</span> <span class='ocrx_word' id='word_1_803' title='bbox 1566 2508 1803 2550; x_wconf 77' lang='lat' dir='ltr'>justificandos.</span> 
     </span>
     <span class='ocr_line' id='line_1_119' title="bbox 1173 2556 2045 2601; baseline 0.003 -10"><span class='ocrx_word' id='word_1_804' title='bbox 1173 2559 1319 2591; x_wconf 82' lang='lat' dir='ltr'>vivorum</span> <span class='ocrx_word' id='word_1_805' title='bbox 1342 2558 1549 2591; x_wconf 73' lang='lat' dir='ltr'>Sacramenta</span> <span class='ocrx_word' id='word_1_806' title='bbox 1575 2581 1585 2597; x_wconf 91' lang='lat'>,</span> <span class='ocrx_word' id='word_1_807' title='bbox 1615 2556 1816 2592; x_wconf 78' lang='lat' dir='ltr'>Eucharistia</span> <span class='ocrx_word' id='word_1_808' title='bbox 1838 2560 2007 2601; x_wconf 64' lang='lat' dir='ltr'>pracsertim</span> <span class='ocrx_word' id='word_1_809' title='bbox 2033 2586 2045 2601; x_wconf 84' lang='lat'>‚</span> 
     </span>
     <span class='ocr_line' id='line_1_120' title="bbox 1170 2605 2045 2652; baseline 0.007 -13"><span class='ocrx_word' id='word_1_810' title='bbox 1170 2608 1315 2652; x_wconf 79' lang='lat' dir='ltr'>legitime</span> <span class='ocrx_word' id='word_1_811' title='bbox 1330 2605 1530 2650; x_wconf 81' lang='lat' dir='ltr'>quandoque</span> <span class='ocrx_word' id='word_1_812' title='bbox 1542 2607 1708 2640; x_wconf 79' lang='lat' dir='ltr'>sumantur</span> <span class='ocrx_word' id='word_1_813' title='bbox 1718 2608 1735 2641; x_wconf 77' lang='lat' dir='ltr'>a</span> <span class='ocrx_word' id='word_1_814' title='bbox 1756 2609 1978 2652; x_wconf 85' lang='lat' dir='ltr'>peccatoribus</span> <span class='ocrx_word' id='word_1_815' title='bbox 1989 2635 2000 2651; x_wconf 90' lang='lat'><strong><em>,</em></strong></span> <span class='ocrx_word' id='word_1_816' title='bbox 2011 2610 2045 2644; x_wconf 77' lang='grc' dir='ltr'>δε</span> 
     </span>
     <span class='ocr_line' id='line_1_121' title="bbox 1170 2656 2047 2700; baseline 0.006 -10"><span class='ocrx_word' id='word_1_817' title='bbox 1170 2660 1305 2700; x_wconf 84' lang='lat' dir='ltr'>primam</span> <span class='ocrx_word' id='word_1_818' title='bbox 1323 2656 1457 2700; x_wconf 83' lang='lat' dir='ltr'>gratiam</span> <span class='ocrx_word' id='word_1_819' title='bbox 1477 2658 1647 2690; x_wconf 86' lang='lat' dir='ltr'>conferant</span> <span class='ocrx_word' id='word_1_820' title='bbox 1670 2667 1723 2700; x_wconf 89' lang='lat' dir='ltr'>per</span> <span class='ocrx_word' id='word_1_821' title='bbox 1734 2658 1907 2700; x_wconf 78' lang='lat' dir='ltr'>accidens,</span> <span class='ocrx_word' id='word_1_822' title='bbox 1932 2660 1976 2694; x_wconf 84' lang='lat' dir='ltr'>est</span> <span class='ocrx_word' id='word_1_823' title='bbox 1990 2672 2047 2694; x_wconf 87' lang='lat' dir='ltr'>an-</span> 
     </span>
     <span class='ocr_line' id='line_1_122' title="bbox 1169 2706 2045 2750; baseline 0.003 -10"><span class='ocrx_word' id='word_1_824' title='bbox 1169 2707 1341 2748; x_wconf 72' lang='lat' dir='ltr'>‹iquiffima</span> <span class='ocrx_word' id='word_1_825' title='bbox 1363 2706 1574 2750; x_wconf 82' lang='lat' dir='ltr'>Theologia.</span> <span class='ocrx_word' id='word_1_826' title='bbox 1604 2706 1737 2741; x_wconf 85' lang='lat' dir='ltr'>Etenim</span> <span class='ocrx_word' id='word_1_827' title='bbox 1759 2708 1950 2750; x_wconf 83' lang='lat' dir='ltr'>Serapioni,</span> <span class='ocrx_word' id='word_1_828' title='bbox 1978 2710 2045 2743; x_wconf 88' lang='lat' dir='ltr'>civi</span> 
     </span>
     <span class='ocr_line' id='line_1_123' title="bbox 1172 2755 2045 2803; baseline 0.005 -14"><span class='ocrx_word' id='word_1_829' title='bbox 1172 2755 1394 2789; x_wconf 79' lang='lat' dir='ltr'>Alexandrino</span> <span class='ocrx_word' id='word_1_830' title='bbox 1414 2781 1425 2796; x_wconf 88' lang='lat'><em>‚</em></span> <span class='ocrx_word' id='word_1_831' title='bbox 1462 2765 1562 2798; x_wconf 86' lang='lat' dir='ltr'>nuper</span> <span class='ocrx_word' id='word_1_832' title='bbox 1593 2756 1626 2789; x_wconf 85' lang='lat' dir='ltr'>in</span> <span class='ocrx_word' id='word_1_833' title='bbox 1661 2759 1881 2801; x_wconf 81' lang='lat' dir='ltr'>persecutione</span> <span class='ocrx_word' id='word_1_834' title='bbox 1921 2759 2011 2803; x_wconf 85' lang='lat' dir='ltr'>lapso</span> <span class='ocrx_word' id='word_1_835' title='bbox 2034 2782 2045 2799; x_wconf 86' lang='lat'><strong>,</strong></span> 
     </span>
     <span class='ocr_line' id='line_1_124' title="bbox 1170 2805 2045 2853; baseline 0.002 -14"><span class='ocrx_word' id='word_1_836' title='bbox 1170 2805 1401 2841; x_wconf 84' lang='lat' dir='ltr'>Poenitentiam</span> <span class='ocrx_word' id='word_1_837' title='bbox 1425 2806 1455 2839; x_wconf 68' lang='lat' dir='ltr'>&amp;c</span> <span class='ocrx_word' id='word_1_838' title='bbox 1469 2806 1529 2839; x_wconf 81' lang='lat' dir='ltr'>alia</span> <span class='ocrx_word' id='word_1_839' title='bbox 1543 2816 1687 2840; x_wconf 82' lang='lat' dir='ltr'>extrema</span> <span class='ocrx_word' id='word_1_840' title='bbox 1699 2807 1903 2841; x_wconf 76' lang='lat' dir='ltr'>Sacramenta</span> <span class='ocrx_word' id='word_1_841' title='bbox 1914 2819 1973 2853; x_wconf 89' lang='lat' dir='ltr'>rog</span> <span class='ocrx_word' id='word_1_842' title='bbox 1983 2819 2045 2843; x_wconf 57' lang='grc' dir='ltr'>τως</span> 
     </span>
     <span class='ocr_line' id='line_1_125' title="bbox 1172 2855 2046 2901; baseline 0.002 -11"><span class='ocrx_word' id='word_1_843' title='bbox 1172 2857 1278 2890; x_wconf 89' lang='lat' dir='ltr'>media</span> <span class='ocrx_word' id='word_1_844' title='bbox 1291 2857 1384 2891; x_wconf 61' lang='lat' dir='ltr'>nocie</span> <span class='ocrx_word' id='word_1_845' title='bbox 1397 2855 1598 2890; x_wconf 82' lang='lat' dir='ltr'>Parochialis</span> <span class='ocrx_word' id='word_1_846' title='bbox 1612 2856 1782 2898; x_wconf 80' lang='lat' dir='ltr'>Presbyter</span> <span class='ocrx_word' id='word_1_847' title='bbox 1794 2881 1804 2895; x_wconf 92' lang='lat'><strong>,</strong></span> <span class='ocrx_word' id='word_1_848' title='bbox 1831 2858 1917 2900; x_wconf 85' lang='lat' dir='ltr'>quod</span> <span class='ocrx_word' id='word_1_849' title='bbox 1931 2869 1986 2901; x_wconf 89' lang='lat' dir='ltr'>per</span> <span class='ocrx_word' id='word_1_850' title='bbox 1999 2860 2046 2892; x_wconf 89' lang='lat' dir='ltr'>in-</span> 
     </span>
     <span class='ocr_line' id='line_1_126' title="bbox 1171 2906 2045 2948; baseline 0.005 -9"><span class='ocrx_word' id='word_1_851' title='bbox 1171 2907 1355 2941; x_wconf 83' lang='lat' dir='ltr'>firmitatem</span> <span class='ocrx_word' id='word_1_852' title='bbox 1376 2906 1457 2939; x_wconf 65' lang='lat' dir='ltr'>lecto</span> <span class='ocrx_word' id='word_1_853' title='bbox 1491 2906 1616 2939; x_wconf 75' lang='lat' dir='ltr'>adfixus</span> <span class='ocrx_word' id='word_1_854' title='bbox 1640 2917 1706 2939; x_wconf 83' lang='lat' dir='ltr'>non</span> <span class='ocrx_word' id='word_1_855' title='bbox 1734 2908 1838 2948; x_wconf 69' lang='lat' dir='ltr'>posset</span> <span class='ocrx_word' id='word_1_856' title='bbox 1862 2908 2015 2942; x_wconf 82' lang='lat' dir='ltr'>accedere</span> <span class='ocrx_word' id='word_1_857' title='bbox 2034 2931 2045 2948; x_wconf 89' lang='lat'>‚</span> 
     </span>
     <span class='ocr_line' id='line_1_127' title="bbox 1171 2955 2048 2998; baseline 0.003 -9"><span class='ocrx_word' id='word_1_858' title='bbox 1171 2955 1404 2990; x_wconf 81' lang='lat' dir='ltr'>Eucharistiam</span> <span class='ocrx_word' id='word_1_859' title='bbox 1425 2955 1509 2989; x_wconf 77' lang='lat' dir='ltr'>misit</span> <span class='ocrx_word' id='word_1_860' title='bbox 1520 2967 1573 2998; x_wconf 85' lang='lat' dir='ltr'>per</span> <span class='ocrx_word' id='word_1_861' title='bbox 1586 2966 1715 2998; x_wconf 85' lang='lat' dir='ltr'>puerum</span> <span class='ocrx_word' id='word_1_862' title='bbox 1728 2980 1737 2994; x_wconf 86' lang='lat'><em>,</em></span> <span class='ocrx_word' id='word_1_863' title='bbox 1765 2958 1922 2991; x_wconf 82' lang='lat' dir='ltr'>mandans</span> <span class='ocrx_word' id='word_1_864' title='bbox 1934 2967 1968 2990; x_wconf 93' lang='lat' dir='ltr'>ut</span> <span class='ocrx_word' id='word_1_865' title='bbox 1980 2969 2048 2993; x_wconf 87' lang='lat' dir='ltr'>ma-</span> 
     </span>
     <span class='ocr_line' id='line_1_128' title="bbox 1170 3005 2046 3054; baseline 0.003 -15"><span class='ocrx_word' id='word_1_866' title='bbox 1170 3006 1324 3040; x_wconf 66' lang='lat' dir='ltr'>defaetam</span> <span class='ocrx_word' id='word_1_867' title='bbox 1348 3007 1513 3048; x_wconf 87' lang='lat' dir='ltr'>Serapioni</span> <span class='ocrx_word' id='word_1_868' title='bbox 1540 3005 1571 3038; x_wconf 91' lang='lat' dir='ltr'>in</span> <span class='ocrx_word' id='word_1_869' title='bbox 1594 3016 1632 3038; x_wconf 89' lang='lat' dir='ltr'>os</span> <span class='ocrx_word' id='word_1_870' title='bbox 1654 3005 1859 3041; x_wconf 83' lang='lat' dir='ltr'>infunderet:</span> <span class='ocrx_word' id='word_1_871' title='bbox 1890 3007 1991 3054; x_wconf 78' lang='lat' dir='ltr'>Qod</span> <span class='ocrx_word' id='word_1_872' title='bbox 2013 3009 2046 3044; x_wconf 74' lang='grc' dir='ltr'>δε</span> 
     </span>
     <span class='ocr_line' id='line_1_129' title="bbox 1173 3055 2047 3100; baseline 0.005 -10"><span class='ocrx_word' id='word_1_873' title='bbox 1173 3068 1250 3100; x_wconf 88' lang='lat' dir='ltr'>puer</span> <span class='ocrx_word' id='word_1_874' title='bbox 1267 3058 1346 3090; x_wconf 86' lang='lat' dir='ltr'>fecit</span> <span class='ocrx_word' id='word_1_875' title='bbox 1358 3081 1365 3088; x_wconf 91' lang='lat'><strong><em>.</em></strong></span> <span class='ocrx_word' id='word_1_876' title='bbox 1394 3058 1506 3098; x_wconf 83' lang='lat' dir='ltr'>Atque</span> <span class='ocrx_word' id='word_1_877' title='bbox 1527 3055 1570 3088; x_wconf 85' lang='lat' dir='ltr'>ita</span> <span class='ocrx_word' id='word_1_878' title='bbox 1583 3055 1735 3098; x_wconf 86' lang='lat' dir='ltr'>Serapion</span> <span class='ocrx_word' id='word_1_879' title='bbox 1760 3055 1805 3088; x_wconf 87' lang='lat' dir='ltr'>est</span> <span class='ocrx_word' id='word_1_880' title='bbox 1819 3056 1871 3098; x_wconf 70' lang='lat' dir='ltr'>pie</span> <span class='ocrx_word' id='word_1_881' title='bbox 1882 3057 1914 3090; x_wconf 84' lang='lat' dir='ltr'>in</span> <span class='ocrx_word' id='word_1_882' title='bbox 1929 3059 2047 3094; x_wconf 85' lang='lat' dir='ltr'>Domi-</span> 
     </span>
     <span class='ocr_line' id='line_1_130' title="bbox 1171 3104 2045 3148; baseline 0.003 -9"><span class='ocrx_word' id='word_1_883' title='bbox 1171 3117 1215 3139; x_wconf 88' lang='lat' dir='ltr'>no</span> <span class='ocrx_word' id='word_1_884' title='bbox 1236 3106 1420 3141; x_wconf 57' lang='lat' dir='ltr'>defunctus.</span> <span class='ocrx_word' id='word_1_885' title='bbox 1452 3106 1504 3138; x_wconf 87' lang='lat' dir='ltr'>De</span> <span class='ocrx_word' id='word_1_886' title='bbox 1522 3104 1592 3148; x_wconf 84' lang='lat' dir='ltr'>ipso</span> <span class='ocrx_word' id='word_1_887' title='bbox 1611 3108 1700 3139; x_wconf 86' lang='lat' dir='ltr'>enim</span> <span class='ocrx_word' id='word_1_888' title='bbox 1722 3105 1763 3139; x_wconf 78' lang='lat' dir='ltr'>ad</span> <span class='ocrx_word' id='word_1_889' title='bbox 1775 3106 1913 3141; x_wconf 83' lang='lat' dir='ltr'>Fabium</span> <span class='ocrx_word' id='word_1_890' title='bbox 1927 3110 2045 3145; x_wconf 84' lang='lat' dir='ltr'>Antio·</span> 
     </span>
     <span class='ocr_line' id='line_1_131' title="bbox 1169 3153 2044 3197; baseline 0.003 -7"><span class='ocrx_word' id='word_1_891' title='bbox 1169 3154 1251 3190; x_wconf 84' lang='lat' dir='ltr'>chiae</span> <span class='ocrx_word' id='word_1_892' title='bbox 1274 3154 1495 3190; x_wconf 86' lang='lat' dir='ltr'>Patriarcham</span> <span class='ocrx_word' id='word_1_893' title='bbox 1516 3153 1626 3187; x_wconf 88' lang='lat' dir='ltr'>scribit</span> <span class='ocrx_word' id='word_1_894' title='bbox 1647 3155 1731 3197; x_wconf 90' lang='lat' dir='ltr'>apud</span> <span class='ocrx_word' id='word_1_895' title='bbox 1746 3155 1920 3192; x_wconf 81' lang='lat' dir='ltr'>Eusebium</span> <span class='ocrx_word' id='word_1_896' title='bbox 1945 3159 2044 3193; x_wconf 67' lang='lat' dir='ltr'>Caeia-</span> 
     </span>
     <span class='ocr_line' id='line_1_132' title="bbox 1171 3204 2043 3248; baseline 0.001 -8"><span class='ocrx_word' id='word_1_897' title='bbox 1171 3208 1310 3240; x_wconf 82' lang='lat' dir='ltr'>recusem</span> <span class='ocrx_word' id='word_1_898' title='bbox 1330 3207 1526 3248; x_wconf 86' lang='lat' dir='ltr'>Episcopum</span> <span class='ocrx_word' id='word_1_899' title='bbox 1547 3205 1580 3237; x_wconf 92' lang='lat' dir='ltr'>in</span> <span class='ocrx_word' id='word_1_900' title='bbox 1593 3204 1810 3240; x_wconf 77' lang='lat' dir='ltr'>Ecclefiastica</span> <span class='ocrx_word' id='word_1_901' title='bbox 1830 3205 1964 3241; x_wconf 76' lang='lat' dir='ltr'>historia</span> <span class='ocrx_word' id='word_1_902' title='bbox 1976 3209 2043 3241; x_wconf 87' lang='lat' dir='ltr'>san-</span> 
     </span>
    </p>
   </div>
   <div class='ocr_carea' id='block_1_11' title="bbox 1171 3251 2213 3359">
    <p class='ocr_par' dir='ltr' id='par_1_11' title="bbox 1171 3251 2213 3359">
     <span class='ocr_line' id='line_1_133' title="bbox 1171 3251 2189 3298; baseline -0.003 -8"><span class='ocrx_word' id='word_1_903' title='bbox 1171 3257 1237 3290; x_wconf 72' lang='lat' dir='ltr'>etus</span> <span class='ocrx_word' id='word_1_904' title='bbox 1249 3256 1425 3298; x_wconf 80' lang='lat' dir='ltr'>Dyonifius</span> <span class='ocrx_word' id='word_1_905' title='bbox 1438 3251 1623 3288; x_wconf 69' lang='lat' dir='ltr'>patriarcha</span> <span class='ocrx_word' id='word_1_906' title='bbox 1637 3256 1899 3290; x_wconf 81' lang='lat' dir='ltr'>Alexandrinus:</span> <span class='ocrx_word' id='word_1_907' title='bbox 1928 3261 1974 3290; x_wconf 78' lang='lat' dir='ltr'>An</span> <span class='ocrx_word' id='word_1_908' title='bbox 1984 3269 2042 3291; x_wconf 86' lang='lat' dir='ltr'>non</span> <span class='ocrx_word' id='word_1_909' title='bbox 2059 3259 2135 3296; x_wconf 75' lang='lat' dir='ltr'>Lib,</span> <span class='ocrx_word' id='word_1_910' title='bbox 2158 3262 2189 3298; x_wconf 81' lang='grc'>6,</span> 
     </span>
     <span class='ocr_line' id='line_1_134' title="bbox 1171 3304 2213 3359; baseline -0.006 -22"><span class='ocrx_word' id='word_1_911' title='bbox 1171 3311 1262 3350; x_wconf 79' lang='lat' dir='ltr'>igitur</span> <span class='ocrx_word' id='word_1_912' title='bbox 1270 3306 1348 3350; x_wconf 78' lang='lat' dir='ltr'>satis</span> <span class='ocrx_word' id='word_1_913' title='bbox 1362 3304 1469 3344; x_wconf 84' lang='lat' dir='ltr'>constat</span> <span class='ocrx_word' id='word_1_914' title='bbox 1479 3306 1665 3345; x_wconf 64' lang='lat' dir='ltr'>Serapionem</span> <span class='ocrx_word' id='word_1_915' title='bbox 1670 3305 1757 3349; x_wconf 83' lang='lat' dir='ltr'>fuisse</span> <span class='ocrx_word' id='word_1_916' title='bbox 1778 3305 1961 3348; x_wconf 80' lang='lat' dir='ltr'>reservatum</span> <span class='ocrx_word' id='word_1_917' title='bbox 1974 3331 1986 3346; x_wconf 92' lang='lat'><em>‚</em></span> <span class='ocrx_word' id='word_1_918' title='bbox 2008 3309 2042 3342; x_wconf 71' lang='lat'><em>&amp;</em></span> <span class='ocrx_word' id='word_1_919' title='bbox 2059 3322 2127 3356; x_wconf 41' lang='lat' dir='ltr'>cap.</span> <span class='ocrx_word' id='word_1_920' title='bbox 2161 3314 2213 3359; x_wconf 44' lang='lat'>36·</span> 
     </span>
    </p>
   </div>
   <div class='ocr_carea' id='block_1_12' title="bbox 1171 3353 2042 3546">
    <p class='ocr_par' dir='ltr' id='par_1_12' title="bbox 1171 3353 2042 3399">
     <span class='ocr_line' id='line_1_135' title="bbox 1171 3353 2042 3399; baseline 0.001 -10"><span class='ocrx_word' id='word_1_921' title='bbox 1171 3354 1258 3399; x_wconf 84' lang='lat' dir='ltr'>usque</span> <span class='ocrx_word' id='word_1_922' title='bbox 1270 3368 1300 3389; x_wconf 87' lang='lat' dir='ltr'>eo</span> <span class='ocrx_word' id='word_1_923' title='bbox 1316 3362 1348 3388; x_wconf 82' lang='lat' dir='ltr'>in</span> <span class='ocrx_word' id='word_1_924' title='bbox 1369 3361 1436 3387; x_wconf 80' lang='lat' dir='ltr'>vita</span> <span class='ocrx_word' id='word_1_925' title='bbox 1457 3353 1584 3396; x_wconf 84' lang='lat' dir='ltr'>manfisse</span> <span class='ocrx_word' id='word_1_926' title='bbox 1595 3377 1604 3392; x_wconf 89' lang='lat'><strong>,</strong></span> <span class='ocrx_word' id='word_1_927' title='bbox 1631 3358 1732 3396; x_wconf 86' lang='lat' dir='ltr'>quoad</span> <span class='ocrx_word' id='word_1_928' title='bbox 1747 3355 1811 3396; x_wconf 84' lang='lat' dir='ltr'>esset</span> <span class='ocrx_word' id='word_1_929' title='bbox 1819 3355 1938 3395; x_wconf 60' lang='lat' dir='ltr'>penitas</span> <span class='ocrx_word' id='word_1_930' title='bbox 1949 3359 2042 3399; x_wconf 79' lang='lat' dir='ltr'>culpae</span> 
     </span>
    </p>

    <p class='ocr_par' dir='ltr' id='par_1_13' title="bbox 1174 3403 2041 3448">
     <span class='ocr_line' id='line_1_136' title="bbox 1174 3403 2041 3448; baseline 0 -10"><span class='ocrx_word' id='word_1_931' title='bbox 1174 3407 1300 3440; x_wconf 72' lang='lat' dir='ltr'>vim-ultr</span> <span class='ocrx_word' id='word_1_932' title='bbox 1318 3405 1429 3447; x_wconf 81' lang='lat' dir='ltr'>solatur</span> <span class='ocrx_word' id='word_1_933' title='bbox 1441 3428 1452 3444; x_wconf 90' lang='lat'>‚</span> <span class='ocrx_word' id='word_1_934' title='bbox 1479 3405 1512 3438; x_wconf 55' lang='lat' dir='ltr'>(a</span> <span class='ocrx_word' id='word_1_935' title='bbox 1526 3410 1571 3436; x_wconf 76' lang='lat' dir='ltr'>ita</span> <span class='ocrx_word' id='word_1_936' title='bbox 1582 3403 1649 3436; x_wconf 82' lang='lat' dir='ltr'>labe</span> <span class='ocrx_word' id='word_1_937' title='bbox 1659 3430 1668 3445; x_wconf 94' lang='lat'>,</span> <span class='ocrx_word' id='word_1_938' title='bbox 1697 3417 1756 3448; x_wconf 79' lang='lat' dir='ltr'>qua</span> <span class='ocrx_word' id='word_1_939' title='bbox 1769 3413 1833 3437; x_wconf 73' lang='lat' dir='ltr'>erat</span> <span class='ocrx_word' id='word_1_940' title='bbox 1844 3405 1930 3437; x_wconf 77' lang='lat' dir='ltr'>idolis</span> <span class='ocrx_word' id='word_1_941' title='bbox 1942 3411 2041 3440; x_wconf 80' lang='lat' dir='ltr'>immo-</span> 
     </span>
    </p>

    <p class='ocr_par' dir='ltr' id='par_1_14' title="bbox 1173 3453 2041 3546">
     <span class='ocr_line' id='line_1_137' title="bbox 1173 3453 2041 3540; baseline -0.002 -48"><span class='ocrx_word' id='word_1_942' title='bbox 1173 3457 1264 3494; x_wconf 80' lang='lat' dir='ltr'>lando</span> <span class='ocrx_word' id='word_1_943' title='bbox 1286 3453 1463 3499; x_wconf 83' lang='lat' dir='ltr'>adspersus,</span> <span class='ocrx_word' id='word_1_944' title='bbox 1487 3457 1604 3489; x_wconf 64' lang='lat' dir='ltr'>omnin&amp;</span> <span class='ocrx_word' id='word_1_945' title='bbox 1618 3455 1737 3540; x_wconf 46' lang='lat' dir='ltr'>delga,</span> <span class='ocrx_word' id='word_1_946' title='bbox 1757 3453 1844 3497; x_wconf 83' lang='lat' dir='ltr'>poffet</span> <span class='ocrx_word' id='word_1_947' title='bbox 1861 3462 1919 3538; x_wconf 69' lang='lat' dir='ltr'>prbe</span> <span class='ocrx_word' id='word_1_948' title='bbox 1938 3459 2041 3515; x_wconf 67' lang='lat' dir='ltr'>multis</span> 
     </span>
     <span class='ocr_line' id='line_1_138' title="bbox 1911 3515 1993 3546; baseline 0.024 -9"><span class='ocrx_word' id='word_1_949' title='bbox 1911 3515 1972 3539; x_wconf 84' lang='lat' dir='ltr'>oms</span> <span class='ocrx_word' id='word_1_950' title='bbox 1982 3528 1993 3546; x_wconf 86' lang='lat'>‚</span> 
     </span>
    </p>
   </div>
   <div class='ocr_carea' id='block_1_13' title="bbox 1835 2506 2157 2555">
    <p class='ocr_par' dir='ltr' id='par_1_15' title="bbox 1835 2506 2157 2555">
     <span class='ocr_line' id='line_1_139' title="bbox 1835 2506 2157 2555; baseline -0.009 -12"><span class='ocrx_word' id='word_1_951' title='bbox 1835 2508 1936 2555; x_wconf 83' lang='lat' dir='ltr'>Qod</span> <span class='ocrx_word' id='word_1_952' title='bbox 1955 2511 2045 2546; x_wconf 87' lang='lat' dir='ltr'>enim</span> <span class='ocrx_word' id='word_1_953' title='bbox 2062 2506 2157 2542; x_wconf 87' lang='lat' dir='ltr'>dens.</span> 
     </span>
    </p>
   </div>
  </div>
 </body>
</html>
