2366 3736
608 138 696 189 DE
731 133 1174 189 Con-ransom
1210 150 1273 181 ET
1307 139 1724 184 ArrntrroNE.

241 224 341 273 longe
360 227 517 264 validiorL
543 228 600 265 Est
609 231 693 275 quafi
703 228 978 264 DomIniclamor
986 225 1027 260 ad
1040 237 1117 269 qua-

240 278 426 313 triduanum
441 281 599 316 Lazarum
612 295 623 314 .·
649 285 724 314 Veni
739 279 829 320 foras
841 303 848 311 .
888 276 1115 311 Hocclamore

67 316 222 356 serm-28·
240 338 309 361 non
323 329 426 364 solum
444 340 610 371 mortuoS,
630 330 726 363 sed&
739 329 879 372 sepultos
901 327 1032 361 excitari
1047 327 1114 359 scri-

69 380 96 402 c·
122 376 172 404 12.
243 377 289 411 bit
312 377 398 414 idem
423 375 627 427 Augustinus
659 380 692 412 in
722 378 924 412 sermonibus
949 376 991 410 de
1013 375 1116 410 verbis

70 417 134 452 ser·
156 417 212 457 28.
240 429 402 469 Domini,
420 433 515 464 etiam
536 431 599 463 sese
609 429 627 462 ὲ
640 429 769 471 peffima
781 441 819 463 ac
829 427 993 462 veternosa
1006 426 1044 460 ad
1058 427 1117 459 fin-

67 477 95 502 0·
118 476 150 513 9·
239 478 316 522 gula
338 481 434 515 verba
450 479 576 523 jurandi
602 479 837 512 consuetudine
855 477 1054 512 resurrexisse
1065 477 1118 511 ad-

240 529 348 563 firmat
365 532 400 563 in
432 528 634 563 sermonibus
666 528 705 562 de
737 528 843 562 verbis
864 527 1017 569 Apostoli
1040 551 1050 566 ‚
1085 527 1117 559 ὃς

241 577 390 623 adjungit
412 578 568 612 modum:
595 582 649 612 Ex
672 590 727 621 quo
746 582 805 612 Deo
824 576 937 621 servire
957 548 1139 620 caepimus‚l

239 629 275 661 ὦ·
296 634 439 670 quantum
462 630 574 661 malum
588 628 627 670 fit
650 633 683 661 in
697 635 831 671 proxtmo
852 628 985 659 vidimus
999 650 1008 665 ‚
1034 623 1139 672 timu-J

239 682 315 710 lmus
335 676 527 711 vehementer
549 680 584 713 <ff
614 678 865 720 veternofiffimam
885 675 1138 719 consuetudinem*

238 730 343 759 timore
357 726 570 768 fraenavlmus
582 753 589 761 .
617 734 766 763 Fraenata
785 726 970 771 restringitur
988 751 999 766 ‚
1021 726 1115 765 restri-

238 775 288 808 aa
306 777 466 820 languesbit
478 802 490 819 ,
513 777 705 822 languescens
728 783 849 811 moritur
862 799 873 815 ‚
892 778 926 810 (ν
946 778 1035 808 malae
1056 786 1118 807 con-

235 824 388 868 suetudini
408 827 485 861 bona
502 828 653 871 succedtt.
680 826 864 875 Qomodo
875 837 916 859 ex
941 824 1046 859 nimio
1056 824 1119 857 im-

233 885 439 911 maturarum
461 889 595 912 uvarum
616 878 670 911 esu
691 877 826 921 quassati
840 901 851 916 ‚
869 877 903 910 δε
921 875 960 909 ad
985 875 1120 910 mandu-

233 923 380 960 candum
394 938 510 970 panem
536 928 698 970 stupefacti
711 928 846 966 dentes,
869 936 1057 967 reparantur
1068 937 1118 968 pe-

239 973 444 1010 detentim&
462 979 680 1011 reformantur
706 987 759 1021 per
783 977 885 1010 solam
904 976 921 1008 a
944 976 1036 1009 distis
1047 976 1120 1009 uvis

239 1022 468 1059 abstinentiam
482 1050 494 1066 ‚
517 1027 562 1059 ita
587 1027 622 1062 ὅ(
642 1038 683 1060 ex
705 1027 811 1059 nimio
833 1026 1050 1069 cupiditatum
1063 1026 1120 1059 usu

240 1073 282 1106 ad
305 1072 486 1116 justitiam,
505 1087 613 1110 veram
637 1078 725 1109 suam
750 1077 852 1110 escam
877 1101 887 1116 ,
918 1075 1120 1120 diligendam

240 1134 409 1158 enervatus
432 1126 563 1160 animus
591 1150 603 1166 ‚
620 1138 675 1169 per
696 1126 796 1159 solam
820 1127 839 1160 a
858 1126 997 1168 peccatis
1018 1138 1123 1160 exter-

67 1163 122 1200 ΡΤ·
142 1171 200 1210 42·
241 1173 293 1206 nis
313 1173 544 1209 abstinentiam
568 1177 768 1219 pedetentim
789 1177 990 1220 revigoratur
1014 1201 1021 1208 .
1045 1175 1124 1209 Am·

68 1225 156 1250 ⁶01¹!-
172 1225 202 1250 2·
243 1221 295 1265 ple
312 1222 398 1257 hanc
420 1225 666 1259 fimilitudinem
691 1227 724 1260 in
746 1226 950 1260 psalmorum
960 1237 1122 1261 commen—

206 1311 212 1319 .
245 1273 330 1306 tario
355 1272 739 1318 Augustinus’exponit.

67 1314 117 1350 Et
137 1320 231 1358 ‘03¹¹'-
296 1322 413 1356 Tertia
436 1324 558 1358 servilis
575 1326 703 1359 timoris
727 1325 850 1360 utilitas
870 1326 916 1359 est
943 1349 954 1365 ‚
974 1325 1063 1368 quod
1086 1324 1121 1357 fit

66 1364 111 1400 nd
129 1363 195 1397 bo·
247 1372 411 1406 neceffitas
432 1385 555 1417 cogens
575 1375 758 1409 adssbonum
776 1376 858 1415 ,de
878 1386 942 1417 qua
970 1375 1123 1419 adagium

68 1423 147 1449 nam
159 1423 212 1445 VO·
249 1421 403 1464 populare
430 1435 437 1454 ε
462 1427 582 1464 Oportet
604 1426 642 1457 de
662 1425 819 1462 neceffitate
830 1424 934 1464 facere
957 1430 1100 1456 vlrtutem
1114 1448 1121 1455 .

70 1463 228 1501 lfltssem·
247 1471 398 1515 Exponit
420 1472 585 1516 eleganter
606 1473 640 1506 in
663 1472 755 1506 libris
777 1473 818 1506 de
837 1472 904 1506 vita
924 1474 1123 1515 contempla·

70 1511 230 1562 L·3·c·7-
246 1521 315 1554 tiva
337 1523 481 1563 Julianus
500 1521 671 1555 Pomerius
690 1534 697 1553 :
723 1526 805 1554 Licet
827 1524 979 1555 voluntate
1000 1525 1122 1565 impudi-

244 1580 297 1604 cus
312 1570 352 1611 fit
373 1577 434 1613 qut'
447 1573 602 1611 neceffitate
620 1573 747 1613 pudicus
772 1572 830 1612 est,
851 1582 953 1604 tamen
966 1571 994 1612 fi
1013 1576 1046 1607 (r
1062 1575 1124 1612 ille,

244 1631 334 1662 quem
356 1627 443 1654 timor
466 1628 500 1654 in
522 1621 593 1654 bono
611 1623 767 1663 pudicitiae
784 1629 865 1654 tenet
874 1646 889 1663 ‚v
904 1628 1009 1655 vivere
1015 1625 1123 1664 pudice

243 1668 416 1713 consuescat,
435 1676 470 1702 in
490 1677 633 1704 virtutem
643 1671 816 1713 plerumque
840 1672 876 1703 de
888 1672 1045 1711 necessitate
1053 1681 1127 1714 pro-.

242 1719 308 1761 ficit
321 1743 331 1759 ,
352 1721 385 1753 ζ’)
399 1721 550 1762 paulatim
570 1719 654 1761 ipsius
675 1722 833 1762 pudtcmae
854 1722 1045 1755 deledi‘atione
1067 1733 1125 1755 cre-

240 1766 339 1812 scente
346 1772 472 1812 pudicus
488 1777 632 1803 veraciter
647 1770 706 1811 fit,
728 1772 762 1803 Θ
784 1769 849 1813 ipsa
856 1771 971 1812 proficit
987 1796 997 1811 ‚
1017 1782 1049 1804 ut
1054 1775 1125 1813 jam

245 1829 303 1851 non
320 1818 471 1862 sermone,
489 1819 548 1862 sed
566 1824 677 1852 virtute
695 1818 798 1862 sordes
819 1822 1011 1861 impudicitiae
1030 1821 1125 1864 detes·

245 1877 319 1902 rans
328 1894 339 1909 ,
361 1880 417 1902 non
435 1874 537 1902 timore
545 1877 644 1911 poenae
652 1870 821 1902 carnalibus
832 1876 990 1903 incentiva·
1002 1871 1124 1913 obfistat‚

245 1919 326 1959 quod
335 1919 374 1959 est
393 1924 595 1961 incipientium
606 1926 761 1961 proprium
773 1944 783 1959 ,
798 1918 854 1962 sed
874 1926 1053 1954 execratione
1060 1930 1125 1963 pec·

246 1973 307 2001 eati
322 1967 480 2011 compescat
500 1975 644 2011 inquietos
654 1975 751 2002 carnis
777 1969 899 2009 affec‘lus
914 1994 923 2009 ‚
939 1972 1019 2011 quod
1027 1971 1063 2009 est
1079 1983 1123 2004 ca-

243 2017 356 2059 stitan's
376 2018 584 2061 consummatae
598 2019 773 2061 fastigium.
805 2017 973 2052 Gehennae
998 2031 1122 2054 metum

245 2068 308 2100 effe
330 2081 398 2103 non
424 2069 556 2108 minus,
580 2068 677 2112 quam
704 2068 892 2111 Evangelici
917 2069 1003 2102 verbi
1020 2071 1124 2112 praedi-

246 2118 413 2152 cationem
434 2143 445 2158 ,
466 2120 518 2151 cui
542 2120 634 2152 Deus
658 2129 721 2150 non
745 2119 816 2150 raro
837 2118 938 2152 donet
964 2130 1125 2162 germanae

244 2167 621 2210 justitiaeincrementum
645 2167 868 2211 Divinaelegis
891 2168 923 2200 in
948 2179 1056 2202 mente
1070 2182 1123 2203 no·

245 2217 306 2251 stra
319 2219 556 2261 plantationem
578 2229 615 2250 ac
627 2219 840 2260 rigationem,
864 2218 896 2250 in
910 2217 999 2251 libris
1019 2218 1059 2252 de
1073 2231 1122 2252 vo·

245 2268 375 2300 catione
384 2266 534 2310 gentium
547 2267 670 2300 sanstus
681 2267 821 2309 Prosper
833 2266 1032 2301 demonstrat
1045 2293 1052 2300 .
1068 2269 1121 2302 Est

244 2316 435 2350 validiffima
454 2315 510 2349 illa
530 2315 656 2358 justitiae
680 2315 862 2359 plantatio,
890 2328 988 2359 quam
1014 2318 1120 2352 laudat

245 2366 280 2400 in
305 2366 490 2411 Evangelio
513 2367 702 2400 Dominus.-
725 2368 871 2407 Compelle
881 2372 1014 2400 intrare.
1044 2368 1119 2411 Ejus

244 2416 380 2451 modum
403 2418 436 2450 in
462 2417 552 2450 libris
575 2415 722 2449 adversus
744 2415 966 2456 petilianum,'
987 2420 1117 2460 poenali-

245 2476 302 2498 um
326 2467 435 2510 legum
448 2491 458 2506 ‚
477 2465 596 2508 quibus
617 2465 799 2499 Donatistae
814 2465 853 2498 ad
883 2465 1055 2501 Ecclesiam
1065 2481 1113 2502 co·

246 2515 404 2559 gebantur
423 2517 441 2548 a
464 2515 626 2548 Romanis
650 2515 924 2557 lmperatoribus‚
949 2519 1115 2559 pessimum

244 2566 390 2604 osorem,
410 2564 576 2606 insigniter
596 2564 734 2606 exponit
757 2566 878 2597 sanetus
902 2565 1116 2609 Augustinus,

245 2614 334 2658 ajens
357 2625 410 2658 per
433 2613 574 2647 laudatas
593 2614 724 2657 legesac
746 2624 855 2656 poenas
879 2614 1046 2650 admoneri
1062 2618 1104 2651 ho

244 2665 369 2699 minem
382 2689 389 2696 .
414 2668 452 2696 Ut
471 2669 575 2707 cogitet
595 2673 685 2704 quare
700 2668 839 2704 patiatur
859 2676 870 2696 .-
882 2667 919 2696 Ut
927 2664 955 2704 fi
968 2668 1099 2706 projusti

244 2720 290 2750 tia
301 2713 334 2757 se
350 2718 421 2755 pati
438 2712 646 2755 perspexerit,
669 2711 799 2755 idipsum
818 2713 923 2746 bonum
947 2717 1037 2759 eligat
1054 2726 1111 2759 pro

238 2764 358 2806 justitia
372 2765 448 2796 talia
465 2761 617 2805 sustine-m
632 2761 661 2804 fi
676 2773 776 2796 autem
798 2765 912 2796 viderit
923 2770 1111 2807 iniquitatem

243 2806 316 2857 effe,
335 2822 392 2856 pro
411 2824 471 2856 qua
486 2819 603 2855 patitur
630 2835 640 2852 ,
657 2810 690 2854 se
710 2812 951 2855 infruc‘luofiffime'
978 2815 1111 2852 laborare

243 2872 332 2906 atque
350 2867 472 2897 cruciari
492 2862 674 2904 considerans
689 2887 698 2903 ‚
714 2872 805 2895 mutet
828 2868 859 2894 in
881 2866 980 2897 melius
1008 2868 1111 2900 volun-

243 2922 357 2954 tatem,
373 2913 514 2955 fimulque
528 2920 627 2945 careat
649 2913 682 2945 (tt
703 2913 831 2952 molestta
849 2912 943 2952 sterili
957 2938 967 2954 ‚
989 2917 1022 2950 (9⁰
1046 2917 1128 2980 iosaj

244 2969 399 3005 iniquitate
420 2989 427 2996 .
450 2961 553 3010 Qod
575 2962 668 2996 istam
690 2962 868 2997 voluntatis
892 2967 1127 3002 mutationem÷

243 3023 433 3057 extorqueat
452 3012 551 3056 longe
585 3011 755 3055 potentius
771 3013 868 3046 etiam
891 3012 1049 3057 gehenna:
1075 3005 1128 3062 til

243 3074 336 3100 mor,
349 3063 446 3098 docet
468 3063 501 3096 in
516 3062 694 3096 innumeris
715 3062 804 3096 locis.
832 3066 943 3104 Facit,
957 3064 1062 3108 inquit
1077 3066 1127 3106 ini

72 3111 113 3153 L,
140 3122 171 3159 9.
198 3124 226 3146 c.
244 3112 333 3146 libris
354 3113 393 3146 ad
412 3112 628 3152 Pollentiam,
648 3122 680 3144 ut
703 3114 782 3154 quod
800 3122 866 3147 erat
888 3111 1126 3154 neceffitatecae-'

71 2246 111 2280 L.
134 2253 165 2278 2.
186 2256 215 2279 c.

77 2305 128 2342 17.

76 2594 120 2630 L.
144 2605 176 2630 2.
201 2607 227 2629 c.

73 2643 130 2690 84.

1941 157 2032 201 233

1176 225 1280 260 ritatis
1304 225 1525 260 infirmitatem
1540 227 1689 262 adversus
1707 224 1906 262 tentationes
1925 229 1978 262 illa
1991 232 2056 264 fot-

1177 277 1277 309 tiores
1300 275 1430 308 roborat
1449 301 1458 315 ,
1481 276 1498 307 a
1522 278 1607 319 lapsu
1619 278 1785 316 custodit,
1804 277 1843 311 ad
1864 278 1987 312 easdem
1999 281 2053 313 su-

1179 325 1334 369 perandas
1355 324 1483 367 adjuvat
1498 349 1509 364 ,
1535 328 1675 371 facitque
1701 328 1882 361 vidiricem.
1921 329 1963 361 Et
1987 329 2053 361 haec

1177 376 1220 409 est
1247 384 1359 418 quarta
1381 375 1449 417 ejus
1469 375 1611 417 utilitas,
1634 388 1729 420 quam
1749 380 1781 410 in
1801 378 2051 412 Confeffionum
2068 374 2106 408 L·
2136 371 2165 410 8.
2191 386 2220 409 c.

1178 425 1266 459 libris
1288 425 1398 458 laudat
1423 425 1549 458 sanetus
1576 427 1799 469 Augustinus,
1821 428 1862 461 de
1882 429 2052 471 semetipso
2071 432 2125 460 11-

1177 475 1369 519 quibusdam
1404 473 1511 507 adhuc
1529 476 1744 517 cupiditatum
1767 478 1912 520 reliquiis
1949 479 2054 522 ligato

1177 526 1289 558 dicens
1307 524 1344 557 ad
1358 524 1563 556 Dominum:
1587 525 1738 566 Tendmr,
1757 528 1934 564 &inflabas
1947 540 1978 561 tu
1993 533 2049 561 Do-

1177 579 1255 608 mIne
1280 581 1311 605 tn
1328 575 1444 606 occultis
1478 579 1549 605 meis
1569 572 1675 615 severa
1707 574 1903 618 misericordia
1928 578 2050 622 flagella

1178 631 1362 669 ingeminans
1385 629 1497 656 timoris
1520 625 1686 664 &pudoris
1700 651 1709 667 ,
1730 636 1767 658 ne
1786 627 1889 658 rursu!
1909 629 2050 669 cessarem,

1179 676 1211 708 Θ
1224 686 1280 707 non
1291 675 1514 715 abrumperetur
1533 673 1661 716 idipsum
1672 680 1808 717 exiguum
1828 677 1862 708 Θ·
1881 685 1965 709 tenue
1975 679 2053 718 quod

1180 722 1360 766 remanserat
1380 725 1413 757 ὠ·
1436 722 1626 766 revalesceret
1648 724 1765 763 iterum,
1790 726 1824 758 (τ
1846 737 1892 758 me
1911 726 2052 766 robustius

1179 776 1329 818 alligaret.
1346 773 1388 807 Et
1409 774 1442 807 in
1462 773 1601 808 secunda
1613 775 1705 817 super
1715 773 1878 808 Psalmum
1900 776 2053 820 sexagess-

1181 835 1271 858 mum
1295 824 1472 857 secundum
1493 824 1660 857 concione
1683 823 1790 857 scribit
1800 822 1840 857 de
1860 825 2052 868 quibusdam

1182 874 1317 906 infirmae
1337 872 1442 907 adhuc
1461 872 1629 907 charitatis
1664 874 1867 916 Martyribus
1888 886 1896 905 ε
1935 877 2052 917 Majore

1181 930 1284 956 timore
1302 930 1416 956 minora
1425 929 1632 956 contemnimus
1645 949 1652 956 .
1680 926 1762 967 Quis
1778 935 1834 956 non
1855 924 1939 957 bibat
1960 926 2056 958 tribu-

1182 975 1303 1006 lationis
1313 974 1484 1014 temporalis
1499 974 1634 1014 poculum
1645 997 1656 1013 ,
1677 983 1813 1006 metuens
1838 979 1933 1017 ignem
1947 974 2055 1018 geben-

1184 1025 1309 1056 narum?
1340 1023 1393 1056 Ad
1405 1022 1604 1065 Martyrium
1619 1024 1729 1065 passim
1741 1023 1867 1057 robusta
1879 1048 1890 1064 ,
1911 1035 1973 1065 qua
1997 1025 2054 1059 sal‘

1185 1084 1250 1107 tem
1276 1074 1434 1116 patienter
1453 1083 1590 1106 mortem
1614 1084 1836 1116 acceptemus,
1858 1073 1999 1108 charitas
2009 1086 2057 1109 re·

1183 1124 1321 1166 quiritur
1344 1146 1354 1162 ,
1375 1133 1564 1166 certumque
1583 1123 1682 1157 etiam
1703 1124 1748 1156 est
1770 1123 1804 1156 &
1824 1135 1900 1157 cum
1922 1124 2056 1165 adulta,

1188 1173 1292 1207 immo
1315 1174 1355 1206 &⁷
1370 1184 1444 1206 cum
1457 1174 1578 1206 nutrita
1597 1182 1651 1206 aut
1676 1182 1750 1206 nata
1770 1173 1942 1208 dumtaxat
1952 1173 2057 1208 chari-

1186 1233 1250 1257 tate
1270 1222 1422 1265 quosdam
1442 1223 1482 1256 ad
1505 1221 1644 1267 gloriam
1664 1223 1755 1256 istam
1778 1225 1968 1265 pervenisse.
1982 1225 2058 1258 Mo·

1186 1272 1264 1306 dum
1288 1273 1491 1316 Augustinus
1511 1273 1646 1315 exponit
1665 1274 1697 1305 in
1721 1274 2058 1307 commentarioPsal-

1187 1322 1232 1355 mi
1252 1322 1399 1366 vigesimi
1419 1322 1522 1355 tertii.
1550 1324 1702 1365 ,Quomodo
1718 1322 1747 1362 fi
1768 1323 1875 1354 videas
1894 1326 2057 1363 avemjam

1186 1373 1290 1404 cadere
1313 1377 1344 1403 r'n
1367 1370 1580 1412 muscipulam,
1593 1371 1677 1411 facis
1700 1374 1840 1410 majorem
1854 1371 2059 1412 strepitum&

1187 1422 1270 1455 volat
1291 1421 1328 1453 de
1351 1419 1532 1462 muscipula.
1556 1422 1895 1460 stcomnrtyrumjam
1907 1421 1993 1461 forte
2006 1425 2062 1455 alt-

1186 1478 1237 1513 qut
1261 1471 1456 1504 intendebant
1480 1472 1583 1503 collum
1604 1476 1636 1502 in
1658 1472 1842 1503 dulcedinem
1863 1471 1952 1507 huius
1970 1477 2056 1506 vitae:

1188 1524 1355 1560 Dominus,
1386 1526 1438 1562 qut
1463 1530 1526 1553 erat
1542 1527 1576 1551 m
1596 1522 1656 1552 illis
1670 1545 1679 1559 ,
1697 1520 1772 1561 fecit
1789 1521 2060 1564 strepitumgeben·

1187 1581 1312 1610 narum,
1336 1571 1369 1603 (θ’
1388 1579 1488 1602 erutus
1511 1569 1549 1608 eft
1566 1569 1662 1612 passer
1684 1571 1721 1602 de
1741 1568 1900 1610 muscipula
1921 1578 2064 1605 venanti·

1186 1632 1251 1653 um.
1277 1619 1338 1653 Per
1361 1620 1501 1652 Domini
1521 1619 1718 1652 clamorem:
1742 1621 1850 1652 Nolite
1873 1625 1975 1653 timere
1995 1624 2064 1663 eos,

1186 1676 1237 1712 qui
1254 1671 1387 1702 occidunt
1410 1678 1531 1709 corpus,
1551 1668 1717 1710 sedportur
1742 1674 1840 1702 timete
1862 1677 2087 1712 eum,quipo-.·

1187 1718 1237 1757 test
1269 1722 1302 1753 (θ’
1331 1725 1465 1751 animam
1488 1720 1522 1751 <5
1542 1728 1645 1759 corpus
1665 1720 1787 1758 perdere
1817 1724 1851 1751 in
1874 1720 2039 1761 gehennam
2056 1736 2074 1753 ,ι

1188 1769 1419 1802 Gehennarum
1452 1770 1552 1802 timor
1574 1780 1650 1800 *non
1686 1768 1730 1800 est
1764 1769 1939 1801 invalidior
1972 1780 2073 1804 vanae-

1187 1819 1298 1862 gloriae
1315 1818 1516 1861 cupiditate,
1536 1828 1591 1860 per
1614 1828 1713 1858 quam
1734 1819 1892 1859 acceptari
1917 1819 1951 1853 ὅ(
1973 1820 2061 1863 supe·

1188 1869 1248 1902 rati
1272 1871 1358 1911 polle
1379 1868 1594 1901 crudeliffima
1618 1871 1715 1901 etiam
1734 1879 1897 1902 tormenta
1917 1881 1955 1903 ac
1978 1881 2060 1904 mor-

1189 1930 1275 1958 tem,
1296 1919 1328 1951 &
1350 1918 1510 1959 martyrii,
1535 1917 1609 1951 licet
1624 1929 1687 1950 non
1703 1921 1869 1952 veritatem
1884 1944 1895 1958 ‚
1920 1919 2004 1952 certe
2018 1921 2066 1953 fu-

1188 1979 1261 2001 cum
1283 1969 1501 2001 consummari
1520 1991 1530 2006 ,
1565 1968 1653 2008 plura
1679 1979 1738 2001 nos
1763 1970 2001 2003 Huc-cicorum
2025 1972 2061 2004 ὃς

1187 2018 1478 2051 Schismaticorum
1500 2019 1647 2059 exempla
1670 2017 1867 2052 docuerunt.
1890 2020 1970 2068 Qr
1991 2032 2062 2053 om-

1189 2070 1241 2101 nia
1261 2067 1403 2111 elegant-i
1425 2070 1626 2110 compendio
1649 2069 1681 2100 in
1705 2069 1956 2102 monasticarum
1973 2070 2062 2103 infli-

1188 2118 1354 2151 tutionum
1372 2117 1460 2151 libris
1481 2118 1703 2159 complestitur
1715 2117 1854 2159 Joannes
1881 2119 2059 2153 Caffianus:

1188 2169 1373 2207 Principium
1395 2166 1496 2204 nostrae
1514 2166 1639 2207 salutis,
1657 2165 1821 2208 etsdemque
1842 2169 1969 2206 custodia
1982 2194 1993 2208 ,
2023 2174 2056 2201 ti·
2077 2160 2114 2194 L·
2141 2165 2177 2208 4·
2200 2172 2230 2207 σο,

1185 2227 1244 2247 mor
1256 2219 1376 2247 Domini
1395 2215 1451 2255 est.
1471 2218 1528 2248 Per
1549 2215 1623 2248 bunc
1648 2219 1771 2249 enim&
1795 2224 1914 2250 imttum
1938 2229 2058 2252 conver·
2078 2224 2133 2260 39·
2215 2236 2238 2261 ,g

1182 2264 1286 2306 lionis,
1319 2266 1352 2298 Θ
1371 2271 1512 2297 vitiorum
1528 2273 1685 2308 purgatio,
1710 2268 1743 2299 ὢ·
1766 2271 1912 2300 viriatum
1933 2268 2059 2307 custodia

1184 2313 1243 2355 his,
1264 2321 1313 2358 qut
1334 2315 1503 2348 imbuuntur
1515 2315 1558 2347 ad
1566 2322 1649 2347 viam
1657 2315 1865 2356 perfefflionts.
1891 2317 1981 2351 Hinc
2004 2331 2057 2353 cu-

1184 2365 1246 2398 stos
1269 2366 1325 2398 ist-
1350 2366 1516 2398 hominem
1542 2376 1607 2397 non
1619 2366 1749 2398 deserit.
1775 2366 1931 2409 ,Quousque
1949 2376 2055 2408 perve-
2074 2359 2161 2408 Aug.
2184 2362 2206 2397 l.

1181 2421 1246 2447 mat
1263 2416 1307 2448 ad
1326 2416 1420 2447 talem
1442 2421 1573 2446 animum
1595 2439 1605 2455 ,
1627 2423 1659 2447 ut
1679 2416 1749 2454 plus
1772 2426 1848 2447 amet
1874 2420 2053 2460 Dominum,
2071 2409 2112 2446 de
2135 2414 2231 2448 Cate-

1180 2476 1269 2506 quam
1290 2470 1392 2497 timeat
1410 2464 1578 2506 gebennam
1593 2489 1602 2503 ‚
1626 2472 1657 2495 ut
1681 2463 1795 2503 etiamsi
1809 2466 1890 2498 dicat
1911 2474 1941 2499 et
1961 2471 2051 2509 Deus,
2070 2461 2147 2496 Chis-
2172 2475 2232 2498 ru*-

1178 2524 1259 2548 utere
1281 2515 1393 2546 delicus
1415 2513 1586 2546 carnalibus
1608 2512 1819 2554 sempiternIs‚
1849 2516 1882 2547 δ’
1903 2520 2050 2558 quantum
2068 2509 2135 2546 dib·
2159 2525 2191 2547 c.

1173 2573 1253 2605 poter
1265 2589 1274 2605 ‚
1293 2573 1379 2604 pecca
1391 2588 1400 2603 ‚
1422 2573 1472 2595 nec
1495 2566 1625 2595 morieris
1639 2588 1649 2602 ,
1672 2574 1721 2596 nec
1749 2570 1782 2596 in
1800 2564 1968 2608 gebennam
1986 2575 2052 2600 mit·
2072 2572 2087 2596 Ι
2093 2573 2126 2608 7·

1175 2622 1270 2653 teris,
1288 2612 1342 2654 sed
1359 2623 1466 2644 mecum
1487 2614 1689 2645 tantummodo
1712 2617 1767 2646 non'
1789 2621 1845 2646 eris
1866 2639 1877 2656 ,
1897 2617 2050 2661 exhorres-

1174 2673 1240 2703 cat,
1263 2665 1296 2698 <5
1315 2665 1506 2695 omninonon
1528 2671 1626 2702 peccet
1640 2687 1650 2703 ,
1674 2674 1736 2695 non.
1745 2665 1815 2703 jam
1837 2675 1868 2696 ut
1897 2672 1930 2698 tn
1950 2669 2047 2709 illud,

1173 2715 1254 2756 quod
1271 2712 1413 2749 timebat,
1436 2723 1492 2746 non
1513 2713 1628 2745 incidat
1652 2736 1663 2752 ‚
1679 2711 1738 2754 sed
1756 2725 1793 2746 ne
1814 2716 1897 2746 illum
1919 2740 1927 2754 ‚
1961 2728 2048 2758 quem

1172 2772 1268 2802 amat,
1291 2761 1429 2802 offindat.
1447 2762 1525 2794 Hoc
1547 2762 1590 2795 est
1607 2787 1618 2803 ,
1640 2763 1743 2795 donec
1761 2765 1792 2796 in
1820 2765 1877 2798 illo
1903 2766 1957 2798 fiat
1973 2765 2048 2800 cha-

1174 2822 1249 2847 ritas
1270 2812 1417 2855 perfesta,
1437 2811 1456 2844 ὲ
1478 2823 1541 2854 qua
1565 2812 1629 2845 sola
1652 2816 1801 2845 timorem
1825 2813 1871 2846 uti
1897 2815 2046 2858 superflu-

1172 2875 1227 2898 um
1252 2862 1329 2906 pelli
1350 2862 1474 2895 sanstus
1493 2861 1632 2903 Joannes
1656 2862 1832 2904 Apostolus
1855 2864 2020 2900 adfirmat.

1389 2911 1420 2945 C
1449 2913 1478 2944 A
1506 2911 1532 2944 P
1561 2911 1599 2945 U
1628 2911 1663 2943 T
1714 2912 1825 2946 XIV.

1221 2966 1392 3003 Exponitur
1413 2966 1502 2994 varia
1517 2960 1835 3003 imperfhfflioservilts
1860 2968 1992 3000 timoris.

1249 3013 1388 3046 Ervilem
1400 3011 1623 3055 gehennarum
1637 3020 1758 3044 metum
1773 3012 1813 3046 de
1825 3013 2044 3056 imperfectio-2

1254 3074 1295 3096 ne
1306 3064 1486 3105 frequenter
1497 3070 1590 3094 notat
1602 3061 1726 3094 sanstus
1751 3063 1971 3106 Augustinus.
2000 3068 2038 3100 In

1170 3113 1368 3146 sermonibus
1391 3112 1431 3144 de
1450 3110 1552 3143 verbis
1575 3110 1746 3152 Apostoli:
1776 3114 1852 3145 Cum
1870 3115 1934 3147 ideo
1956 3117 2039 3149 adul·
2058 3119 2188 3156 Set-vilis

75 3171 127 3209 19.
239 3172 349 3205 ptum,
367 3162 424 3204 fiat
444 3162 590 3195 charitate
608 3161 789 3203 perfec‘lum.
815 3164 859 3196 Et
885 3162 933 3197 hae
957 3166 1030 3198 sunt
1052 3169 1109 3201 uti-

244 3214 350 3248 litates
367 3212 400 3245 δε
418 3213 558 3253 fruetus,
576 3211 622 3246 ob
642 3214 884 3256 quostimorem
904 3215 965 3248 effe
989 3217 1108 3259 sapien-

244 3264 296 3298 tiae
319 3263 373 3296 seu
399 3260 588 3302 charitatis,
611 3273 712 3305 quam
738 3264 823 3306 quasi
847 3265 911 3297 seta
936 3265 1028 3299 filum
1060 3267 1105 3300 in-

72 3309 214 3356 Adjuvat
243 3311 405 3351 troducit,
426 3311 559 3344 initium
583 3313 730 3346 adfirmat
751 3313 877 3358 Regius
901 3314 1083 3358 Propheta.

71 3359 215 3403 imperfe-
293 3359 396 3397 Porro
424 3361 512 3394 ficuti
534 3361 717 3403 praedicatio
738 3363 891 3405 justitiam
914 3376 979 3397 non
1004 3367 1107 3400 solum

69 3410 149 3443 &tarn
158 3410 228 3445 cha·
245 3414 370 3458 plantat
381 3435 392 3451 ,
411 3410 463 3444 sed
475 3410 508 3443 δι
520 3410 695 3452 plantatam
709 3413 793 3457 rigat
803 3437 814 3452 ,
835 3415 878 3447 ita
889 3415 986 3448 etiam
997 3417 1108 3450 timor:

72 3460 197 3496 ritatem
209 3484 218 3495 ·
238 3460 496 3503 Introdudstaease
518 3468 615 3502 atque
636 3460 768 3495 initiatae
788 3464 951 3508 sapientiae
969 3466 1025 3501 seu
1035 3464 1109 3501 cha·

316 3511 423 3555 christ.
436 3514 516 3554 Lupi
525 3513 624 3556 Opera
634 3513 772 3545 Tom.XI.

1171 3172 1215 3196 ter
1227 3175 1282 3195 non
1292 3164 1342 3205 effe
1352 3168 1472 3201 caeperi's
1484 3182 1493 3196 ,
1504 3166 1575 3200 quia
1593 3166 1680 3192 times
1694 3162 1797 3208 ardere
1803 3168 1836 3196 ln
1849 3169 1916 3206 igne
1931 3165 2039 3208 sempi-
2058 3171 2156 3204 timor
2166 3170 2212 3205 est

1169 3221 1250 3245 terno
1262 3236 1274 3252 ,
1298 3213 1425 3246 nondum
1436 3211 1608 3242 laudandus
1631 3222 1680 3243 es.
1710 3215 1782 3244 Non
1796 3216 1915 3253 quidem
1936 3220 1980 3247 ita
1990 3217 2039 3246 do·
2057 3219 2203 3260 imperfe-

1166 3264 1270 3297 lendus
1279 3274 1311 3296 ue
1325 3272 1392 3295 ante
1403 3285 1412 3300 ,
1420 3258 1478 3302 sed
1487 3268 1585 3291 tamen
1601 3261 1721 3294 necdum
1739 3263 1909 3296 laudandus
1921 3287 1929 3296 .
1951 3267 2040 3307 ,Quid
2054 3269 2140 3303 etus)

1169 3325 1306 3357 magnum
1317 3312 1353 3352 est
1365 3309 1614 3351 timerepoenam?
1638 3313 1781 3354 Magnum
1791 3314 1829 3353 est
1849 3313 2034 3354 amarejustt-
2053 3321 2153 3354 serm,
2161 3331 2173 3355 1
2182 3316 2215 3356 8,’

1169 3370 1259 3407 nam3
1292 3365 1331 3395 Et
1345 3362 1377 3393 in
1390 3367 1455 3393 auo
1469 3362 1629 3393 termene:
1654 3361 1794 3394 §itimore
1813 3362 1954 3404 gehenna·
1977 3375 2034 3396 non
2052 3380 2078 3403 c,
2100 3378 2131 3415 7,
2156 3379 2187 3413 9.

1160 3413 1240 3454 fam
1255 3411 1504 3451 malum,nondum
1514 3421 1545 3443 es
1553 3409 1718 3452 perfec‘lus.
1745 3411 1797 3450 Est
1815 3413 1930 3452 quidem
1952 3418 1985 3446 in
2004 3423 2033 3449 te

1163 3463 1261 3507 fides:
1285 3462 1408 3496 Gaudeo
1428 3459 1500 3503 fidet
1520 3470 1582 3496 tuae
1598 3483 1608 3499 ‚
1621 3458 1679 3502 fid
1696 3459 1793 3494 adhuc
1811 3466 1898 3496 timeo
1907 3465 2032 3498 malittae

1564 3509 1598 3545 V
1650 3519 1669 3557 3
1927 3521 2008 3560 tuae:
