2366 3736
565 158 659 190 AD
726 144 1213 191 Hammeum
1278 135 1600 189 Nonis?

248 229 406 275 postolica
418 254 429 270 ‚
454 228 581 272 piorum
594 230 627 263 in
642 228 760 275 Belgio
774 237 862 260 aures
873 251 883 266 ‚
906 236 981 259 cum
996 225 1119 259 offenss-

243 295 311 319 one
330 283 363 317 ὅ(
384 278 533 313 scandalo
554 280 737 328 frequenter
757 276 950 314 audiverunt
964 299 971 307 .
1002 274 1117 309 Effroe-

245 343 321 367 nem
342 330 546 365 dicacitatem
567 327 767 369 compescuit
797 326 993 359 beatissimus
1025 324 1117 358 Pater

244 382 354 417 noster
369 378 554 415 Alexander
565 376 723 415 VILdato
737 377 776 409 ad
790 377 907 409 sacram
920 374 1060 408 nostram
1075 376 1115 408 fa-

240 433 398 466 cultatem
414 429 507 464 Brevi
519 426 642 463 avitum
657 424 855 469 Apostolicae
866 425 956 460 Sedis
968 425 1114 466 affeetum

243 482 408 515 innovans
421 480 452 512 in
466 478 607 512 sanctum
623 477 843 519 Augustinum
855 500 865 515 ‚
889 475 1116 519 declaransque

240 533 311 576 ejus
322 530 477 576 dogmata
500 527 565 565 esse
588 525 739 564 tutiffima
754 549 764 564 ‚
784 524 974 559 inconcussa
989 549 1000 564 ,
1026 534 1116 559 vene-

241 576 340 615 randa
353 580 393 613 ab
412 577 568 612 omnibus
582 601 591 615 ,
618 588 655 609 ac
681 576 839 610 tenenda.
868 574 969 619 Q¹0d
991 575 1114 608 fulmen

240 630 432 666 amulorum
442 627 557 661 oculos
569 625 651 660 adeo
665 626 862 669 perstrinxit,
871 624 909 657 ut
920 625 992 667 quis
1001 635 1113 658 eorum

239 680 359 714 veritus
374 688 443 711 non
457 677 552 710 fuerit
562 675 697 709 'scribere
709 675 875 709 laudatum
892 674 992 708 Breve
1003 686 1058 717 per
1070 674 1115 707 di-

237 728 400 763 abolicam
411 725 597 762 machinam
619 726 713 758 fuisse
732 726 957 769 impetratum.
997 723 1048 756 Ex
1067 734 1115 757 ea-

237 778 313 813 dem
327 779 436 813 radice
447 789 516 811 non
531 774 685 810 adversus
696 775 800 808 solum
813 799 824 814 ‚
839 785 881 807 ex
893 785 961 816 quo
973 771 1114 806 Triden·

237 828 343 863 tinam
355 826 527 872 Synodum
540 826 609 860 dixi
622 824 723 862 multa
735 823 1115 868 definiviffe,S.Augusti-

236 879 388 918 num‚sed
399 879 580 923 generatim
593 873 761 908 adversum
773 884 888 908 omnes
902 873 1048 907 Ecclefiae
1061 873 1116 906 Pa-

237 939 301 966 tres
315 929 434 972 scripsit
445 928 544 961 etiam
559 925 757 959 Accusator:
785 927 851 967 Ego
871 926 943 956 verb
966 924 1116 958 contradi·

235 979 361 1012 cendum
372 986 492 1011 autumo
502 1001 512 1017 ,
535 981 637 1016 nempe
649 974 722 1006 dum
731 975 924 1007 conciliorum
936 974 1025 1006 dic‘lis
1048 984 1116 1005 con·-

232 1027 396 1071 sentientia
407 1022 596 1068 reperiuntur
606 1029 639 1056 in
651 1023 806 1067 Augustino
817 1030 1018 1064 ,praecipuum
1029 1023 1118 1056 robur

239 1077 396 1121 Augustino
406 1078 427 1113 ἃ
438 1075 580 1113 Conciliis
590 1071 824 1116 accedere‚fieam
836 1075 906 1121 vero
920 1074 1117 1106 Conciliorum

12 1124 22 1169 ζ,
61 1115 137 1153 ΪΟῙ·
164 1126 182 1155 ¹
186 1122 220 1163 3·
235 1121 451 1169 definitionibus
465 1130 626 1160 veritatem
639 1133 674 1157 ac
679 1123 857 1166 firmitatem
869 1129 1017 1168 integram
1022 1123 1114 1164 stare,

232 1176 295 1220 five
305 1178 385 1213 idem
398 1177 513 1211 dixerit
530 1174 706 1218 Augustinus
719 1198 730 1214 ,
743 1173 808 1215 five
818 1173 974 1215 oppofitum
987 1198 994 1205 .
1026 1174 1119 1216 ,Quod

234 1228 329 1261 obiter
351 1236 456 1260 contra
467 1227 545 1259 tales
558 1225 697 1267 loquendi
705 1226 806 1259 modos
816 1225 898 1257 volui
908 1225 1072 1256 indicatum
1082 1249 1089 1255 .

271 1276 398 1315 Verum
410 1274 510 1325 longe
519 1275 610 1308 aliter
619 1273 713 1307 senfit
725 1285 845 1320 magna
856 1273 1010 1317 Synodus
1019 1271 1117 1307 Chal-

236 1326 429 1363 cedonensis
443 1352 449 1359 .
480 1325 614 1360 Etenim
626 1325 642 1358 a
656 1321 830 1358 Marciano
843 1322 996 1368 Augusto
1007 1323 1119 1357 admo·

235 1377 301 1411 niti
314 1375 494 1423 Episcopi,
516 1374 674 1418 quatenus
687 1373 790 1406 laesam
807 1373 848 1407 ab
873 1372 1063 1415 Eutychete
1085 1372 1120 1409 fi-

236 1424 311 1460 dem
325 1451 336 1467 ‚
348 1437 415 1462 non
429 1424 557 1461 tantum
568 1425 658 1466 juxta
674 1434 736 1456 tres
749 1423 871 1467 priores
880 1423 1046 1465 generales
1059 1422 1113 1464 Sy-

235 1477 365 1518 nodos,
377 1475 430 1510 sed
445 1475 584 1518 &juxta
596 1472 763 1518 Gregorii,
779 1472 886 1506 Basilii
900 1497 910 1513 ‚
926 1471 1094 1506 Athanasii
1107 1496 1118 1512 ,

235 1525 385 1566 Hilarii,
397 1524 586 1563 Ambrosii,
601 1522 720 1565 Cyrilli
732 1544 743 1560 ‚
755 1523 962 1565 aliorumque
983 1521 1117 1556 Patrum

235 1575 451 1610 traditionem
465 1575 651 1612 firmarent,
674 1582 737 1604 una
760 1583 841 1606 voce
859 1572 1093 1615 responderunt
1108 1585 1119 1605 .-

58 1620 135 1658 ΛΗ.
165 1633 193 1659 1·
233 1628 406 1659 Docuerant
421 1627 530 1657 Patres
542 1648 552 1663 ‚
563 1620 770 1664 &inscriptis
783 1621 984 1661 custodierunt
997 1633 1066 1664 quae
1080 1621 1118 1654 ab

18 1687 21 1691 ⁴
57 1672 93 1710 &
116 1679 155 1709 2.
233 1681 277 1709 eis
283 1674 356 1719 sunt
366 1673 495 1717 exposita
509 1675 562 1713 ,ω
573 1678 648 1704 citra
660 1681 694 1703 ea
709 1672 803 1703 dicere
817 1682 875 1704 non
887 1672 1032 1713 possumus
1047 1697 1054 1704 .
1075 1671 1118 1705 Er

232 1724 469 1770 gloriofissimis
477 1720 645 1771 judicibus
657 1720 732 1755 fidei
745 1720 974 1756 definitionem
987 1721 1118 1756 tandem

231 1775 333 1810 condi
348 1773 557 1819 urgentibus,
580 1770 933 1813 denuoresponderunt
948 1785 955 1804 :
968 1772 1118 1812 sijubetis

231 1825 317 1858 ηοω]
333 1820 401 1857 dai?
411 1825 559 1860 inducias,
565 1826 696 1863 petimus
711 1823 817 1853 Patres
824 1820 911 1862 fimul
918 1820 1096 1864 perscrutari
1111 1847 1117 1854 .

232 1875 280 1908 Et
289 1874 378 1908 edita
390 1872 520 1907 tandem
532 1871 607 1905 fidei
621 1869 774 1904 definitio
787 1870 848 1905 ho:
863 1869 978 1905 habuit
993 1871 1118 1906 exordi-

231 1934 311 1957 um:
335 1922 528 1957 Inerrabilem
550 1925 676 1955 Parrum
696 1925 914 1954 renovavimus
936 1921 1026 1965 fidem
1040 1946 1046 1953 .
1075 1921 1117 1954 Et

232 1973 541 2015 rursutndequentes
554 1977 645 2015 igitur
653 1969 771 2013 sanc‘los
784 1973 891 2003 Patres
905 1997 910 2004 .
941 1971 1043 2005 Nulla
1060 1982 1115 2004 un-

232 2034 331 2071 quam
341 2023 529 2069 dogmatica
544 2021 689 2056 Romani
703 2020 874 2054 pontificis
888 2022 1031 2063 Epistola
1047 2022 1117 2062 plu·

230 2084 283 2107 res
293 2074 323 2107 ὅ(
339 2076 476 2107 acriores
492 2072 532 2105 ab
546 2070 702 2105 haereticis
715 2072 797 2113 passa
812 2070 873 2104 fuit
889 2071 1118 2105 contradistio-

231 2125 286 2160 nis
299 2125 440 2166 impetus
451 2145 461 2161 ‚
475 2132 573 2165 quam
587 2121 627 2155 ab
643 2119 859 2162 Eutychianis
874 2120 1116 2163 Augustiniana

229 2173 289 2207 illa
302 2184 383 2217 ‚qua
397 2173 533 2215 primam
544 2171 585 2204 de
601 2172 784 2212 Eutychete
797 2171 989 2204 sententiam
1003 2170 1118 2205 confir-

231 2224 351 2265 mavit,
377 2224 409 2256 ὃ(
456 2221 727 2255 halcedonensem
742 2219 849 2261 postea
871 2220 1043 2262 synodum
1067 2220 1117 2254 iri-

230 2272 369 2313 struxit‚
390 2272 439 2305 uti
467 2272 499 2304 ui
516 2269 702 2313 Apostolici
717 2269 860 2314 suffragii
883 2272 1093 2315 praerogativa
1108 2295 1117 2311 ,

228 2321 356 2356 sanstus
373 2321 441 2355 Leo
453 2330 611 2365 magnus.
639 2320 754 2354 Plures
769 2331 827 2362 pro
839 2320 908 2362 ipsa
935 2321 1057 2364 scripsit
1071 2322 1114 2354 A·

228 2373 382 2417 pologias
395 2397 404 2412 ‚
418 2382 553 2414 quatum
568 2370 720 2403 omnium
733 2369 892 2402 summam
909 2369 1005 2403 babes
1019 2371 1050 2404 in
1065 2370 1114 2405 lit·

229 2423 307 2455 teris
320 2424 357 2455 ad
375 2423 550 2464 Episcopos
565 2419 760 2453 Palaest'inos:
773 2423 809 2451 In
822 2419 901 2452 nula»
914 2423 932 2450 ii
945 2418 1114 2462 sanc‘lorum

230 2474 357 2505 Parrum
369 2471 531 2512 confeffione
545 2470 667 2512 discessi.
699 2469 824 2502 Eadem
838 2481 878 2503 ex
893 2470 1003 2514 regula
1027 2471 1115 2504 dixit

229 2522 271 2555 de
283 2522 346 2567 ipsa
361 2522 394 2554 in
409 2519 672 2554 chalcedonensi
687 2518 839 2561 synodo,
850 2521 1002 2553 omnium
1018 2520 1109 2563 Epis·

229 2582 389 2614 coporum
399 2569 715 2612 nomine‚Diogenes
723 2567 911 2610 Cyzicenus
922 2569 1112 2612 Episcopus,

57 2617 126 2655 Δὲἱ·
153 2628 186 2664 4-
230 2619 443 2663 Hellesponti
457 2619 672 2660 Metropolita
687 2621 815 2649 :Omnes
828 2616 1017 2660 consensimus
1033 2623 1109 2661 Epi.

222 2670 318 2711 stolae,
328 2669 536 2713 consequenter
546 2667 670 2700 habenti
681 2665 846 2708 expofitioni
858 2669 877 2699 5
879 2669 898 2700 5
901 2671 1050 2702 Patrum.
1064 2670 1107 2703 Et

215 2722 329 2762 jextae
350 2719 511 2765 generalis
531 2717 659 2761 Synodi
691 2719 730 2750 ad
763 2716 1019 2752 Constantinum
1041 2724 1109 2754 Au-

223 2770 359 2816 gustum
372 2771 475 2804 sermo
485 2767 733 2803 acclamatorius
747 2780 757 2800 .-
771 2770 918 2800 Paternas
929 2769 1105 2803 traditiones

220 2819 424 2866 securisumus
434 2845 441 2859 ,
457 2821 490 2853 (5
503 2818 580 2852 nibil
591 2817 731 2860 dissonum
742 2826 793 2850 aut
805 2816 977 2860 discrepans
1002 2819 1040 2852 ab
1062 2832 1102 2853 eo

226 2882 292 2904 rum
304 2870 513 2912 informatIone
525 2869 739 2902 adinvenimut
750 2892 758 2901 .
789 2868 831 2901 Et
843 2867 884 2900 ad
898 2867 1048 2903 Marcum
1064 2871 1101 2903 E-

227 2918 408 2964 phesiorum
424 2918 671 2961 Metropolitam
683 2917 767 2951 dixit
781 2916 814 2950 in
839 2918 1028 2952 Florentina
1046 2920 1100 2962 Sy·

53 2969 126 3005 Sem
158 2981 171 3006 1
180 2982 210 3016 9.
228 2970 319 3004 nodo
334 2971 440 3004 Frater
450 2970 590 3012 Joannes
601 2967 642 3001 de
654 2968 773 3001 Monte
784 2967 889 3013 nigro:
902 2969 1027 3001 sunaus
1041 2972 1099 3001 Ba-

220 3018 304 3061 silius
317 3022 349 3054 <Er
361 3018 526 3062 hujusmodi
540 3018 676 3050 Doc‘lores
696 3014 765 3059 sunt
767 3016 974 3058 fundamenta
997 3019 1099 3058 noslrae

222 3069 297 3111 fidei
312 3093 318 3099 .
335 3070 375 3103 Et
390 3070 443 3103 inf
453 3081 467 3101 a
485 3082 491 3100 :
510 3072 573 3111 Ego
585 3069 651 3100 dixi
663 3066 748 3100 vobis
759 3067 850 3105 illud,
863 3072 895 3098 in
906 3069 986 3110 quod
998 3071 1099 3101 ultimo

220 3118 322 3161 fiinHi
337 3122 442 3151 Patres
450 3118 636 3162 generalium
646 3119 841 3149 Conciliorum
854 3122 953 3149 omnia
973 3117 1098 3161 resolve-

224 3169 298 3201 bam
309 3192 319 3208 ,
328 3167 444 3210 semper
449 3169 534 3210 fuiffe
544 3170 584 3200 55
588 3196 591 3199 .
606 3170 732 3199 Patrum
743 3166 907 3206 testimonia
921 3191 930 3206 ,
949 3173 994 3200 ita
1007 3178 1043 3200 ut
1064 3175 1095 3202 in

222 3229 401 3261 unaquaque
413 3218 580 3259 definitione
589 3217 660 3261 fidei
682 3219 829 3250 decretum
849 3218 958 3250 edituri
981 3218 1093 3260 profer·

220 3278 288 3302 rent
314 3271 441 3301 Patrum
464 3266 624 3306 testimonia
644 3291 653 3306 ,
678 3269 711 3299 <5
731 3277 829 3300 omnes
862 3266 1072 3309 acquiescerent
1085 3294 1091 3300 .

219 3320 354 3353 sanctos
377 3317 486 3350 Patres
507 3318 627 3358 semper
653 3317 746 3350 fuisse
765 3317 967 3360 generalium
990 3319 1090 3361 Syno.

217 3367 492 3412 dorumregulam
505 3389 515 3405 ‚
535 3365 701 3410 insigniter
711 3365 854 3400 ostendit
875 3368 909 3400 in
931 3367 1090 3412 dogmati-

215 3430 252 3452 ca
263 3418 303 3452 ad
317 3421 406 3456 suos,
429 3414 561 3449 unionis
577 3415 729 3455 :uasoria,
750 3418 899 3450 oratione
924 3417 1087 3451 Bessarion

55 3469 171 3516 Capz.
215 3468 430 3510 Metropolim
446 3466 599 3499 Nicaenus
611 3489 618 3495 .
634 3465 803 3506 Ejusmodi
818 3466 955 3509 plutima
970 3466 1086 3502 adduci

302 3517 407 3559 christ.
422 3520 500 3558 Lupi·
512 3519 607 3557 Opera
619 3514 759 3557 Torta-XI.

58 2467 118 2511 Ea
148 2477 202 2514 93-

55 2529 83 2552 C·
114 2529 143 2553 1.

1162 229 1169 300 l

1405 1021 1677 1058 CAPUT
1740 1021 1810 1055 vt

1935 151 2030 204 267

1183 223 1300 268 possint
1320 222 1507 260 authentica
1527 223 1715 260 testimonia
1737 219 1745 258 ζ
1770 223 1946 259 Generales
1963 225 2053 260 enim

1181 273 1307 317 Synodi
1321 299 1331 315 ,
1355 274 1431 308 licet
1443 275 1460 308 a
1473 275 1592 318 Spiritu
1605 277 1713 311 sansto
1723 274 1907 319 dirigantur
1919 298 1930 314 ‚
1952 285 2053 309 novas

1180 334 1285 358 tamen
1299 324 1511 358 revelationes
1522 337 1588 360 non
1600 326 1777 369 accipiunt,
1788 334 1848 357 nec
1860 335 1963 358 novos
1975 324 2053 359 fidei

1179 374 1333 408 articulos
1345 374 1464 416 poffint
1473 376 1623 409 condere:
1642 374 1869 409 Christianum
1881 375 2052 409 dumtaxat

1178 424 1298 469 dogma
1313 448 1323 464 ‚
1349 423 1511 458 Erronum
1527 425 1855 469 lit‘igiisobscuratum
1872 435 1927 458 aut
1939 427 2051 459 arieta-

1178 484 1261 514 rum,
1272 474 1443 507 dumtaxat
1455 473 1619 507 elucidant
1633 486 1669 507 ac
1681 485 1853 517 exponunt
1865 486 1905 507 ex
1918 473 2050 509 authen·

1178 523 1251 557 ticis
1264 523 1455 568 Evangelici
1467 534 1564 567 atque
1578 524 1761 566 Apostolici
1776 524 1919 565 Deposui
1935 526 2051 559 Archi·

1179 573 1226 607 vis
1237 598 1247 614 ,
1258 574 1401 616 quisunt
1413 574 1512 608 saneti
1527 573 1672 606 Ecclefiae
1684 573 1793 607 Patres
1803 597 1810 604 .
1837 574 2051 619 Qaecunque

1178 634 1218 656 ex
1232 623 1305 665 ipsis
1318 635 1384 658 non
1392 623 1587 667 deprompsit
1599 623 1763 665 Synodus,
1773 625 1904 656 erratica
1912 624 1989 665 fuit,
1998 635 2065 659 aul:v

1178 677 1276 706 etiam
1297 672 1496 708 latrocinalis
1516 698 1523 706 .
1559 672 1705 706 Proinde
1727 672 1887 719 generalia
1907 672 2054 708 Ecclefiae

1179 722 1332 757 Concilia
1347 724 1379 757 ὅ(
1393 723 1491 758 sansti
1503 720 1652 757 Ecclesiae
1664 722 1772 756 Patres
1794 723 1867 755 sunt
1878 721 1946 756 duo
1968 724 2055 758 Sera-

1179 772 1284 816 phim,
1306 774 1364 815 qui
1377 774 1464 807 ultro
1475 772 1623 814 citroque
1635 771 1941 806 cantant-honorem
1956 773 2030 807 Deo
2040 797 2053 816 ,

1181 834 1218 856 ac
1230 823 1293 856 sese
1306 824 1447 858 invicem
1459 822 1622 857 inerrabili
1635 822 1836 856 authoritate
1859 822 2054 865 impartiun-

1179 882 1247 906 tur.
1276 873 1319 905 Et
1330 873 1415 907 inter
1426 874 1523 907 hosce
1536 873 1645 907 Patres
1658 874 1730 915 quis
1752 871 1896 915 ambigat
1910 873 1971 905 elie
1984 895 1994 910 ,
2018 873 2052 906 in

1181 922 1312 955 Divinae
1324 923 1495 965 praesertim
1509 923 1618 967 gratiae
1631 934 1668 956 ac
1681 921 1832 956 humanae
1852 921 2055 965 justificatio-

1182 972 1232 1006 nis
1246 971 1408 1015 Mysterio
1418 997 1429 1013 ‚
1441 974 1472 1007 S.
1484 972 1734 1017 Augustinum?
1848 970 1850 973 ’

1205 1073 1360 1115 ,Quaedam
1370 1073 1497 1107 alterius
1513 1071 1696 1115 Accusatoris
1707 1078 1809 1114 capita
1822 1080 2007 1114 exponuntur
2020 1097 2027 1104 .

1285 1122 1476 1157 Iffertationi
1491 1134 1570 1157 meae
1579 1123 1706 1157 acceffit
1718 1123 1750 1156 &
1763 1123 1842 1157 alter
1864 1123 2055 1156 Adversari-

1301 1183 1338 1206 us
1351 1197 1361 1213 ,
1373 1173 1456 1208 adeo
1468 1172 1622 1207 obscurus
1634 1197 1644 1212 ,
1667 1183 1723 1206 aut
1735 1172 1820 1206 certe
1834 1172 1960 1206 subtilis
1981 1197 1990 1212 ‚
2016 1182 2054 1207 ut

1180 1233 1243 1267 ego
1255 1233 1309 1266 per
1316 1224 1428 1266 planas
1441 1224 1599 1257 sacrarum
1610 1223 1774 1256 literarum
1784 1223 1816 1257 δε
1830 1222 2056 1256 Ecclefiasticae

1181 1272 1365 1307 traditionis
1377 1274 1443 1307 vias
1454 1274 1624 1307 dumtaxat
1636 1271 1801 1306 ambulare
1813 1273 1988 1306 consuetus
1998 1294 2008 1309 ‚
2021 1274 2069 1304 in·

1180 1322 1334 1356 sublimes
1343 1322 1425 1356 adeo
1435 1323 1653 1367 cogitationes
1665 1334 1732 1356 non
1745 1323 1862 1364 sperem
1873 1322 2058 1360 ascendere,

1182 1372 1238 1405 nifi
1260 1373 1368 1406 forsan
1412 1373 1579 1416 pacificam
1603 1371 1636 1404 ὅ(
1660 1370 1842 1404 modestam
1865 1369 2058 1413 sapientiam

1182 1421 1322 1457 necdum
1335 1423 1526 1467 complexus
1536 1423 1665 1456 animus
1676 1421 1772 1454 faciat
1783 1421 1817 1454 ὃς
1829 1419 1948 1463 stylum
1960 1421 2069 1463 cespi·-

1182 1483 1251 1515 tare
1263 1497 1270 1505 .
1298 1472 1478 1506 Luminosa
1492 1471 1635 1505 charitas
1648 1495 1659 1510 ,
1670 1471 1718 1504 uti
1732 1482 1799 1504 non
1815 1470 2033 1514 cogitationis
2047 1494 2058 1510 ‚

1182 1523 1227 1557 ita
1239 1521 1339 1570 longe
1352 1522 1460 1562 minus
1471 1520 1614 1559 habenas
1625 1521 1742 1556 calami
1756 1521 1917 1565 permittit
1930 1521 1965 1555 in
1988 1531 2059 1569 pro·

1182 1573 1310 1607 ximum
1320 1572 1420 1607 laxari
1432 1599 1439 1608 .

1282 1625 1457 1666 Exponitur
1467 1634 1503 1657 ac
1512 1623 1685 1666 defenditur
1688 1625 1721 1667 J
1723 1630 1830 1658 oannes
1843 1625 1954 1658 Driedo
1965 1649 1972 1656 .

1275 1673 1345 1707 Nte
1356 1674 1468 1708 omnia
1482 1674 1624 1708 admiror
1636 1675 1652 1708 a
1664 1674 1829 1717 profundo
1842 1673 1907 1708 hoc
1919 1673 2060 1718 Scripto-

1285 1735 1317 1757 re
1331 1724 1492 1766 Ioannem
1508 1725 1711 1758 Driedonem
1723 1722 1807 1758 trahi
1818 1724 1851 1756 in
1863 1725 1895 1764 se
1913 1724 1988 1757 vilis
2002 1724 2060 1758 At-

1181 1774 1324 1806 tritionis
1335 1773 1555 1816 patrocinium
1565 1798 1573 1806 .
1602 1773 1710 1807 Aliter
1722 1775 1754 1807 in
1768 1773 1885 1816 Raptis
1941 1797 1952 1813 ,
1965 1771 2071 1807 aliter

1181 1823 1214 1857 in
1225 1821 1432 1859 Poenitentiae
1442 1825 1650 1858 Sacramento
1664 1835 1723 1858 nos
1745 1824 1822 1858 Deo
1842 1823 2062 1863 reconciliari,

1181 1872 1322 1916 ideoque
1341 1874 1495 1917 majorem
1520 1873 1760 1907 Poenitentibus
1783 1873 1881 1915 quarn
1894 1871 2062 1907 Catechu-

1183 1923 1287 1958 menis
1298 1925 1359 1958 effe
1370 1923 1579 1958 necessariam
1594 1924 1840 1958 Contritionem
1855 1924 1951 1958 docet
1963 1923 2064 1958 Drie·

1180 1972 1224 2006 do
1238 1968 1257 2012 ,¹
1271 1973 1463 2018 &adjungit
1476 1986 1483 2005 :
1500 1971 1586 2014 Hicfi
1593 1975 1710 2006 dixeris
1724 1998 1734 2014 ,
1748 1977 1876 2016 Uterque
1886 1983 1953 2007 tam
1964 1979 1991 2006 is
2012 1979 2060 2008 vi·
2077 1964 2152 2004 F01·
2175 1963 2233 2005 80.

1182 2024 1285 2056 delicet
1294 2047 1304 2063 ,
1323 2030 1374 2066 qui
1386 2023 1563 2064 baptizatur
1575 2047 1586 2063 ‚
1600 2034 1690 2065 quam
1703 2028 1728 2056 is
1739 2026 1794 2065 quc'
1803 2021 1938 2066 relapsus
1960 2035 2058 2058 recon-

1180 2074 1300 2106 ciliatur
1314 2097 1324 2113 ‚
1331 2072 1509 2116 iustificatur
1519 2098 1529 2114 ,
1542 2073 1613 2106 dum
1624 2071 1812 2115 displicentia
1826 2081 1915 2107 totius
1939 2082 2055 2108 veteris

1180 2128 1255 2156 vitae
1266 2124 1362 2163 major
1371 2123 1513 2166 est,quam
1523 2121 1711 2166 displicentia
1722 2123 1860 2166 quaelibet
1870 2125 1909 2158 de
1918 2126 1975 2157 alio
1984 2135 2057 2158 tem·

1175 2174 1275 2214 parali
1287 2175 1396 2206 damno
1406 2181 1459 2205 aut
1478 2173 1653 2205 incommodo
1664 2196 1674 2213 ,
1682 2174 1826 2215 prodiens
1839 2179 1933 2208 etlam
1941 2184 1977 2208 ex
2000 2176 2056 2207 tali

1177 2234 1246 2266 erga
1260 2225 1356 2255 Deum
1369 2223 1520 2255 dilec‘lione
1533 2247 1542 2262 ,
1554 2234 1622 2265 quae
1634 2228 1729 2256 vincit
1742 2234 1857 2257 omnem
1866 2229 1942 2257 vitae
1965 2223 2055 2264 hujus

1177 2283 1304 2305 amorem
1321 2298 1327 2305 .
1351 2277 1424 2305 Non
1435 2274 1559 2306 videtur
1569 2278 1659 2316 igitur
1673 2272 1785 2315 relapso
1795 2281 1848 2315 pro
1856 2272 2054 2316 suijustifica-

1176 2329 1254 2355 tione
1267 2323 1453 2365 necessarium
1463 2345 1472 2361 ,
1497 2333 1589 2365 neque
1600 2322 1803 2356 vehementius
1819 2322 1901 2356 intus
1909 2331 2053 2364 paenitere

1175 2371 1402 2417 &ingemiscere
1417 2396 1427 2412 ,
1439 2383 1529 2414 neque
1534 2372 1616 2414 foris
1624 2371 1724 2415 subire
1734 2379 1879 2416 graviora
1905 2375 2053 2405 Paeniten-

1175 2428 1226 2455 tiae
1238 2431 1326 2463 opera
1339 2447 1348 2462 ,
1359 2433 1422 2455 cum
1430 2421 1557 2463 sufficiat
1568 2421 1717 2464 utrobique
1725 2422 1802 2462 fides
1812 2433 1878 2455 cum
1889 2433 1923 2454 ea
1935 2422 2050 2465 mensu-

1173 2485 1209 2504 ra
1223 2471 1386 2505 dilet‘lionis
1401 2478 1431 2503 in
1444 2475 1550 2511 Deum,
1560 2473 1679 2513 odioque
1688 2472 1721 2504 ln
1729 2480 1892 2512 peccatum,
1903 2483 1970 2514 quae
1982 2479 2048 2506 vin-

1171 2532 1218 2555 cat
1231 2526 1356 2554 omnium
1368 2522 1570 2563 temporalium
1582 2531 1679 2553 rerum
1689 2520 1825 2562 aff'ecqum
1835 2547 1842 2554 .
1870 2520 2046 2564 Respondeo.

1174 2576 1255 2605 Deus
1268 2579 1404 2613 operatur
1410 2576 1545 2613 gratiam
1560 2572 1594 2604 (π
1603 2571 1785 2610 remiffionem
1794 2579 2046 2613 peccatorum,non

1167 2629 1288 2663 propter
1299 2621 1455 2664 quemlibet
1466 2629 1575 2654 motum
1584 2620 1669 2653 liberi
1679 2621 1797 2654 arbitrii
1810 2620 1912 2660 nostri,
1937 2632 1988 2654 aut
2001 2625 2046 2656 di-

1169 2671 1300 2705 lec‘i‘ionis
1311 2695 1321 2711 ,
1332 2678 1383 2703 aut
1393 2676 1538 2704 interioris
1553 2672 1749 2704 Paenitentiae
1762 2696 1771 2711 ‚
1795 2680 1949 2713 tamquam
1962 2674 2045 2704 vide·

1169 2723 1236 2755 licet
1247 2728 1342 2753 motus
1357 2721 1400 2753 illi
1407 2718 1567 2763 secundum
1575 2720 1652 2754 tales
1663 2722 1714 2754 vel
1722 2723 1799 2754 tales
1804 2723 1954 2764 graduum
1966 2733 2045 2754 men·

1163 2771 1254 2814 suras
1275 2780 1444 2805 mereantur
1453 2776 1589 2815 gratiam
1603 2793 1613 2809 ,
1627 2768 1687 2813 sed
1691 2779 1814 2812 propter
1819 2769 1907 2812 suam
1932 2769 2043 2812 miseri-

1166 2823 1298 2854 cordiam
1315 2846 1323 2854 .
1349 2820 1460 2859 Nostra
1471 2826 1550 2855 enlm
1563 2820 1678 2853 dilec‘lio
1692 2844 1701 2859 ,
1714 2831 1772 2861 qua
1783 2821 1932 2863 diligimus
1948 2823 2041 2854 Deum

1165 2878 1256 2905 etiam
1263 2878 1384 2913 propter
1396 2869 1490 2913 ipsum
1506 2895 1516 2911 ,
1526 2867 1935 2912 displicentiaquesecundum
1947 2873 2039 2912 quum

1166 2923 1281 2954 odimus
1291 2924 1447 2963 peccatum
1462 2945 1472 2960 ,
1486 2932 1542 2952 non
1555 2920 1591 2959 est
1604 2919 1905 2962 dignajustificatione
1915 2944 1925 2959 ‚
1945 2931 2038 2962 neque

1164 2976 1436 3013 meritoriaegratiae
1444 2995 1455 3010 ,
1466 2969 1522 3012 sed
1531 2973 1610 3002 Deus
1619 2977 1675 3009 pro
1683 2967 1740 3009 sua
1753 2967 1950 3011 misericordia
1963 2994 1972 3009 ,
1985 2971 2038 3003 ubi

1164 3022 1286 3054 voluerit
1296 3046 1305 3061 ,
1314 3023 1442 3063 largitur
1454 3022 1536 3052 illam
1547 3044 1556 3058 ‚
1568 3030 1657 3060 quam
1666 3017 1818 3061 fi'negaret
1831 3025 1922 3052 etiam
1929 3018 1967 3059 fic
1977 3019 2038 3062 dis-

1161 3069 1270 3113 positis,
1282 3082 1338 3103 non
1341 3070 1427 3111 foret
1437 3067 1588 3107 iniustum.
1598 3072 1633 3099 N
1636 3080 1671 3100 on
1682 3079 1747 3112 ergo
1759 3074 1873 3102 ratione
1884 3079 1964 3102 caret
1971 3068 2038 3112 fi’n-

1163 3121 1380 3154 tentiaillorum
1391 3142 1400 3157 ,
1415 3125 1466 3161 qui
1479 3120 1579 3151 dicunt
1601 3129 1638 3150 ex
1667 3122 1776 3150 Attrito
1786 3118 1847 3160 fieri
1869 3123 2036 3151 Contritum

1164 3175 1251 3204 etiam
1262 3179 1340 3203 motu
1352 3173 1498 3202 interioris
1514 3170 1708 3201 Paenitentiae
1720 3179 1776 3201 non
1796 3169 1918 3202 adauc‘lo
1931 3194 1938 3200 .
1966 3169 2036 3201 Eo·-

1167 3232 1234 3254 rum
1249 3243 1258 3258 ‚
1269 3223 1324 3263 qui
1339 3229 1442 3262 parem
1458 3229 1511 3260 per
1521 3218 1634 3251 omnia
1648 3242 1658 3257 ‚
1683 3217 1750 3252 fine
1771 3219 1889 3262 quovis
1915 3216 2035 3251 interni

1167 3281 1220 3304 aut
1232 3271 1353 3303 externi
1366 3267 1470 3311 operis
1484 3265 1966 3307 additamento,Contritionem
1979 3277 2036 3300 vo-

1167 3321 1238 3354 lunt
1251 3319 1426 3353 poenitenti
1439 3316 1528 3360 aeque
1536 3327 1571 3351 ut
1584 3316 1833 3352 Catechumeno
1855 3317 1892 3350 ad
1915 3315 2036 3358 justifi-

1167 3371 1330 3404 cationem
1349 3367 1509 3406 sufficere,
1528 3368 1721 3402 sententiam
1735 3366 1859 3401 Driedo
1881 3364 2036 3400 adfirmat

1170 3419 1381 3462 probabilem,
1395 3418 1434 3450 de
1445 3417 1548 3450 servili
1563 3418 1747 3451 Attritione
1759 3414 1924 3459 probanda
1937 3428 1976 3450 ne
1988 3417 2038 3450 vel

1170 3468 1349 3505 somniavit.
1364 3467 1412 3502 Ex
1428 3467 1491 3501 Dei
1505 3468 1597 3508 super
1607 3467 1718 3501 omnia
1730 3465 1905 3499 dilestione
1920 3464 2043 3502 forma.

1527 3517 1556 3550 Z
1604 3526 1626 3551 2
1926 3524 1994 3549 tam
