2366 3736
43 1930 203 1980 Fo1484.

45 2182 204 2220 301502.

690 175 772 220 Du
808 173 1121 216 OPINIONE
1159 168 1529 212 PROBABILIJ

231 267 354 304 :rander
372 264 466 308 ejecit
488 259 723 305 Euthymium.
754 257 798 290 Et
824 255 970 289 Nicolao
990 253 1110 288 addissi

221 317 384 363 Episcopi
395 327 432 349 ac
443 315 525 348 alius
539 312 652 347 Clerus
674 307 815 341 eundem
830 330 841 346 ,
866 305 907 338 de
931 303 1050 348 quibus
1075 305 1107 338 in

225 370 302 412 ejus
309 365 434 402 funebri
444 363 554 410 elogio
567 360 766 393 lamentatur
790 355 931 390 Arethas
942 354 1111 396 Metropo-

228 419 289 453 lita
298 414 506 467 9aesaraeenfis
514 433 526 450 ,
551 408 720 443 horrendis
731 406 941 441 contumeliis
953 414 1050 448 atque
1063 405 1110 437 in·

226 468 318 512 iuriis
338 468 530 501 affecerunt.
560 459 672 495 Etiam
712 455 914 499 Euthymius
940 453 1053 488 habuit
1074 456 1107 487 in

224 518 389 561 majoriae
398 510 520 547 minori
533 509 633 543 Ciero
645 509 719 542 suos
731 507 913 542 defensores
922 529 930 537 .
958 504 1052 538 Hinc
1065 505 1111 537 in·

224 578 277 602 tei·
291 561 482 599 hos&ist0s
493 560 556 594 fuit
577 559 747 593 dissociata
767 557 981 595 communio,
1010 555 1044 588 ὅ(
1068 555 1111 588 la-

224 624 330 652 cerata
341 612 498 647 Ecclefia.
525 610 621 656 Quin
636 607 771 642 Nicolai
783 617 852 650 pars
866 605 1010 639 Romani
1024 603 1111 638 Pon-

222 664 341 703 tificis,
367 664 416 698 uti
434 658 684 705 pravaricatoris
698 683 709 699 ‚
735 668 858 701 nomen
882 656 953 689 rasit
974 655 992 688 e
1015 655 1109 687 sacris

222 714 392 753 Tabulis,
417 721 518 755 atque
530 710 575 744 ita
597 708 802 743 Photianum
825 703 963 739 schisma
990 704 1053 738 fuit
1075 704 1109 737 iii

222 764 279 800 via
291 763 333 799 ad
346 762 481 807 plenum
495 760 653 795 reditum.
678 757 724 792 Et
743 767 823 792 tunc
845 757 981 790 forsitan
1003 753 1109 787 Nico-

221 813 294 849 laus
307 812 348 849 ad
359 810 526 847 Armeniae
537 809 723 852 Principem
738 805 857 850 scripfit
880 806 955 839 istas
967 805 1088 838 litteras
1099 827 1110 843 ,

221 865 260 899 in
280 861 398 907 quibus
410 861 569 899 Photium
580 857 720 903 appellat
731 858 822 892 suum
834 854 1106 897 Praestanflffimum

226 912 470 956 Praedecefforem
479 936 487 944 .
688 948 696 960 s
1062 948 1064 956 y

274 963 412 998 Interim
423 960 585 995 Nicolaus
596 968 663 994 erat
674 956 883 1004 vitgermane
893 953 1108 990 orthodoxus.

221 1013 269 1047 Et
289 1012 393 1057 Sergii
417 1010 505 1046 tertii
529 1010 615 1045 Asta
637 1020 676 1044 ae
697 1020 819 1043 nomen
845 1016 981 1041 noverat
1002 1005 1111 1039 foetere

221 1062 312 1106 apud
324 1062 514 1097 Romanam
527 1059 704 1094 Ecclefiam
717 1084 724 1092 .
748 1059 842 1092 Hinc
864 1057 977 1092 omnia
1001 1054 1110 1089 retulit

219 1111 263 1147 ad
289 1111 451 1155 Ioannem
477 1110 665 1150 decimum,
692 1108 884 1152 supplicavit
913 1104 1111 1141 circumduci

220 1160 423 1203 omnia„ac
436 1160 591 1195 Ecclefias
613 1159 724 1199 uniri,
750 1158 908 1192 Pontifici
933 1156 1047 1199 Sergio
1074 1166 1111 1187 ac

220 1211 535 1257 AugustoLeoni,
561 1207 652 1253 quod
672 1209 816 1243 defuncti
842 1208 942 1242 essent
965 1230 976 1245 ,
1001 1207 1035 1239 ὅ(
1057 1204 1110 1237 hic

217 1262 399 1307 iusuperin
410 1261 504 1296 exitu
532 1259 753 1304 poenstuiffec,
781 1257 974 1300 supplicavit
986 1255 1072 1299 parci
1102 1278 1111 1293 ‚

221 1322 323 1355 atque
337 1311 511 1353 adjunxit.-
538 1314 575 1343 In
585 1321 632 1343 cos
643 1307 968 1343 animadvertendum,
992 1301 1110 1344 Beatis-

215 1359 288 1401 fime
303 1363 422 1400 Pater,
449 1364 502 1402 qut·
517 1356 701 1401 supersunt,
726 1362 776 1398 qui
789 1364 832 1388 tot
843 1359 876 1386 in
900 1364 968 1393 me,
994 1350 1107 1393 tantas

221 1419 278 1451 qu
288 1407 392 1442 turbas
403 1405 660 1439 criminationibus
666 1403 751 1445 fallis
763 1408 931 1437 excitarunt
943 1427 950 1434 .
978 1409 1038 1439 Hae
1048 1411 1109 1435 tuae

219 1453 310 1492 crunt
317 1462 425 1498 partes
437 1479 444 1488 .
472 1453 511 1486 Id
518 1455 537 1486 ᾶ
548 1463 577 1488 te
584 1455 718 1496 primum
730 1456 873 1497 Dignitas
899 1462 952 1486 tua
961 1476 972 1493 ,
1000 1455 1106 1485 Roma·

219 1517 329 1549 neque
339 1506 425 1540 sedis
437 1504 523 1538 decus
534 1509 627 1548 exigit
639 1518 650 1539 .·
676 1505 711 1537 id
718 1509 771 1546 qui
781 1514 857 1537 nunc
879 1514 975 1537 rerum
992 1508 1108 1546 potitur

221 1559 389 1599 Imperator
410 1579 421 1595 ‚
463 1554 541 1597 mtffo
552 1556 597 1588 ad
621 1564 651 1588 te
674 1556 789 1587 Palatii
804 1553 967 1598 Magistro,
1003 1551 1109 1596 nosque

221 1617 324 1640 omnes
337 1604 446 1640 obnixe
453 1610 587 1647 petimus
600 1615 689 1647 atque
698 1603 880 1647 obsecramus
892 1628 900 1636 .
926 1602 1107 1639 Orientalis

222 1655 372 1691 Ecclefiae
383 1653 469 1690 hanc
480 1656 673 1690 sententiam
684 1665 723 1688 ac
733 1653 938 1698 disciplinam
958 1653 1042 1687 tanti
1065 1654 1106 1687 fe-

219 1707 269 1745 cit
279 1707 460 1750 Imperator
471 1703 662 1741 Alexander
673 1705 851 1744 secundus,
878 1712 915 1738 ut
942 1704 982 1738 ad
1006 1705 1106 1748 ipsam

220 1754 422 1798 Apostolicae
456 1754 547 1790 Sedis
583 1755 711 1799 judicio
734 1754 929 1789 firmandam
950 1754 1106 1799 legaverit

219 1805 316 1840 suum
351 1804 550 1851 Magistrum
584 1805 783 1840 Officiorum
802 1828 811 1837 .
847 1803 1009 1839 Censebat
1044 1805 1107 1839 effe

219 1855 355 1902 Dogma
378 1855 494 1897 Fidei,
522 1856 628 1903 legem
651 1866 774 1891 naturae
799 1879 807 1887 .
845 1856 939 1889 Hinc
958 1856 1048 1889 enini
1066 1855 1107 1890 de

218 1904 335 1941 Leone
345 1907 499 1950 Sapiente
510 1906 623 1941 scribit
633 1907 703 1941 Leo
725 1906 985 1940 Grammaticus:
1007 1908 1106 1948 'Impe-

218 1964 301 1990 rator
326 1955 446 1990 volebat
458 1955 590 1998 haerefim
611 1958 646 1991 (ν
665 1958 758 2000 legem
766 1965 877 1998 ponere
891 1980 903 1996 ,
928 1968 989 1999 qua
1003 1961 1106 1989 vt'rum

221 2013 284 2039 tres
295 2015 349 2038 aut
359 2015 485 2047 quatuor
497 2018 604 2039 uxores
618 2007 720 2036 ducere
741 2008 841 2034 liceret
853 2027 861 2033 .
888 2006 961 2035 Has
980 2005 1107 2036 Princi-

222 2055 272 2099 pis
282 2054 370 2089 ideas
390 2054 490 2088 etiam
501 2053 536 2086 in
546 2050 682 2085 Nicolai
693 2050 959 2084 locumintrusus
979 2049 1106 2094 Euthy-

221 2104 306 2139 mius
319 2104 384 2138 fuit
393 2101 476 2137 adeo
486 2102 667 2141 aversatus,
694 2109 729 2133 ut
741 2098 782 2132 de
794 2099 864 2141 ipso
877 2097 993 2132 scribat
1002 2099 1104 2132 Geor-

220 2155 296 2198 gius
308 2152 497 2186 Cedrenus:
524 2148 703 2187 Euthymlus
713 2152 792 2180 omni
795 2147 892 2187 studio
905 2149 1068 2189 impedivit
1092 2172 1103 2188 ,

220 2213 257 2237 ne
267 2204 431 2243 Imperator
442 2202 534 2243 legem
550 2222 562 2239 ‚
588 2198 630 2231 ad
643 2199 722 2240 quod
731 2199 822 2230 multi
833 2197 958 2241 Illussres
972 2203 1105 2240 viriope·

219 2263 289 2286 ram
302 2249 358 2294 ipfi
363 2249 523 2283 navabant
536 2271 547 2288 ‚
566 2247 669 2290 ferret
681 2272 692 2288 ‚
717 2259 777 2290 qua
788 2249 885 2281 liceret
898 2253 965 2281 viro
978 2256 1037 2281 tres
1049 2258 1104 2281 aut

221 2309 348 2346 quatuor
357 2310 463 2334 uxores
488 2300 610 2333 ducere.
637 2298 820 2332 Haereticus
841 2298 983 2333 Cedrerii
1002 2298 1104 2333 Inter-

220 2363 294 2396 pres
315 2347 503 2386 Alexander
524 2348 686 2383 Xilandet
707 2347 878 2391 adjunxit:
916 2350 1011 2381 simul
1025 2372 1032 2380 .
1059 2348 1103 2382 Et

220 2401 286 2436 hoc
297 2400 482 2436 haereticutn
495 2399 624 2433 facinus
635 2398 746 2433 nescio
758 2398 813 2441 qui
825 2397 960 2433 Parifini
980 2398 1104 2432 Dosto-

221 2463 272 2487 res
297 2452 333 2486 in
357 2451 464 2496 Regia
487 2449 681 2493 Byzantinae
702 2447 845 2482 historiae
865 2447 1014 2483 editione
1034 2459 1102 2483 non

221 2511 432 2537 correxerunt
455 2523 463 2532 .
489 2499 573 2534 Sunt
594 2498 666 2533 istic
690 2498 781 2542 plura
800 2498 984 2532 istiusmodi
1007 2524 1014 2531 .
1051 2499 1102 2532 Ex

222 2553 287 2586 alia
301 2561 388 2596 parte
400 2550 552 2583 Romana
562 2561 601 2584 ac
609 2549 719 2584 omnis
730 2546 850 2582 Latina
875 2548 1014 2583 Ecclesia
1030 2560 1102 2582 cen·

221 2601 311 2636 sebat
332 2601 391 2635 ista
404 2610 472 2633 non
484 2600 622 2642 spestare
633 2599 674 2634 ad
686 2598 808 2643 dogma
820 2609 875 2632 aut
888 2609 1005 2633 naturae
1014 2599 1064 2642 jus
1091 2613 1102 2633 .-

221 2651 298 2686 Effe
314 2648 665 2693 variamdisciplinam.
692 2648 795 2693 Sergii
815 2647 976 2692 judicium
993 2649 1101 2684 noluit

221 2701 274 2735 vel
286 2700 527 2736 circumducere
536 2724 544 2732 .

270 2751 365 2785 Hinc
385 2751 563 2793 Imperator
585 2748 823 2785 Constantinus
843 2752 973 2785 octavus
984 2761 1021 2784 ac
1044 2750 1100 2784 Ni-

221 2801 334 2837 colaus
345 2799 533 2835 Patriarcha
564 2800 708 2834 Romam
728 2801 838 2835 denuo
851 2802 1000 2845 legarunt
1014 2801 1097 2834 Basi-

221 2853 304 2886 lium
336 2851 459 2885 Proto·
471 2849 677 2894 spatharium
696 2875 707 2891 ‚
747 2862 784 2884 ac
809 2851 909 2885 Aurei
939 2851 1099 2885 Triclinii

221 2903 407 2937 Praefectum
419 2925 431 2941 ,
441 2911 539 2945 atque
550 2900 730 2945 Eulogium
747 2901 975 2943 Presbyterum
988 2925 999 2940 ‚
1024 2912 1100 2935 cum

220 2951 309 2987 hisce
318 2952 451 2986 litteris:
477 2953 562 2994 ‚Quia
574 2951 702 2991 vestram
705 2950 883 2991 fraternam
895 2951 1099 2991 Diledlionem,

221 3004 306 3044 cujus
316 3014 386 3046 erga
396 3013 449 3035 nos
474 3002 564 3043 officia
584 3010 745 3042 temporum
765 3001 986 3043 difficultatibus
1008 3007 1098 3035 inter-

222 3053 306 3095 missa
313 3052 388 3096 sunt
400 3076 411 3092 ,
435 3057 599 3094 expetimus
611 3075 620 3090 ,
646 3053 680 3084 ῶ·
691 3049 856 3094 consuetam
865 3050 1008 3092 *Ecclefiis
1020 3057 1099 3084 unio·

223 3113 289 3135 nem
297 3111 474 3144 exoptamus
484 3126 495 3142 ‚
521 3103 588 3134 ideo
600 3100 657 3133 has
670 3102 715 3133 ad
725 3113 778 3134 vos
790 3103 863 3134 dare
874 3103 992 3134 litteras
1003 3102 1098 3134 decre·

223 3155 322 3186 vimus
334 3177 344 3193 ,
370 3161 403 3185 ut
414 3158 492 3184 omni
516 3148 673 3192 offensionis
696 3157 834 3184 memoria
853 3149 978 3193 depofita
991 3175 1001 3189 ,
1027 3154 1098 3185 san-

222 3200 355 3234 Hitatem
374 3200 502 3241 vestram
519 3212 553 3233 ac
558 3199 697 3242 sinceram
712 3206 872 3234 amicitiam
888 3225 898 3240 ,
924 3210 1016 3243 atque
1035 3213 1096 3235 con-

218 3249 400 3291 junctionem
421 3257 610 3291 animorum,
633 3251 798 3294 palloribus
816 3252 992 3293 populorum
1018 3252 1095 3284 debi-

223 3310 290 3332 tam
299 3322 311 3339 ,
334 3308 556 3340 provocaremus
569 3326 576 3334 .
604 3303 685 3344 ,ραι
696 3311 766 3335 tunc
775 3303 891 3334 demum
902 3302 986 3341 miffls
998 3325 1008 3341 ‚
1029 3301 1096 3335 binc

223 3350 293 3381 inde*
306 3352 428 3392 Legatis
439 3351 571 3394 coalescet
585 3376 596 3392 ‚
621 3352 685 3385 cum
688 3353 862 3391 judicatum
866 3350 966 3392 fuerit
986 3363 1093 3384 concor-

223 3401 303 3432 diter
315 3408 452 3441 quartum
464 3401 632 3434 connubium
643 3427 654 3443 ‚
678 3403 759 3443 quod
766 3402 946 3445 diffenfiones
961 3403 995 3434 Θ
1008 3400 1094 3444 scan-

225 3450 298 3481 dala
309 3454 339 3480 in
352 3447 504 3490 Ecclefiam
517 3455 633 3484 invexit
645 3476 656 3492 ‚
680 3462 736 3483 non
749 3457 793 3485 ret
804 3450 891 3494 ipfius
901 3474 912 3491 ‚
934 3450 1093 3493 sedperso·

218 3497 368 3540 etaecausa
376 3499 545 3540 permiffum
557 3500 625 3543 effe,
648 3498 798 3542 suadente
812 3511 881 3536 tunc
902 3500 1036 3543 occafiono
1054 3503 1093 3536 le-

312 3548 418 3589 christ.
432 3553 508 3594 Lupi
519 3552 615 3592 Opera
628 3552 768 3584 TomXI.

1963 183 1978 213 1
1995 179 2017 225 5

1173 256 1299 285 nitatem
1311 259 1400 292 atque
1410 248 1549 289 offellum
1561 261 1631 293 erga
1658 251 1826 291 Principem
1850 250 2049 293 indulgentio-

1188 313 1233 334 em
1244 326 1255 342 ,
1281 312 1317 334 ne
1327 298 1446 342 repulsa
1458 297 1545 342 ipfius
1556 307 1674 332 animus
1685 299 1808 343 offensm
1824 300 1970 332 deteriora
1993 311 2051 331 mo·

1171 352 1275 383 liretur
1289 375 1296 383 .
1323 352 1369 383 sic
1380 355 1460 383 enim
1471 351 1504 382 ei·
1516 351 1534 381 5
1537 349 1691 383 anHi'tatis
1704 360 1763 383 tuae
1786 361 1889 382 nomen
1908 361 1945 382 ex
1965 347 2050 391 sacro

1172 400 1504 442 Constantinopolitanae
1540 397 1670 438 Ecclesia
1708 400 1779 434 Albo
1794 422 1804 439 ‚
1841 409 1875 432 ut
1898 411 1959 432 mos
1981 401 2051 433 olim

1171 461 1238 484 erat
1248 476 1258 491 ‚
1284 462 1339 483 uno
1349 461 1414 484 cum
1425 449 1515 488 nostro
1527 447 1628 491 rurfics
1641 449 1832 483 celebrabitur
1844 474 1860 489 ,.
1882 451 1915 483 (a
1939 460 1991 482 nos
2013 460 2052 482 ex

1171 506 1250 534 omni
1258 509 1350 542 parte
1358 501 1470 544 gaudt'o
1481 499 1583 540 repleti
1595 522 1606 538 ,
1624 499 1818 538 jucunditate
1827 505 1908 541 pacis
1914 498 2054 541 perfrue-

1171 562 1257 584 mur.
1286 551 1460 595 Rogarunt
1482 548 1501 582 a
1522 548 1676 582 Romana
1700 548 1839 582 Ecclesia
1862 550 1994 584 admitti
2015 559 2055 583 ao

1171 601 1323 635 declarari
1338 624 1349 640 ,
1376 599 1467 644 quod
1479 598 1582 642 Sergii
1593 597 1712 631 ficium
1727 609 1794 631 non
1808 609 1879 631 vera
1893 600 1938 632 ob
1960 599 2055 642 ipsius

1172 650 1378 693 reijustitiam
1392 650 1609 693 dispensatio,
1636 647 1689 681 sed
1710 647 1755 681 ob
1774 647 1930 692 Augustae
1950 651 2057 690 perso-

1173 713 1221 735 na:
1234 710 1357 735 metum
1370 701 1475 734 fuisi'et
1497 709 1583 732 mera
1605 698 1765 741 permissio
1779 723 1789 738 ‚
1815 697 2032 731 conniventia
2045 722 2056 738 ,

1172 761 1271 795 atque
1290 750 1502 784 dissimulatio
1515 773 1523 781 .
1552 748 1603 782 Sic
1626 748 1792 791 utriusque
1815 747 1963 781 Ecclesiae
1985 749 2058 781 sen-

1173 803 1244 835 sum
1276 800 1349 841 *fore
1386 801 1509 835 salvum
1521 821 1532 838 ‚
1558 798 1678 833 salvam
1717 797 1990 832 communionem
2025 798 2058 835 &

1172 862 1283 895 pacem
1294 874 1303 884 .

1223 901 1265 935 Et
1277 901 1487 937 conditiones
1501 902 1690 945 placuerunt
1702 899 1861 939 Romanae
1875 898 2021 934 Ecclesiae
2048 924 2059 932 .

1173 952 1267 985 Hinc
1278 951 1420 994 Joannes
1440 951 1597 986 Pontifex
1619 949 1950 993 Constantinopolim
1975 950 2062 994 lega·

1177 1003 1224 1035 vit
1235 1001 1526 1046 Theophylat‘lum
1548 1013 1645 1045 atque
1657 1002 1779 1037 Carum
1796 1000 1999 1043 Episcopos,
2025 998 2062 1032 δι’.

1172 1050 1212 1085 de
1237 1053 1378 1095 ipsorum
1403 1053 1491 1087 Actis
1503 1050 1692 1086 patriarcha
1713 1051 1875 1085 Nicolaus
1888 1050 2007 1093 scripsit
2018 1048 2061 1083 ad

1172 1102 1360 1137 Simeonem
1384 1103 1511 1147 Regem
1535 1103 1772 1147 Bulgarorum:
1799 1103 1942 1134 Romanae
1968 1103 2061 1143 Lega-v

1174 1157 1264 1185 tionis
1278 1154 1415 1186 adventu
1432 1152 1588 1196 scandalis
1598 1175 1609 1191 ,
1634 1164 1701 1195 quae
1709 1151 1742 1184 ob
1754 1157 1965 1195 tetragamiam
1976 1150 2064 1192 apud

1174 1213 1224 1234 nos
1235 1208 1333 1234 omnia
1344 1202 1543 1236 turbaverant
1555 1225 1565 1240 ‚
1591 1201 1739 1243 impositus
1758 1201 1794 1240 est
1802 1201 1830 1243 fi
1831 1201 1879 1234 nis
1891 1225 1902 1240 ,
1910 1210 1976 1241 pax
1993 1201 2063 1239 Cle-

1172 1262 1203 1283 ro
1214 1252 1333 1283 reddita
1345 1276 1355 1291 ‚
1376 1250 1458 1293 sacri
1468 1261 1554 1284 coetus
1566 1257 1645 1284 mira
1658 1257 1824 1283 animorum
1849 1249 2062 1291 conspiratione

1172 1299 1268 1333 babiti
1280 1324 1291 1339 ,
1318 1302 1352 1334 (9⁶
1363 1309 1395 1332 ut
1410 1299 1500 1334 verbo
1508 1301 1606 1331 dicam
1617 1323 1627 1337 ‚
1655 1303 1792 1331 Romana
1807 1299 1840 1331 (5
1853 1297 2065 1338 Constantin07

1168 1351 1305 1392 politana
1314 1348 1440 1390 Ecclefia
1451 1355 1484 1382 in
1497 1360 1588 1383 unam
1600 1349 1790 1390 eamdemque
1803 1347 1911 1381 coalita
1921 1347 1959 1386 est
1969 1347 2065 1389 fidem

1174 1402 1208 1433 ὀ*
1222 1399 1426 1442 consensionem
1438 1424 1449 1440 ,
1475 1409 1506 1434 ut
1519 1398 1598 1432 nibil
1606 1399 1733 1440 amplius
1745 1407 1828 1431 vetet
1841 1421 1852 1436 ,
1878 1400 1936 1440 quo
1959 1399 2061 1432 minus

1172 1461 1226 1482 nos
1244 1451 1417 1492 optattffima
1430 1450 1545 1483 illorum
1556 1455 1751 1482 communione
1772 1449 1805 1481 (τ’
1824 1446 2061 1490 [αηέῖιῇεατιοιιε

1173 1562 1272 1585 unam
1285 1551 1383 1584 fldem
1398 1575 1405 1583 .
1434 1550 1525 1598 Qia
1536 1549 1651 1593 nempe
1667 1560 1802 1592 utraque
1826 1549 1968 1582 Ecclesia
1989 1560 2062 1592 pro-

1173 1600 1261 1635 bavit
1283 1602 1449 1644 utriusque
1480 1601 1672 1634 sententiam
1698 1612 1706 1632 :
1755 1608 1891 1644 utraque
1917 1599 2062 1642 permisit

1172 1652 1386 1695 utramquein
1401 1653 1458 1685 suo
1474 1651 1567 1684 sensu
1579 1649 1761 1684 abundare.
1794 1649 1946 1694 Utraque
1968 1650 2062 1685 senfit

1172 1703 1337 1744 utriusque
1349 1700 1543 1736 sententiani
1554 1702 1616 1735 esse
1645 1699 1724 1735 boni
1749 1700 1880 1739 meriti,
1911 1699 2062 1743 probabi-

1170 1750 1233 1786 lem
1246 1776 1256 1791 ,
1281 1764 1319 1786 ac
1329 1763 1431 1786 tutam
1444 1777 1451 1784 .
1481 1750 1632 1786 Unionis
1645 1751 1803 1794 Diploma
1816 1751 1919 1784 exstat
1932 1750 1966 1784 in
1989 1750 2061 1793 Jure

1156 1803 1315 1844 ‘Graeco-
1328 1803 1503 1836 Romano.
1531 1801 1574 1836 Et
1591 1801 1742 1835 adversus
1765 1802 1871 1844 ipsum
1883 1799 2018 1845 quidam
2043 1824 2058 1841 ,

1170 1853 1327 1887 Latinam
1340 1852 1549 1896 disciplinam
1571 1852 1708 1894 probare
1729 1852 1900 1891 nolentes,
1929 1851 2058 1885 dudum

1156 1903 1411 1938 'recalcitrarunt
1425 1927 1432 1935 .
1460 1903 1518 1938 Lis
1529 1903 1660 1936 duravit
1673 1913 1726 1946 per
1740 1901 1922 1946 nonaginta
1934 1912 2059 1942 annos.¹

1168 1952 1324 1987 Tandem
1348 1951 1444 1997 plene
1464 1952 1646 1996 composita
1672 1963 1726 1995 per
1753 1951 1931 1986 Sisinnium
1945 1953 2058 1986 secun·

1167 2002 1246 2035 dum
1262 2028 1269 2034 .
1290 2003 1383 2038 Hinc
1394 2002 1553 2037 Photiani
1565 2002 1745 2046 schismatis
1767 2003 1970 2036 resuscitator
1991 2002 2061 2036 Mi-

1169 2048 1260 2082 chael
1275 2050 1463 2084 Cerularius
1474 2052 1597 2083 nullam
1609 2052 1704 2093 ipsius
1715 2053 1798 2084 fecit.
1812 2053 2020 2085 mentionem
2046 2075 2058 2085 .

1167 2099 1306 2131 Latinos
1318 2100 1504 2140 non-arguit
1515 2098 1555 2130 de
1565 2099 1688 2140 quartis
1712 2100 1836 2143 nuptiis
1853 2125 1860 2132 .
1894 2101 2006 2134 Prima
2019 2103 2056 2136 in

1167 2157 1230 2180 nos
1249 2146 1414 2180 calumnia
1433 2146 1581 2188 apparuit
1603 2146 1638 2179 in
1664 2147 1871 2182 schismatico
1892 2147 2055 2184 Trad'catu

1167 2207 1294 2239 reperto
1330 2197 1414 2239 apud
1438 2196 1506 2229 PP.
1545 2195 1797 2230 Praedicatorurn
1836 2197 2052 2234 Conventum

1166 2246 1579 2290 Constantinopolitanum
1604 2271 1611 2278 .
1657 2247 1819 2281 Laudatas
1854 2247 2059 2284 Patriarchae.

1166 2296 1300 2331 Nicolai
1321 2295 1441 2331 litteras
1461 2296 1502 2331 ab
1516 2296 1653 2340 Aloysio
1674 2298 1811 2332 Lollino
1825 2321 1836 2337 ‚
1863 2297 2051 2333 Bellunenli

1167 2348 1330 2390 Episcopo
1352 2371 1363 2388 ,
1398 2349 1522 2390 accepit
1545 2347 1713 2382 Dominus
1736 2348 1924 2383 Cardinalis
1947 2350 2051 2383 Caesar

1165 2397 1347 2439 Batonius,
1373 2397 1407 2431 δε
1430 2397 1578 2442 vulgavit
1595 2398 1629 2431 iii
1655 2399 1833 2442 appendice
1853 2399 1893 2433 ad
1918 2399 2050 2435 undeci-

1164 2458 1254 2482 mum
1267 2448 1533 2482 tomumsuorum
1546 2447 1746 2483 Annalium.
2035 2438 2052 2453 ‘¹'

1217 2498 1260 2532 Et
1272 2497 1361 2532 hunc
1372 2498 1465 2533 fuisse
1477 2509 1668 2542 perpetuum
1681 2499 1806 2534 Latinae
1819 2499 1967 2535 Ecclesiae
1980 2501 2047 2535 sen·

1166 2550 1233 2583 sum
1244 2574 1254 2589 ,
1281 2549 1386 2592 palam
1402 2549 1571 2592 profitetur
1585 2548 1617 2581 in
1633 2547 1716 2583 libro
1729 2548 1769 2584 de
1782 2549 1880 2585 Bono
1903 2551 2047 2585 viduita-

1164 2600 1205 2633 tis
1226 2601 1349 2632 sanstus
1373 2599 1577 2643 Augustinus
1591 2623 1598 2630 .
1628 2599 1748 2644 Ample
1768 2599 1969 2635 demonstrat
1993 2602 2048 2635 se-

1152 2647 1285 2684 -cundas
1296 2648 1423 2692 nuptias
1437 2659 1502 2683 non
1516 2648 1663 2682 damnari
1674 2649 1715 2683 ab
1730 2650 1911 2697 Evangelio
1925 2676 1935 2691 ‚
1946 2661 2046 2695 atque

1164 2698 1364 2743 prosequitur
1375 2712 1385 2731 :
1413 2702 1459 2732 De
1470 2704 1569 2732 tertiis
1581 2723 1592 2739 ‚
1620 2701 1654 2733 &³
1666 2700 1701 2732 de
1711 2707 1831 2742 quartis
1845 2725 1855 2741 ,
1868 2703 1902 2735 Θ
1913 2702 1951 2734 de
1960 2701 2045 2735 ultra?

1161 2750 1297 2791 pluribus
1310 2753 1422 2790 nuptiis
1429 2747 1523 2791 solent
1535 2748 1663 2782 homines
1688 2761 1805 2784 movere
1824 2749 2007 2793 quaestionem
2035 2777 2044 2785 .

1166 2801 1269 2840 Unde,
1293 2808 1325 2831 ut
1347 2798 1479 2832 breviter
1500 2799 1694 2842 respondeam
1714 2825 1726 2842 ‚
1752 2811 1802 2834 nec
1821 2801 1899 2834 ullas
1916 2807 2042 2843 nuptias·

1161 2851 1253 2883 audeo
1264 2851 1430 2889 damnare,
1458 2859 1507 2882 nec
1526 2857 1571 2882 eis
1596 2852 1806 2884 verecundiam
1828 2850 2041 2892 numerofitatis

1162 2899 1280 2941 auferre
1296 2924 1303 2931 .
1329 2900 1388 2932 Sed
1399 2910 1435 2932 ne
1444 2907 1581 2941 cuiquam
1594 2899 1728 2933 brevitas
1739 2900 1828 2942 hujus
1851 2899 2042 2943 responsionis

1161 2948 1322 2991 meae'fhrte?
1332 2947 1486 2992 displiceat
1497 2974 1507 2989 ‚
1536 2950 1655 2982 uberius
1668 2949 1873 2993 disputantem
1883 2951 2039 2994 repreben-

1155 2998 1249 3043 sorem
1261 3011 1358 3032 meum
1368 3000 1469 3032 audire
1475 3008 1604 3041 paratus
1615 2998 1640 3042 s
1634 3011 1683 3033 um
1690 3026 1697 3033 .
1728 3002 1866 3042 Fortaffis
1876 3008 1955 3035 enim
1967 3002 2039 3043 affe-

1161 3060 1207 3084 ret
1229 3051 1362 3092 aliquam
1386 3055 1530 3083 rationem
1545 3074 1556 3089 ‚
1582 3061 1673 3092 quare
1686 3048 1821 3093 secundae
1843 3057 1957 3095 nuptiae
1977 3064 2037 3086 non

1161 3102 1338 3133 damnentur
1350 3124 1361 3141 ,
1387 3105 1488 3133 tertiae
1498 3101 1680 3134 damnentur
1691 3125 1699 3133 .
1726 3105 1813 3135 Nam
1826 3104 1859 3136 <a
1870 3114 1920 3146 ego
1932 3126 1943 3142 ‚
1962 3101 2036 3143 ficut

1158 3156 1190 3183 tn
1203 3151 1326 3183 exordio
1335 3149 1478 3192 sermonis
1488 3149 1579 3194 hujus
1590 3151 1728 3185 admonui
1739 3177 1748 3192 ,
1778 3165 1836 3185 non
1860 3154 1954 3186 audeo
1962 3154 2035 3194 plus

1152 3198 1279 3243 sapere,
1305 3202 1395 3242 quam
1407 3208 1518 3241 oportet
1525 3199 1651 3242 sapere.
1673 3204 1754 3244 ,Quis
1773 3210 1851 3235 enim
1857 3202 1922 3244 sum
1933 3226 1944 3242 ,
1981 3207 2034 3243 qut

1156 3258 1258 3292 putem
1270 3250 1472 3292 definiendum
1482 3274 1492 3289 ‚
1519 3253 1600 3292 quod
1611 3262 1661 3284 nec
1672 3251 1831 3293 Apostolum
1851 3253 1936 3285 video
1958 3253 2033 3293 defi-

1158 3300 1262 3343 niviffe
1274 3300 1291 3328 -ἶ
1318 3300 1598 3335 AdducitLatinae
1611 3302 1776 3336 sententiae
1798 3301 2008 3336 fundamenta
2019 3325 2031 3341 ,

1158 3351 1192 3385 &
1204 3350 1372 3384 concludit
1386 3361 1393 3381 :
1422 3352 1613 3392 ,Quapropter
1624 3362 1673 3384 nec
1685 3363 1790 3387 contra
1801 3352 1937 3384 bumanae
1950 3362 2030 3384 vere·

1156 3401 1269 3434 cundiae
1276 3398 1393 3442 fhnfiim
1409 3401 1501 3433 audeo
1519 3402 1615 3434 dicere
1626 3424 1635 3440 ‚
1661 3412 1693 3434 ut
1706 3408 1816 3444 quoties
1829 3403 1970 3440 voluerit,
1982 3406 2030 3433 vi-

1155 3455 1197 3483 ris
1212 3456 1334 3483 mortuis
1349 3473 1359 3488 ,
1386 3449 1477 3482 nubat
1481 3449 1612 3491 foemina
1626 3477 1634 3490 ,
1647 3463 1696 3485 nec
1709 3464 1747 3486 ex
1756 3463 1815 3484 meo
1825 3451 1908 3484 corde
1912 3458 2026 3491 praeter

1157 3503 1316 3543 Scriptum
1323 3497 1438 3543 sanllae
1458 3499 1665 3534 authoritatem
1683 3499 1882 3544 quantaslibet
1902 3506 2026 3539 nuptias

1568 3549 1595 3582 B
1647 3562 1667 3587 2
1902 3549 1995 3584 audeo

1167 1499 1379 1543 perfruamur.
1408 1501 1489 1534 Non
1512 1500 1547 1533 in
1568 1510 1669 1533 unam
1691 1499 1896 1542 disciplinam
1911 1523 1922 1539 ‚
1948 1497 2003 1533 sed
2024 1500 2061 1535 in
2126 1478 2140 1484 β
2227 1524 2241 1540 ⁷,

2057 2775 2139 2824 Cap.
2160 2784 2216 2821 12,'
