2366 3736
43 743 124 788 cap,
147 742 197 787 16.-

650 141 1299 192 ADl-IENRJCUM
1366 139 1682 189 NoR1s0

217 229 338 280 quibus
362 223 592 270 Apostolicum
625 222 881 263 Christianitatis
909 222 1034 267 dogma
1064 223 1099 262 ὅς

220 282 344 320 avitam
356 275 609 320 disciplinam'ex
619 273 816 315 authenticis
829 273 1021 317 Evangelici
1034 273 1100 307 De-

219 329 314 375 pofiti
336 327 477 362 archivis
499 325 728 371 producimus,
752 324 786 363 ,δε
806 322 976 357 adversum·
997 334 1100 363 novos

219 379 443 423 inquietorum
463 376 672 421 ingeniorum
696 374 837 415 pruritus
858 372 1064 413 defendimus
1088 397 1100 419 ,

218 430 279 465 sub
298 438 391 464 tanto
405 426 567 462 pontifice
578 436 615 458 ac
627 433 721 457 tanto
731 424 809 458 sacri
823 422 967 467 Collegii
981 423 1101 456 Prima-

218 491 252 515 te
277 479 446 519 damnari,
471 485 527 510 aut
549 474 590 515 de
613 473 826 514 damnatione
844 473 1017 526 periclitari
1038 483 1101 514 me·

217 540 362 565 tuamus.

269 582 313 614 Et
335 578 403 615 haec
423 573 631 617 quorundam
657 574 845 618 desperatio*
861 573 981 622 peperit
1005 573 1101 612 nobis

218 627 434 674 spectaculum
446 649 458 666 ,
486 625 582 666 quale
595 624 630 658 in
645 624 890 669 Carthaginensi
900 623 1101 667 amphithea-

217 691 269 714 tro
289 679 395 714 visum
417 675 435 708 a
450 677 480 708 se
491 677 624 715 testatur
636 675 668 707 in
682 674 768 709 libro
781 675 991 721 apologetico
1002 674 1102 717 Sepri-

218 730 302 769 mius
321 725 571 760 Tertullianus:
602 729 697 757 Nova
710 727 781 766 jam
804 728 860 757 Det
880 725 965 766 nostri
987 731 1020 756 tn
1047 723 1101 763 ista

216 785 341 821 eivitate
363 778 454 817 editio
458 775 611 817 publicata
623 773 661 814 est
670 798 681 814 ,
707 784 747 807 ex
758 787 812 815 quo
821 772 1101 816 quidam-frustran-

217 831 265 869 dis
282 827 377 867 bestiis
399 830 591 859 munerarius
603 829 707 857 noxius
716 824 865 865 pilluram
872 823 1024 867 proposuit
1036 834 1101 856 cum

216 877 361 922 ejusmodi
389 875 596 919 inftrtpctone,
618 874 760 914 DEUS
785 873 1102 910 CHRisTIANo-

216 928 337 964 RUM
363 923 713 966 ONOCHOETES.
743 927 774 955 Is
793 933 862 963 erat
882 924 1002 957 auribus
1016 922 1103 964 afini-

216 986 267 1012 ms
275 1003 292 1019 ,Δ
302 979 406 1019 'altero
418 977 500 1018 pede
511 973 671 1018 angulatas
681 997 693 1012 ‚
719 973 829 1013 librum
844 974 966 1017 gestans
980 998 991 1014 ‚
1017 975 1051 1007 ό·
1062 982 1102 1006 to-

209 1039 302 1072 gatus
324 1024 483 1068 ..Rlſjmus
501 1025 536 1058 (9·
558 1035 662 1059 nomen
687 1023 870 1065 &firmam
895 1049 902 1056 .
937 1025 1024 1072 Qis
1050 1023 1102 1061 vel

210 1072 320 1122 {qualis
329 1101 340 1117 ‚
360 1074 450 1118 quod
459 1074 525 1115 fine
536 1073 707 1118 statutis-13¹:
719 1073 918 1118 imaginibus
930 1077 1102 1114 coleretur,

210 1129 295 1167 esset
316 1124 581 1167 Christianorum
592 1125 706 1168 Deus,⁴
732 1120 908 1168 ignorabat
927 1147 938 1169 ,
966 1099 1120 1167 ideoque¹

211 1178 247 1215 ὅ(
270 1176 386 1222 viyum
406 1175 442 1217 §c
454 1186 565 1215 verum
578 1185 647 1213 non
658 1172 809 1212 arbitrata
821 1199 833 1215 ,
857 1175 1025 1219 spernebat
1034 1185 1103 1208 coe-

213 1239 252 1265 ca
263 1226 442 1266 Gentilitas
452 1248 460 1257 .
490 1224 584 1258 Hinc
602 1225 635 1258 in
650 1232 755 1258 tantas
769 1225 983 1269 blasphemias
994 1236 1101 1269 proru-

213 1278 283 1320 pit.
310 1275 449 1315 Pessima
467 1272 668 1318 blasphemia
687 1274 732 1313 est
755 1275 965 1318 postmodum
978 1287 1034 1319 per
1044 1274 1102 1308 hae-

211 1328 334 1374 reticos
354 1325 372 1366 a
385 1325 535 1364 Domino
548 1325 624 1360 Deo
636 1324 672 1361 in
683 1324 750 1367 ejus
765 1325 1002 1371 Evangelicum
1024 1323 1103 1367 dog-

214 1388 293 1418 ma,
319 1377 467 1419 fidosque
487 1375 556 1421 ejus
580 1373 765 1420 defensores
786 1377 927 1413 traduth
943 1400 951 1408 .
977 1374 1104 1408 Nonne

184 1447 191 1456 ι
214 1427 306 1463 enim
326 1425 584 1470 >Pelagianorum
608 1423 748 1458 Goliath
775 1424 924 1466 Julianus
944 1419 1103 1459 orthodo-

214 1488 297 1515 xum
321 1475 468 1511 Ecclefiae
491 1473 532 1508 de
555 1473 694 1516 originis
713 1482 850 1516 peceato
871 1475 997 1520 dogma
1018 1474 1103 1518 pessi-

213 1528 279 1560 mis
295 1527 349 1564 ,de¹
359 1522 522 1559 damnatis
531 1522 670 1566 nuptiiS,
700 1523 741 1557 de
753 1522 881 1559 redueta
891 1524 1032 1568 duplicis
1046 1525 1104 1558 Di-

214 1575 363 1610 vinitatis
396 1573 505 1609 fabula
525 1598 536 1614 ,
562 1572 603 1607 de
625 1573 701 1606 Deo
722 1570 859 1609 authore
880 1576 1005 1622 peccati
1025 1599 1038 1615 ‚
1063 1575 1104 1610 de

213 1628 323 1662 everso
341 1625 445 1660 libero
466 1623 624 1665 arbitrio,
652 1623 693 1657 de
715 1623 1028 1666 carnaliauimarnm
1043 1635 1104 1659 tra-

126 1681 153 1697 J'·
171 1680 175 1684 ‘
212 1677 299 1711 duce
317 1701 329 1717 ,
355 1674 566 1725 pluribusque
584 1672 747 1716 ejusmodi
769 1673 946 1711 calumniis
966 1675 1104 1716 eircum-

212 1727 340 1770 voivit',
364 1736 463 1770 atque
484 1724 530 1762 ita
553 1722 688 1766 projecit
710 1723 744 1758 iu
757 1723 896 1771 vulgus,
921 1722 1068 1759 clamans
1092 1737 1099 1756 :

211 1779 290 1813 Ecce
313 1772 421 1820 dogma
433 1777 632 1814 Romanorum
648 1774 655 1811 ξ
684 1772 810 1807 Nonne
820 1774 886 1816 ejus
898 1774 1104 1809 defensorem

212 1823 247 1860 δᾴ
261 1823 488 1870 Augustinum
507 1823 631 1866 ubique
645 1821 832 1855 buccinavit
844 1824 910 1856 esse
922 1823 1105 1859 Traducia-

211 1887 317 1916 num,
344 1871 566 1914 Manichaeum
581 1895 592 1915 ‚
621 1871 860 1909 Venustianum
880 1874 892 1911 Ξ
919 1874 1104 1908 Calumniae

214 1926 366 1968 spiritum
376 1951 378 1954 .
388 1923 515 1961 cunetis
527 1925 651 1964 semper
661 1921 795 1955 infuisse
807 1921 981 1963 haereticis,
1007 1923 1104 1967 poffit

209 1974 324 2010 lucide
335 1972 463 2012 ostendi
478 1997 486 2005 .
513 1970 618 2018 Qod
632 1971 785 2014 superbus
797 1972 830 2013 (Sc
849 1983 1030 2008 contumax
1043 1974 1104 2008 ha:-

212 2026 389 2063 sericorum
400 2021 529 2066 spiritus
543 2021 662 2063 semper
677 2022 852 2057 Ecclesiam
864 2025 990 2057 accuset
1002 2049 1012 2064 ‚
1040 2025 1103 2057 ali·-

211 2074 291 2113 cubi
311 2073 395 2108 recte
418 2071 540 2115 scripsit
563 2071 737 2105 Facundus
752 2071 928 2114 Episcopus
952 2073 1102 2107 Hermia--

211 2125 337 2163 nensis,
365 2123 459 2169 Qiin
481 2122 646 2164 peffimam
665 2121 805 2155 scabiem
827 2123 1103 2157 affiicuerunthae·

211 2175 306 2210 retici
330 2174 429 2207 etiam
443 2172 647 2209 Catholicis,
673 2173 715 2204 de
736 2172 895 2213 quibusin
911 2174 1103 2207 Praefatione

209 2225 255 2259 ad
274 2223 473 2266 objectiones
486 2221 724 2256 Vincentianas
738 2222 862 2257 santius
874 2222 1011 2266 Prosper
1027 2224 1102 2266 Epi-

210 2276 329 2317 scopus
343 2272 505 2313 Rejenfis:
535 2271 673 2314 ,Quidam
693 2269 876 2309 Christianae
898 2285 932 2305 ac
950 2273 1102 2316 fraterna

206 2324 371 2361 charitatis
389 2322 492 2359 obliti,
521 2325 552 2351 in
574 2330 696 2353 tantum
720 2320 965 2359 exissimattonem
976 2323 1102 2362 nostram

212 2385 325 2416 quoquo
344 2372 427 2403 modo
449 2370 569 2407 student
594 2372 703 2403 laesssre
719 2395 729 2409 ,
755 2384 786 2403 nt
804 2371 891 2418 suam
909 2372 941 2415 se
968 2383 1101 2407 evertere

214 2425 338 2457 nocendi
358 2422 524 2463 cupiditate
548 2433 604 2453 no:-
630 2421 777 2452 adeam.
808 2427 980 2456 Contra-unt
1001 2430 1099 2463 enim,

212 2476 250 2506 &-
272 2473 408 2515 qualibus
419 2471 495 2511 passu
504 2469 692 2512 *msam-:sitm
711 2472 959 2511 comprehendunt
974 2473 1094 2516 ineptis-

209 2523 353 2565 fimarum
374 2523 562 2562 quarundam
587 2519 834 2562 blaj]'s‘i»rzi'arurn
843 2522 1012 2566 prodigiosa
1022 2536 1099 2556 men·

216 2575 304 2605 dacia
317 2597 325 2611 ,
352 2582 444 2612 eaque
466 2572 569 2607 ostend»
584 2571 641 2600 r*sla
665 2572 697 2602 (¹9¹
714 2574 876 2613 ingerenda
889 2575 992 2605 multis
1002 2575 1098 2615 publi-

214 2626 246 2656 ce?
264 2627 469 2664 privatimque
484 2620 696 2660 circumferunt
708 2644 716 2658 ,
744 2620 900 2661 afferentes
915 2623 1036 2655 taliam
1049 2635 1097 2655 no-

208 2672 268 2712 stro
288 2673 337 2713 effe
352 2670 441 2713 sensu
454 2695 463 2708 ,
490 2672 595 2709 qualia
619 2668 761 2700 diabolico
782 2678 968 2706 continentur
984 2677 1093 2706 indicu-

213 2725 256 2762 lo,
287 2734 354 2764 quae
365 2721 451 2762 falic)
475 2726 506 2750 ia
531 2731 581 2750 nos
602 2720 645 2751 ad
669 2722 861 2752 excitandam
882 2723 1097 2763 invidiamja·

215 2773 318 2814 Httartj
330 2797 339 2811 ‚
354 2770 448 2813 facile
468 2771 500 2801 ⁶&
516 2767 910 2812 sufficientersubscripnone
922 2778 1094 2815 um'uspro-

214 2823 349 2856 baremus
370 2820 594 2859 anathematis,
623 2826 674 2852 nit
695 2821 870 2863 malignitas
893 2834 1012 2863 eorum,
1043 2829 1094 2865 qui

209 2871 243 2915 se
259 2878 390 2916 gravari
412 2879 525 2911 putant
548 2893 558 2909 ‚
591 2867 620 2909 fi
648 2870 686 2901 de
709 2872 791 2902 nobis
814 2871 886 2905 bene
904 2871 1055 2914 sentiatur
1084 2899 1094 2914 ,

212 2921 311 2964 ipsam
322 2920 547 2964 subfiriptt‘onis
571 2918 674 2958 nostrae
686 2919 864 2957 brevitatem
875 2921 1042 2964 fiispec‘lam
1054 2922 1094 2965 es·

210 2971 256 3014 set
279 2972 439 3004 habitura.
471 2970 568 3012 lmpii
592 2970 625 3002 in
651 2969 787 3003 circuitu
806 2971 997 3006 ambulant:
1025 2973 1094 3006 Im-

214 3023 342 3064 piorum
367 3020 535 3064 praesertim
557 3030 653 3062 caput
673 3018 846 3061 diabolus,
874 3025 1024 3056 miserum
1037 3022 1094 3055 hu-

213 3082 348 3104 manum
369 3083 472 3115 genus
492 3080 632 3107 conatus,
651 3071 774 3113 semper
794 3072 1037 3107 circumducere
1058 3075 1092 3106 in
1113 3077 1116 3080 ’

213 3123 343 3155 eosdem
362 3133 465 3165 gyros
481 3120 595 3154 erroris
612 3131 666 3153 aut
679 3122 769 3154 malae
783 3122 961 3156 voluntatis
974 3148 981 3155 .

265 3172 375 3204 Meam
398 3171 505 3204 nescio
527 3172 601 3214 quis
622 3171 664 3204 de
682 3170 869 3210 Christiana
881 3171 1097 3207 contritione
1153 3170 1225 3214 sblet
1248 3197 1259 3213 ,
1285 3184 1317 3205 ut
1341 3180 1367 3206 tr
1383 3198 1393 3213 ,
1418 3180 1470 3214 qui
1496 3179 1528 3205 in
1548 3181 1711 3208 certamine
1730 3178 1879 3209 vexillum
1896 3186 1999 3218 portat
2025 3201 2035 3216 ,

213 3211 538 3258 Differtatiunculam
569 3221 680 3258 multis
715 3222 970 3257 circumvestivit
989 3222 1092 3261 foedo-

211 3282 282 3307 rum
306 3281 450 3307 errorum
469 3270 502 3303 ὅ(
525 3270 760 3309 calumniarum
773 3275 919 3314 pannis2
940 3274 1092 3316 atqueita

212 3322 347 3365 projecit
370 3322 403 3353 in
431 3320 572 3364 vulgus,
596 3321 776 3355 vociferans
804 3334 855 3355 me
878 3325 993 3357 sentire
1016 3336 1091 3357 cum

212 3371 371 3406 Cornelio
394 3370 569 3413 Jansenio,
596 3371 771 3412 lpreniium
796 3384 897 3415 nuper
912 3375 1089 3417 Episcopo,

213 3470 432 3511 Christianam,
445 3469 659 3504 Attritionem
671 3494 683 3514 2
708 3473 760 3506 seu
773 3473 991 3515 imperfetiam
1005 3474 1094 3508 Con-

1922 154 2018 203 249

1163 222 1354 262 widonem,
1379 234 1416 258 ut
1436 235 1508 257 vera
1529 224 1565 258 fit
1580 249 1591 264 ‚
1616 220 1747 258 formari
1758 229 1907 267 oportere
1918 235 1955 258 ac
1966 238 2037 269 pro·

1160 274 1274 312 cedere
1288 285 1331 306 ex
1344 274 1405 306 Dei
1429 273 1596 310 Charitate
1609 299 1620 315 ‚
1646 285 1713 316 quae
1725 273 1799 308 licet
1813 285 1878 307 non
1895 273 2013 308 viribus
2025 299 2036 314 ,

1164 334 1273 362 tamen
1295 323 1409 357 affectu
1426 323 1462 355 sit
1477 325 1567 366 super
1579 325 1711 366 omnia;
1739 322 1827 367 quod
1839 323 1935 358 talem
1948 323 2036 357 Conr

1165 374 1333 414 tritionem
1369 373 1524 406 affirmem
1549 375 1614 407 esse
1635 375 1840 411 necessariam
1860 373 1959 409 etiarn
1982 385 2036 418 per

1140 424 1141 428 ’
1165 422 1370 467 Baptismatis
1390 432 1446 455 aut
1470 422 1672 457 Poenitentiae
1704 425 1909 458 Sacramenta
1930 424 2038 469 adipi-

1165 474 1287 508 scendae
1310 472 1555 516 Justificationis
1575 473 2037 516 dispofitionem&caussam,

1164 522 1311 566 adeoque
1329 523 1394 558 fine
1415 522 1471 559 illa
1484 522 1608 555 nullam
1624 524 1690 556 esse
1704 525 1788 566 spem
1806 524 1931 557 salutis.
1960 523 2039 556 Cer·

1164 573 1195 608 te
1216 574 1314 607 etiam
1334 575 1364 607 S.
1377 572 1519 616 Joannes
1544 572 1723 614 Apostolus
1748 573 1855 608 scribit
1870 584 1952 613 nos,
1978 573 2041 607 uti-

1165 634 1228 667 que
1257 635 1312 667 per
1336 621 1530 657 Christianae
1556 621 1826 665 Regenerationis
1858 624 2042 657 Sacramen-

1166 685 1235 707 tum
1249 697 1260 714 ,
1286 674 1351 707 esse
1370 674 1536 707 translatos
1549 673 1585 705 de
1602 681 1695 704 morte
1707 674 1858 704 advitam
1869 698 1879 712 ‚
1902 678 2041 714 quoniam

1166 725 1318 766 diligimus
1341 727 1467 760 Fratres
1491 746 1498 753 .
1527 722 1609 755 Haec
1642 722 1686 754 est
1709 722 1878 755 definitiva
1900 722 2041 764 ejusdem

1168 775 1325 808 sententia
1343 787 1354 808 :
1378 777 1442 817 ,Qui
1468 784 1525 805 non
1547 774 1647 815 diligit
1668 779 1766 804 manet
1788 777 1819 804 in
1841 780 1933 806 morte
1954 797 1964 809 ,
2000 771 2041 807 Et
2057 765 2132 799 Sess.
2157 762 2189 798 6.

1168 825 1292 858 sanetus
1323 822 1444 857 Paulus
1471 822 1651 865 Apostolus
1684 821 1829 864 praedicat
1854 819 2043 856 charitatem
2057 816 2140 851 Can.
2158 825 2186 861 3.

1167 873 1260 908 omni
1282 872 1471 911 charismate
1493 875 1558 905 esse
1581 872 1845 907 excellentiorem
1859 897 1869 914 ,
1895 872 1960 904 fine
1982 882 2044 914 qua

1169 935 1229 958 nec
1241 922 1410 968 Angelicae
1428 923 1547 967 linguae
1568 923 1695 956 donum
1718 946 1730 962 ,
1757 934 1818 956 nec
1839 921 2018 965 Prophetia
2035 945 2046 961 ‚

1169 985 1229 1008 nec
1250 973 1425 1018 largissima
1449 974 1657 1015 eleemosyna
1683 997 1694 1013 ,
1723 984 1782 1006 nec
1810 973 1915 1006 ullum
1939 972 2046 1005 Sacra-

1169 1034 1315 1057 mentum
1325 1048 1335 1065 ,
1363 1035 1423 1061 nec
1434 1022 1536 1065 ipsum
1548 1023 1645 1055 etiam
1659 1022 1857 1066 Martyrium
1869 1022 1962 1065 poffit
1975 1033 2047 1064 pro-

1167 1073 1273 1108 desse.
1304 1074 1348 1106 Et
1370 1073 1439 1117 ipse
1462 1072 1620 1117 Magister
1633 1073 1724 1106 Deus
1737 1073 1872 1107 clamat:
1902 1075 1968 1115 ‚Qut
1989 1082 2046 1105 non

1148 1132 1150 1134 ’
1169 1125 1266 1168 diligit
1285 1122 1436 1166 sermones
1458 1135 1532 1158 meos
1546 1121 1717 1166 nonservat
1730 1147 1737 1155 .
1769 1123 1811 1157 Et
1830 1125 1896 1166 ipsa
1906 1122 2045 1155 Martini

1170 1172 1306 1207 Lutheri
1326 1172 1512 1210 damnatrix
1523 1173 1722 1211 Tridentina
1740 1173 1896 1215 Synodus
1917 1172 2044 1205 statuit:

1169 1227 1203 1256 si
1225 1230 1289 1265 quis
1311 1225 1423 1257 dixerit
1435 1222 1498 1264 fiae
1516 1225 1722 1264 praevem'ente
1741 1225 1871 1264 ‚Spiritus
1880 1221 1979 1267 sanc‘Ii
2002 1228 2047 1254 in-

1164 1271 1351 1315 spiratione,
1377 1283 1467 1315 atque
1486 1275 1550 1313 ejus
1572 1275 1721 1313 adjutorio
1740 1296 1751 1312 ,
1777 1273 1923 1306 hominem
1943 1272 2048 1304 crede—

1170 1335 1201 1356 re
1213 1347 1224 1363 ,
1246 1322 1369 1366 sperare
1381 1347 1391 1365 ‚
1417 1325 1536 1366 diligere
1547 1347 1557 1362 ‚
1573 1331 1627 1356 aut
1643 1328 1789 1364 poenttere
1802 1323 1878 1364 posse
1887 1321 1956 1363 ficut
1967 1329 2050 1361 opor-

1171 1380 1231 1411 tet,
1257 1381 1291 1406 ut
1310 1378 1337 1405 et
1357 1371 1583 1415 Justt‘ficati'onts
1589 1378 1694 1415 gratia
1704 1371 1876 1412 conferatur
1889 1394 1899 1410 ‚
1925 1369 2049 1403 anathe-

1171 1434 1221 1455 ma
1237 1421 1292 1463 fit.
1321 1422 1412 1469 Qid
1434 1434 1514 1467 ergo
1536 1421 1672 1465 superest
1687 1446 1698 1462 ,
1726 1421 1784 1456 nisi
1799 1432 1835 1455 ut
1846 1422 2051 1464 quisrixator

1172 1474 1271 1506 etiam
1293 1469 1353 1507 hos
1365 1484 1481 1506 omnes
1500 1472 1586 1507 dicat
1607 1473 1703 1506 fuisse
1725 1472 1915 1517 Jansenistas
1936 1482 1973 1504 ac
1986 1470 2052 1503 Lu-

1173 1522 1349 1559 therauos,>
1375 1521 1468 1556 Novi
1491 1523 1538 1555 sui
1559 1521 1577 1554 a
1591 1532 1696 1554 vetere
1707 1521 1924 1556 Testamento
1935 1522 2055 1564 palma-

1171 1584 1206 1606 re
1225 1571 1397 1605 discrimen
1411 1571 1576 1605 Dominus
1598 1571 1734 1614 JESUS
1757 1573 1862 1605 sanxit
1884 1573 1949 1605 esse
1963 1571 2056 1604 servi-

1173 1622 1236 1655 lem
1254 1621 1409 1655 timorem
1431 1633 1469 1655 ac
1490 1621 1624 1655 filialem
1640 1631 1783 1655 amorem
1798 1633 1807 1663 3
1826 1621 1983 1667 Qisquis
1995 1631 2056 1653 nos

1174 1672 1245 1706 solo
1267 1671 1386 1706 timore
1416 1671 1641 1715 justificandos
1671 1672 1833 1714 promittit
1855 1697 1865 1712 ‚
1893 1670 2058 1705 benedieti

1174 1721 1348 1767 Sanguinis
1371 1722 1521 1762 exsufflat
1545 1722 1690 1765 pretium
1711 1744 1723 1760 ,
1759 1721 1933 1765 suadetque
1956 1731 2017 1755 nos
2038 1718 2058 1756 ὁ

1175 1771 1371 1805 Christianis
1389 1772 1456 1805 fieri
1480 1771 1621 1818 Judaeos‚

1222 1821 1369 1854 Charitas
1386 1827 1511 1867 patiens
1533 1823 1572 1862 est
1587 1848 1598 1864 ,
1626 1824 1754 1868 benigna
1774 1823 1834 1865 est,
1860 1837 1918 1859 non
1929 1825 2052 1860 amula-

1172 1880 1220 1905 tur
1233 1895 1244 1912 ,
1271 1882 1330 1904 non
1349 1877 1412 1918 agit
1426 1875 1587 1914 perperdm
1602 1898 1613 1914 ‚
1642 1886 1699 1908 non
1714 1873 1836 1916 inflatur
1848 1899 1859 1914 ‚
1885 1888 1943 1909 mm
1956 1881 2061 1910 irrito

1173 1932 1244 1963 tur,
1270 1933 1328 1957 non
1345 1929 1452 1965 cogitat
1471 1925 1603 1961 malum.
1632 1925 1840 1967 Exagitantis
1865 1926 1931 1960 stili
1947 1925 2057 1960 libido

1172 1972 1217 2005 est
1238 1978 1335 2005 amari
1345 1974 1401 2005 zell
1421 1974 1540 2014 fretus,
1565 1975 1658 2018 cujus
1680 1975 1789 2018 elogia
1804 1986 1872 2010 non
1886 1977 1904 2009 a
1919 1988 1988 2016 me,
2007 1975 2062 2009 sed

1172 2022 1191 2055 ὲ,
1211 2023 1318 2056 sancto
1337 2022 1461 2065 Jacobo
1476 2024 1642 2067 Apostoio
1665 2024 1782 2060 malim
1794 2025 1916 2059 audiri.
1946 2025 2063 2069 Desur-

1169 2071 1238 2115 sum
1255 2071 1412 2115 sapientia
1421 2073 1458 2112 est
1472 2077 1584 2115 pudica
1614 2100 1625 2116 ,
1649 2074 1796 2117 pacifica,
1822 2076 1950 2117 modesta
1957 2100 1968 2116 ,
1990 2074 2061 2119 sua-

1170 2121 1260 2165 fibtlt's
1274 2147 1284 2162 ‚
1305 2123 1398 2164 plena
1419 2122 1653 2166 misericordiae,
1680 2137 1739 2158 non
1744 2127 1914 2165 judicans:
1940 2127 2060 2170 Longe

1174 2172 1282 2205 minus
1292 2171 1488 2212 maledicens
1501 2198 1508 2206 .
1536 2176 1581 2208 Et
1595 2174 1672 2210 hinc
1691 2174 1731 2210 ad
1746 2175 1913 2211 Remensis
1923 2176 2061 2211 Provin-

1173 2223 1232 2255 ciae
1255 2222 1441 2266 Episcopus
1461 2247 1473 2263 ,
1508 2226 1565 2268 qui
1594 2226 1629 2257 in
1655 2226 1765 2260 nescio
1787 2237 1850 2269 qua
1877 2227 2058 2270 quaestione

1173 2271 1400 2306 Sueffionenfis
1413 2272 1560 2307 Eccleliae
1572 2275 1722 2309 Clericos
1740 2272 1862 2310 haerefis
1884 2285 1941 2309 aut
1965 2277 2059 2310 sacri-

1174 2322 1252 2370 legii
1281 2332 1438 2359 notarunt
1458 2348 1469 2363 ‚
1496 2325 1576 2358 recte
1607 2325 1717 2359 scribit
1737 2326 1768 2358 S.
1791 2326 1851 2360 lvo
1875 2327 2056 2369 Episcopus
2078 2320 2206 2371 Ep-83.
2229 2323 2235 2365 ἴ

1173 2372 1402 2408 Carnutensis:
1431 2374 1600 2407 Habetlsin
1612 2380 1784 2416 Heptatico,
1812 2382 1926 2417 quiam
1941 2386 2055 2409 conten-

1170 2428 1247 2455 tione
1266 2424 1389 2457 duorum
1412 2430 1462 2464 qul
1484 2426 1528 2457 ad
1547 2426 1667 2458 alterius
1675 2426 1820 2465 pudenda
1836 2437 1958 2458 manum
1969 2427 2056 2470 mise·

1170 2479 1228 2511 rit,
1255 2474 1408 2514 lapidibus
1419 2473 1560 2506 obruatur
1569 2497 1576 2504 .
1604 2476 1701 2517 ‚Quod
1711 2475 1787 2517 quid
1797 2475 1835 2513 ef}
1847 2477 1934 2508 aliud
1943 2477 2053 2517 dicere,

1170 2522 1224 2563 nisi
1241 2529 1292 2564 qui
1313 2529 1346 2554 in
1369 2523 1471 2564 aliqua
1485 2522 1697 2565 disceptatione
1717 2532 1752 2557 in
1771 2526 1902 2569 aliquem
1915 2532 2053 2559 convitio-

1162 2571 1200 2614 sa
1224 2573 1317 2605 verba
1336 2576 1498 2613 protulerit
1512 2597 1523 2612 ,
1548 2573 1586 2606 ab
1609 2574 1743 2607 omnibus
1761 2576 1874 2608 duriter
1884 2587 2031 2619 arguatur
2044 2602 2052 2610 .

1168 2622 1264 2656 Certe
1286 2624 1372 2656 inter
1392 2623 1552 2662 crimina,
1581 2624 1626 2658 ob
1644 2636 1712 2668 quae
1735 2626 1875 2661 faustum
1889 2625 2050 2668 Joannem

1167 2671 1442 2714 Chrysostomum
1463 2673 1632 2707 damnavit
1646 2675 1801 2716 Synodus
1811 2676 1850 2709 ad
1862 2677 2028 2724 Qercum
2038 2702 2051 2718 ‚

1165 2722 1227 2755 fuit
1249 2721 1380 2757 &hom
1406 2724 1498 2766 ,Quod
1513 2722 1653 2766 fandum
1677 2725 1906 2766 Epiphaniam,
1935 2727 2050 2768 utique

1165 2772 1198 2805 in
1220 2771 1465 2814 disputatione,
1492 2775 1642 2815 delirum,
1668 2777 1703 2808 (θ’
1719 2784 1856 2816 parvum
1868 2777 2048 2808 daemontum

1163 2823 1333 2865 appellasset
1345 2846 1352 2855 .
1375 2822 1534 2868 Joannem
1548 2825 1749 2862 Ravennatis
1763 2824 1909 2858 Ecclesia»,
1922 2825 2047 2860 Metro-

1164 2872 1327 2915 politam‚
1351 2874 1440 2914 quod
1463 2875 1512 2908 vel
1535 2875 1677 2908 famulos
1700 2874 2047 2910 suosinconcinnisti-

1162 2923 1277 2955 tularet
1299 2923 1434 2966 elogiis,
1445 2924 1626 2968 gravissime
1638 2925 1818 2967 increpavit
1830 2926 1953 2959 sanstus
1967 2926 2043 2960 Gre-

1161 2973 1274 3016 gorius
1301 2984 1458 3017 magnus.
1486 2975 1559 3008 Nos
1583 2975 1711 3010 interim
1725 2974 1897 3020 Theologi
1920 2977 2045 3011 Dodlo-
2087 2977 2160 3012 Lib.
2178 2991 2213 3026 4.

1161 3033 1208 3055 res
1230 3022 1410 3068 gaudemus
1432 3024 1493 3058 illo
1513 3025 1746 3067 Episcoporum
1770 3025 1944 3070 privilegio
1964 3051 1975 3066 ,
2000 3028 2044 3061 de
2061 3027 2120 3072 Ep.
2136 3040 2188 3075 15.

1160 3083 1228 3114 quo
1246 3073 1334 3106 idem
1356 3074 1512 3107 Pontifex
1533 3075 1573 3107 ad
1585 3075 1824 3109 Constantium
1845 3077 2041 3120 Archi-Epi-

1161 3124 1295 3165 scopum
1309 3124 1590 3158 Mediolanensem
1605 3138 1618 3160 ,τ
1641 3127 1680 3156 In
1699 3127 1841 3167 corporali
1857 3128 2037 3169 praelt'ofi'ert

2083 2043 2166 2089 Cap.
2184 2052 2217 2090 3.

2055 3152 2128 3185 Lib.
2157 3152 2188 3189 6.

1157 3220 1253 3264 ipsam
1274 3223 1361 3263 hostis
1387 3223 1574 3257 vehementer
1586 3230 1733 3266 impetat,
1759 3227 1907 3268 quatenus
1918 3224 2012 3267 fiipse
2024 3250 2034 3265 ,
2055 3202 2113 3245 EP'
2132 3213 2183 3249 14·

1156 3279 1207 3313 qut
1227 3275 1247 3304 ἃ
1269 3279 1383 3306 caeteris
1406 3276 1598 3312 attenditur,
1625 3277 1735 3308 vulnus
1746 3281 1913 3318 acceperit,
1939 3277 2036 3308 multt-

1124 3353 1127 3357 ,
1157 3324 1228 3357 tudo
1240 3330 1334 3356 omnis
1345 3324 1430 3355 ertias
1448 3322 1581 3365 dispersa
1595 3332 1749 3366 capiatur.
1778 3327 1894 3359 Sumus
1905 3324 2034 3368 signum

1155 3373 1196 3405 ad
1215 3374 1387 3417 sagittam,
1417 3383 1564 3415 patemus
1578 3375 1974 3417 multisinvidiaejaculis,
2001 3376 2035 3409 &

214 3421 317 3459 immo
335 3422 368 3454 ὃς
390 3431 466 3453 curn
493 3419 644 3458 Martino,
664 3420 832 3458 Luthero:
860 3424 964 3470 Qod
985 3424 1109 3457 dicam·
1155 3421 1194 3454 ad
1227 3422 1456 3466 Emergardem
1487 3421 1670 3468 Augustam
1701 3424 1741 3458 de
1773 3424 1905 3458 diabolo
1929 3425 2036 3459 scribit

1155 3473 1237 3516 apud
1261 3471 1483 3508 Flodoardum
1515 3473 1717 3510 Hincmarus
1739 3475 1952 3516 Metropolita
1974 3475 2039 3509 Re-

2056 3440 2129 3475 Lib.
2158 3450 2188 3485 3.

1854 3525 1988 3559 menfis:
2056 3503 2126 3535 cap'
2158 3500 2212 3538 27.
