2366 3736
337 135 424 183 De
458 125 742 191 AunQ‘uX
776 120 1152 175 nucitum
1188 122 1428 169 CHRIST.
1466 123 1741 171 Minna.

862 195 865 210 i

206 215 276 260 but,
303 228 355 254 nee
365 229 422 252 non
432 226 559 260 utraque
572 220 717 250 Romame
729 213 820 247 Urbis
834 215 966 252 Imperia
981 214 1077 250 captis

207 268 395 305 Civitatibus
405 273 529 306 terruit,
555 268 589 301 ὑ
608 277 645 300 ne
649 264 758 308 preda
767 262 895 302 reliquas
916 257 1078 302 subderet,

203 322 340 362 placatus
359 318 496 360 precibus
507 326 639 351 annuum
650 312 782 356 veHigal
790 315 903 353 accepit
912 333 920 342 .
946 312 1078 350 Cumque

207 368 271 402 baec
280 373 379 401 omnia
397 377 549 410 proventu
560 365 719 408 felicitatis
730 366 822 405 egerit
834 385 845 400 ‚
872 370 929 393 non
955 360 1079 392 vulnere

207 417 326 458 bostium
338 442 349 458 ,
377 430 434 451 non
438 417 554 460 fraude
559 414 679 457 suorum
691 436 702 452 ,
718 410 777 454 sed
779 419 868 455 gente
890 409 1025 442 incolumi
1036 414 1079 441 in-

207 476 251 500 ter
267 470 382 511 gaudia
404 470 514 506 laetus,
534 464 594 506 fine
616 461 700 506 sensu
713 463 821 496 doloris
844 459 988 494 occubuit.
1016 458 1079 492 Ex-

208 518 343 552 stinstus
355 530 410 561 per
418 517 603 551 ebrietatem
618 537 625 544 .

258 568 378 612 Longe
390 565 493 609 magis
516 565 534 597 ὲ
559 561 748 597 Christiano
760 560 902 596 exercitu
915 561 989 594 sunt
1010 569 1079 602 pro-

209 617 376 652 scribenda
390 616 502 650 omnia
522 615 624 648 scorta
638 638 649 654 ,
675 612 908 647 fornicationes
920 635 931 651 ‚
957 609 1080 653 flagitia

209 667 244 700 &
269 664 440 699 libidines.
469 664 558 698 Nam
584 664 616 700 ὅ(
645 663 795 697 Gentiles
816 661 1083 704 proscripserunt.

210 716 384 751 Noverant
396 715 459 749 esse
481 715 725 749 enervationem
739 711 889 746 militaris
907 709 1083 752 disciplinae

210 766 242 799 &
255 764 401 805 virtutis,
431 766 559 798 ruinam
573 764 704 798 militis.
734 763 787 796 De
800 760 987 794 Hannibale
1002 783 1011 796 ‚
1027 758 1082 800 qui

210 813 405 858 capuanam
422 815 553 851 Urbem
567 815 599 848 ἀ
610 822 722 857 agrum
741 810 965 844 suisconceffit
979 810 1012 842 in
1028 807 1073 849 by

211 864 332 906 berna,
361 865 470 898 scribit
491 864 525 897 in
550 864 643 897 tertia
671 859 801 895 Decade
822 860 925 893 Titus
953 858 1083 892 Livius:

213 917 337 947 Somnus
349 920 428 949 enim
440 916 473 948 Θ
485 921 590 947 vinum
602 936 612 951 ,
640 913 673 947 (¹5
683 911 776 952 epulae
789 934 799 950 ,
824 911 858 944 ζ’]
876 907 975 952 scorta
988 933 998 948 ,
1025 907 1082 940 bal⁴

215 975 346 1006 neuque,
377 966 509 997 &otium
519 961 847 1005 consuetudinem-dies
859 960 1017 992 blandiens
1043 963 1087 989 ita

214 1023 435 1048 enervaverunt
445 1021 565 1054 corpora
577 1036 588 1051 ,
613 1009 804 1053 animosque,
834 1019 866 1043 ut
886 1015 981 1052 magis
1005 1009 1086 1041 dein·

213 1066 252 1097 de
269 1069 434 1104 praeteritae
460 1074 505 1095 eos
525 1061 677 1100 vitioriie,
704 1063 793 1103 quam
813 1058 979 1102 pra-sentes
1008 1065 1087 1091 tuta-

213 1121 314 1146 rentur
324 1118 407 1146 vires
421 1124 430 1155 3
455 1111 610 1155 majusque
620 1114 654 1144 id
663 1119 815 1153 peccatum
832 1115 922 1143 Ducis
935 1110 1020 1151 apud
1039 1116 1079 1149 pe

215 1168 287 1195 titos
297 1167 407 1195 artium
430 1164 606 1195 militarium
629 1161 781 1198 baberetur
795 1185 806 1200 ‚
833 1162 923 1202 quam
941 1160 1020 1201 quod
1032 1169 1088 1190 non

207 1224 252 1246 >ex
262 1211 414 1254 Cannensi
419 1219 478 1245 acie
486 1213 622 1254 protinus
634 1213 678 1244 ad
688 1210 794 1245 Urbem
807 1214 931 1243 Romam
944 1208 1089 1251 duxisset.

212 1263 272 1299 ,ula
290 1268 367 1295 enim
387 1263 532 1295 cunctatio
555 1262 687 1304 distulisse
715 1263 799 1294 modo
812 1261 969 1293 victoriam
991 1259 1091 1292 videri

210 1318 327 1354 potuit3
357 1311 403 1344 hic
413 1323 490 1345 error
502 1317 584 1345 vires
596 1311 730 1353 ademisse
742 1313 787 1343 ad
799 1312 999 1344 vincendum.
1032 1311 1089 1339 Ira-

214 1372 271 1404 que
281 1361 390 1396 hercule
401 1387 411 1402 ,
438 1363 520 1395 velut
536 1361 562 1399 fi
578 1373 644 1393 cum
658 1363 720 1393 alio
730 1366 856 1394 exercitu
870 1363 890 1391 ἃ
902 1364 1010 1401 Capua
1033 1363 1092 1390 exi-

43 1421 115 1456 [ὼ-
167 1432 198 1470 7,
217 1419 260 1444 ret
272 1435 283 1451 ,
310 1411 388 1445 nibil
398 1411 521 1454 usquam
528 1411 661 1453 pristina
673 1408 845 1452 Disciplinae
866 1415 979 1441 tenuit.
1006 1412 1092 1440 Nam

217 1462 368 1494 redierunt
388 1463 522 1503 plerique
542 1459 649 1502 scortis
669 1459 805 1499 impliciti
829 1482 836 1489 .
864 1458 907 1491 Et
932 1459 965 1490 in
989 1458 1092 1490 Sextae

218 1510 362 1546 Decadis
385 1511 540 1552 Epitome
565 1507 698 1542 scribit.-
723 1509 816 1549 scipio
844 1506 1002 1548 Africanus
1026 1510 1093 1539 Nu-

218 1565 367 1595 mantiam
389 1557 517 1601 obsedit,
547 1559 581 1592 &
605 1566 774 1600 corruptum
793 1559 934 1597 licentia,
961 1559 1092 1590 luxuria-

217 1620 273 1652 que
288 1610 447 1643 exercitum
466 1609 510 1641 ad
514 1605 747 1652 gonerofifflmam
771 1608 886 1640 militiae
905 1606 1093 1650 disciplinam

218 1665 390 1694 revocavit.
413 1664 524 1692 omnia
542 1664 619 1691 enim
630 1659 799 1693 deliciarum
810 1657 1003 1697 instrumenta
1025 1661 1094 1690 reci-

118 1710 151 1747 7’
183 1746 188 1752 ,
220 1711 287 1743 dit:
313 1713 380 1742 Duo
393 1709 487 1742 millia
497 1711 657 1742 Scottorum
681 1710 701 1740 ἃ
723 1706 824 1748 castris
836 1710 956 1745 rejecit.
985 1707 1028 1740 Et
1053 1706 1093 1740 de

221 1759 418 1802 Imperatore
440 1759 625 1793 Aureliano
657 1757 766 1792 scribit
789 1758 962 1792 Flavianus
984 1756 1095 1799 Vopi-

219 1810 315 1844 scus:
343 1809 517 1843 Aurelianus
539 1810 685 1849 militem,
711 1813 762 1851 qui
785 1808 964 1842 adulterium
975 1817 1037 1840 cum
1047 1805 1094 1838 bo-

217 1858 311 1904 spitls
332 1869 422 1892 uxore
443 1858 622 1901 commiserat
634 1883 645 1899 ,
672 1863 719 1892 ita
736 1863 884 1900 punivit,
912 1867 946 1891 ut
968 1858 1096 1890 duarum

221 1909 357 1944 arborum
368 1915 471 1951 capita
479 1908 641 1950 inflec‘leret
654 1932 665 1948 ,
690 1920 759 1951 quae
772 1909 815 1940 ad
822 1909 915 1950 pedes
928 1908 1034 1940 militis
1046 1908 1095 1939 de-

222 1960 352 2002 ligaret,
378 1961 538 2001 eademque
556 1958 653 2001 subito
676 1959 859 1998 dimitteret,
887 1967 920 1989 ut
936 1955 1037 1999 scissus
1049 1958 1096 1989 ille

222 2014 369 2049 utrimque
381 2010 527 2049 penderet
540 2032 547 2039 .
577 2009 674 2041 Plura
699 2008 773 2041 sunt
794 2006 972 2039 istiusmodi
991 2017 1097 2039 exem·

50 2050 209 2102 Lib-3⁶·
224 2058 276 2101 pla
302 2057 487 2091 Gentilium
509 2081 517 2088 .
552 2057 605 2090 De
628 2056 746 2091 Totila
770 2053 960 2090 Gothorum
982 2056 1097 2099 Rege,

51 2099 83 2137 3·
223 2108 280 2151 qui
294 2107 482 2141 Romanam
495 2107 583 2150 cepit
597 2105 727 2140 Urbem
740 2129 751 2146 ,
779 2105 887 2139 scribit
899 2105 932 2138 in
945 2104 1036 2138 libris
1057 2105 1098 2139 de

225 2157 375 2191 Gothico
399 2156 607 2201 Imperatoris
619 2155 792 2199 Justiniani
817 2153 905 2188 bello
918 2154 1098 2198 Procopius

225 2207 450 2242 Caelaraeenfis:
476 2210 628 2238 Romanus
653 2205 777 2246 quidam
790 2205 918 2236 Totilam
939 2205 1035 2244 adiit,
1065 2205 1099 2237 (tt

223 2258 245 2292 ἃ
262 2257 388 2299 quodam
399 2267 439 2289 ex
450 2257 514 2296 ejus
529 2257 727 2287 Praetorianis
733 2252 869 2295 stuprum
875 2251 1019 2295 filiaesuae
1031 2257 1100 2286 Vir-

220 2311 290 2351 gini·
310 2310 448 2338 renitenti
469 2305 587 2337 illatum
608 2303 734 2346 quaestus
754 2303 792 2342 est
805 2327 812 2334 .
841 2307 995 2335 Hominem
1012 2303 1098 2348 flagi-

224 2362 298 2390 tium
308 2367 367 2388 non
391 2355 565 2396 diffitentem
578 2360 610 2386 in
622 2363 766 2387 carcerem
778 2351 890 2394 inclufit
904 2355 1016 2386 Totilas
1031 2377 1041 2394 ,
1066 2355 1101 2386 id

219 2402 320 2450 sedulo
333 2416 423 2449 agens
444 2414 477 2438 ut
490 2410 515 2437 is
526 2405 642 2446 culpam
661 2404 752 2437 lueret
778 2427 786 2435 .
810 2402 890 2436 Erat
904 2403 1041 2447 impiger
1060 2416 1098 2439 ac

226 2455 400 2489 bellicosus
420 2454 537 2488 miles.-
563 2453 657 2487 Hinc
679 2463 796 2487 omnes
818 2449 1008 2487 Gothorum
1033 2453 1097 2488 Ex·

226 2505 445 2538 cellentiffimi
458 2506 531 2538 sunt
542 2503 767 2546 illiusprecati
789 2502 888 2536 vitam
900 2503 934 2538 ἀ
946 2502 1074 2538 veniam
1088 2530 1094 2537 .

228 2553 284 2587 Ad
305 2553 379 2586 illos
401 2554 561 2596 insignem
581 2554 777 2587 concionem
801 2552 887 2587 dixit
911 2553 985 2587 Rex
1007 2577 1019 2593 ,
1045 2555 1096 2588 de-

229 2603 412 2638 monstrans
435 2613 489 2643 per
501 2602 578 2635 talia
589 2612 765 2644 paucorum
793 2601 931 2635 crimina
950 2604 1057 2646 puniri
1079 2605 1095 2637 ὲ

228 2652 383 2689 Domino
394 2652 471 2686 Deo
491 2663 530 2686 ac
547 2651 644 2685 deleri
659 2651 784 2685 Gentes
804 2650 948 2696 integras
961 2676 971 2691 ‚
999 2655 1097 2687 totos-

228 2713 290 2746 que
301 2701 479 2743 exercitus;
509 2701 542 2734 &
556 2701 736 2744 Procopius
748 2701 868 2745 pergit:
901 2702 1023 2745 ‚Quibus
1045 2702 1096 2746 as-

224 2751 303 2795 fi'nfi
321 2750 481 2785 Gothorum
502 2754 639 2784 Proceres
650 2750 822 2790 abstiterunt
845 2751 884 2783 ab
904 2764 934 2784 eo
946 2754 1096 2792 deprecari

228 2805 446 2836 Praetorianum
457 2825 468 2841 ,
493 2810 528 2834 ac
544 2800 631 2843 ipsius
653 2801 776 2833 arbitrio
786 2800 1000 2843 permiserunt.
1030 2807 1096 2835 Nec

227 2854 317 2886 multo
325 2851 385 2893 post
395 2852 442 2884 ille
453 2860 544 2885 morte
559 2851 717 2884 mulctavit
728 2851 871 2884 bominem
882 2875 892 2891 ,
919 2860 1006 2894 atque
1032 2856 1095 2892 ejus

222 2902 364 2944 fortunas
377 2913 476 2934 omnes
486 2902 646 2944 compressae
659 2906 774 2944 Virgini
785 2903 994 2941 adjudicavit.
1022 2903 1094 2936 Ele-

229 2952 411 2996 gantiffima
424 2952 549 2985 Totilae
557 2953 674 2986 Oratio
689 2951 864 2985 militarem
877 2952 1094 2995 Disciplinam

228 3001 620 3043 germanecommendat.
650 3001 843 3045 Estintegre
857 3001 1010 3045 legenda.
1042 3002 1094 3034 De

231 3050 401 3085 Ludovico
413 3052 488 3086 Vll.
511 3052 710 3085 francorum
734 3051 848 3096 Rege,
875 3051 1038 3086 militante
1061 3053 1094 3085 in

232 3098 334 3134 Terra
347 3101 457 3136 Sandia
470 3100 576 3134 scribit
590 3102 730 3144 Ioannes
751 3100 972 3144 Bromptonus
984 3101 1096 3136 Abbas

33 3142 102 3178 “⁸3
146 3141 212 3177 An·
233 3149 445 3192 Jornalensrs:
473 3155 548 3183 Cum
570 3163 608 3184 ex
630 3153 747 3184 diutina
763 3157 942 3185 continentia
959 3153 1095 3185 &coitus

65 3202 166 3240 1²35·
232 3199 370 3240 defec‘Ju,
392 3208 479 3241 prout
507 3203 615 3235 Medici
641 3201 774 3235 dicebant
792 3225 804 3242 ,
830 3203 1037 3244 aegritudinem
1064 3208 1097 3235 in

230 3250 380 3282 redeundo
400 3254 575 3289 incurreret,
597 3259 653 3292 per
673 3254 802 3284 Medicvs
815 3253 849 3285 (ν
863 3252 1008 3284 Praelatos
1029 3251 1095 3294 sua·

229 3298 295 3342 sum
307 3303 411 3331 eierat
423 3321 433 3338 ,
459 3309 492 3332 ut
504 3300 536 3332 ob
548 3307 671 3345 nimiam
684 3306 808 3345 Reginae
820 3301 991 3341 distantiam
997 3304 1096 3343 puella

232 3350 334 3389 aliqua
344 3356 489 3381 uteretur:
514 3352 761 3393 ,Quiresponditz
789 3353 870 3384 Malo
881 3357 951 3384 mori
978 3351 1072 3391 castus
1087 3377 1097 3393 ,

232 3400 322 3440 qucim
342 3404 447 3430 vivere
468 3399 601 3431 adulter.
631 3404 674 3433 Et
690 3401 729 3441 fic
741 3411 835 3434 totum
853 3401 886 3445 se
900 3405 959 3434 Deo
969 3407 1095 3435 commit-

229 3458 319 3488 tens,
344 3449 400 3480 cito
423 3449 588 3481 mavoluit.
616 3449 695 3483 Non
717 3450 835 3486 desunt
858 3451 919 3488 alia
942 3452 1095 3488 similium

313 3496 419 3541 christ.
433 3500 510 3540 Lupi
523 3502 621 3540 Opera
632 3501 709 3532 Tom.
720 3501 777 3533 xt.

39 948 111 984 Lib.
140 959 173 995 3.

36 1010 105 1042 cap.
123 996 173 1035 18-

1892 136 1985 183 147

1138 207 1403 243 sanuiffimorum
1437 211 1588 246 Militum
1610 222 1647 245 ac
1673 211 1806 256 Regum
1833 211 1999 256 exempla.

1143 259 1185 292 Et
1198 256 1233 290 hi
1248 269 1315 292 non
1330 259 1448 303 poffint
1461 273 1526 294 non
1540 262 1692 296 obtinere
1703 260 1850 296 victorias
1862 287 1870 294 .

1186 307 1303 343 Tertia
1315 309 1456 343 rnilitum
1471 310 1651 355 Disciplina
1665 312 1710 346 est
1731 311 1920 357 rigidiffima
1933 310 2008 345 obe·

1139 358 1264 392 dientia
1276 383 1283 391 .
1312 360 1404 392 Hinc
1418 359 1459 392 de
1473 359 1594 394 Avidio
1606 361 1715 396 Caffio
1728 387 1738 403 ,
1762 361 1929 395 Antonini
1944 360 2009 394 Im·
2099 403 2105 406 ‚

1141 408 1293 451 peratoris
1319 409 1415 443 Duce
1448 409 1558 442 scribit
1585 410 1758 446 Vulcatius
1787 411 2005 445 Gallicanus:
2096 406 2131 436 ⁴<-

1141 460 1218 492 Cum
1231 461 1359 492 Avidius
1381 465 1537 493 exercitum
1548 460 1660 493 duceret
1676 486 1686 501 ,
1714 464 1747 496 (tt
1769 461 1855 505 inscio
1871 460 1931 504 ipso
1941 463 2007 494 Ma-

1142 520 1197 541 nus
1234 510 1399 542 auxiliaria
1424 535 1436 550 ‚
1474 509 1697 543 Centurionibus
1725 511 1788 554 suis
1813 509 2009 550 authoribus,

1142 566 1202 594 tria
1213 560 1306 592 millia
1316 561 1524 592 sarmatarum
1535 560 1725 603 negligentius
1737 568 1886 605 agentium
1903 567 1935 594 in
1947 564 2010 593 Da—

1142 609 1222 643 nubii
1235 615 1309 651 ripis
1320 609 1482 652 occidiffent
1494 633 1504 649 ,
1533 610 1567 642 <35
1576 620 1640 642 cum
1648 613 1756 651 praeda
1768 618 1880 654 ingenti
1891 614 1934 644 ad
1944 621 2011 643 eum

1143 661 1302 703 rediissent,
1310 658 1500 702 sperantibus
1515 660 1738 693 centurionibus
1748 667 1921 702 praemium‚
1932 660 2014 701 quod

1140 719 1297 752 perparva
1329 721 1420 742 manu
1441 711 1558 742 tantum
1580 708 1700 748 bostium
1716 708 1837 753 segnius
1857 709 2013 754 agentibus

1143 760 1568 803 Tribunis&ignorantibus‚
1595 759 1777 800 occidiffitnt‚
1805 767 1873 801 rapi
1885 773 1930 794 eos
1947 757 2013 802 jus-

1137 810 1197 853 fis,
1226 813 1260 844 (⁴5
1281 816 1313 843 in
1324 820 1436 843 crucem
1457 811 1537 849 tolli,
1562 808 1725 852 servilique
1743 807 1887 851 supplicio
1907 809 2013 851 adfici,

1145 862 1223 903 quod
1231 861 1400 902 exemplum
1413 871 1469 893 non
1479 860 1613 900 exstabat
1624 883 1634 899 ,
1661 861 1761 892 dicens
1773 866 1892 893 evenire
1906 859 2018 902 potuis-

1144 910 1175 955 se
1186 923 1217 945 ut
1230 911 1316 953 effent
1340 909 1453 951 infidiae
1462 935 1472 951 ‚
1498 922 1531 942 ac
1538 915 1649 951 periret
1660 912 1786 943 Romani
1800 914 1920 951 Imperii
1936 922 2019 944 reve·

1147 966 1244 994 rentia
1257 986 1264 992 .
1292 962 1373 1002 ,ραι
1384 970 1431 992 res
1452 961 1571 992 tantum
1585 959 1759 1002 Disciplinae
1771 964 1912 993 Romanis
1932 963 2018 995 addi·

1147 1013 1212 1050 dit,
1238 1011 1355 1042 tantiam
1365 1014 1488 1043 terroris
1501 1010 1649 1043 Barbaris
1661 1013 1786 1051 injecit,
1811 1021 1846 1044 ut
1853 1022 1956 1053 pacem
1967 1023 2020 1044 an-

1148 1073 1249 1094 norum
1261 1069 1375 1094 centum
1386 1060 1424 1092 ab
1438 1065 1583 1093 antonino
1610 1059 1729 1102 abseme
1743 1069 1879 1102 peterent
1890 1087 1898 1094 .
1926 1065 1945 1094 5
1946 1066 2020 1103 iqui-

1149 1114 1215 1145 dem
1227 1113 1371 1144 viderant
1390 1112 1549 1143 damnatos
1562 1114 1690 1143 Romani
1703 1115 1794 1144 Ducis
1799 1114 1912 1152 judicio
1930 1117 2021 1145 etiam

1149 1174 1194 1195 eos
1209 1185 1218 1200 ‚
1243 1167 1294 1204 qui
1317 1170 1418 1193 contra
1432 1159 1487 1202 fas
1512 1166 1655 1194 viverent
1676 1186 1686 1195 .
1718 1161 1816 1195 Plura
1840 1161 2021 1195 istiusmodi

1150 1212 1298 1254 exempla
1321 1210 1418 1244 habes
1440 1208 1526 1253 apud
1538 1211 1661 1244 Titum
1674 1211 1807 1245 Livium
1821 1237 1832 1252 ,
1861 1213 1995 1246 Florum
2010 1235 2024 1252 ,

1150 1261 1350 1299 Salustium,
1376 1259 1550 1294 Aurelium
1576 1260 1743 1295 Victorem
1767 1286 1778 1302 ‚
1806 1263 2024 1305 Eutropium,

1150 1323 1188 1345 ac
1211 1310 1295 1344 alios
1308 1309 1482 1343 Romanos
1502 1309 1706 1344 Historicos.
1736 1312 1879 1344 Avidius
1897 1312 2024 1345 Caffius

1151 1360 1269 1394 ssmiles
1283 1360 1420 1392 vistores
1432 1359 1554 1401 primus
1569 1360 1637 1402 egit
1658 1361 1691 1392 in
1704 1360 1849 1393 servilem
1871 1372 2001 1394 crucem
2014 1384 2022 1392 .

1153 1412 1232 1445 Hoc
1252 1409 1296 1443 est
1326 1408 1538 1451 exemplum,
1565 1408 1654 1451 quod
1677 1408 1854 1443 Vulcatius
1875 1409 2028 1444 adfirmat

1153 1461 1252 1503 usque
1273 1469 1352 1492 tunc
1375 1457 1459 1501 apud
1487 1459 1657 1492 Romanos
1688 1470 1755 1492 non
1783 1459 1956 1494 exstitisse.
1983 1460 2027 1494 Et

1153 1511 1303 1554 adjungit
1317 1507 1358 1541 de
1371 1509 1500 1542 Caffio:
1529 1511 1611 1541 Idem
1632 1509 1735 1542 multls
1748 1508 1942 1551 desertoribus
1964 1522 2028 1542 ma-

1154 1571 1207 1593 nus
1230 1561 1362 1598 excidit,
1389 1559 1457 1590 aliis
1479 1569 1567 1591 crura
1580 1560 1685 1590 incidit
1708 1571 1743 1591 ac
1749 1562 1896 1601 poplites,
1927 1562 2029 1593 dicens

1153 1613 1254 1652 maJus
1271 1609 1440 1650 exemplum
1451 1609 1502 1648 effe
1514 1614 1652 1642 viventis
1665 1608 1870 1651 miserabiliter
1896 1616 2031 1643 crimino-

1148 1660 1195 1702 si,
1223 1661 1314 1701 queim
1338 1657 1432 1700 occist.
1462 1658 1504 1692 Et
1516 1660 1650 1702 quidem
1679 1659 1820 1692 desertio
1831 1659 1875 1694 est
1889 1661 2031 1694 omnin&

1154 1709 1336 1755 gravtssima
1352 1709 1479 1742 bellicae
1490 1708 1686 1743 obedientiae
1698 1710 1918 1752 praevaricatio
1931 1736 1938 1743 .
1965 1710 2032 1744 Ve-

1155 1760 1226 1794 turn
1255 1771 1295 1792 an
1325 1769 1463 1792 mortem
1492 1769 1547 1792 aut
1575 1759 1818 1792 mutilationem
1847 1770 2032 1802 mereatur,

1157 1821 1225 1845 non
1238 1809 1281 1841 est
1299 1819 1394 1850 parva
1406 1808 1538 1850 quaestio
1550 1833 1557 1842 .
1585 1808 1628 1840 Et
1641 1808 1774 1850 quidem
1791 1810 1880 1852 loqui
1900 1817 2032 1853 oportet

1155 1860 1195 1894 de
1219 1860 1300 1893 facia
1326 1858 1404 1892 citra
1431 1858 1573 1891 caussam
1600 1857 1799 1891 desertione.
1829 1860 1918 1893 Nam
1939 1861 2033 1894 mili-

1157 1919 1222 1944 tem
1239 1934 1249 1950 ,
1272 1908 1324 1942 cui
1341 1919 1407 1941 non
1423 1908 1584 1950 praestatur
1594 1919 1747 1948 annona,
1772 1909 1845 1953 quis
1858 1920 1952 1954 neget
1966 1910 2034 1955 pos-

1157 1961 1189 1994 se
1209 1959 1320 2002 fugere
1344 1959 1360 1990 ἒ
1397 1957 1658 1991 Praevaricatoria
1682 1959 1781 1992 etiam
1805 1960 1945 1994 desertio
1966 1961 2035 2004 pas-

1157 2010 1213 2043 fim
1236 2009 1254 2042 *a
1278 2007 1478 2042 Dostoribus
1493 2009 1640 2043 censetur
1663 2019 1729 2042 non
1751 2010 1814 2043 effe
1838 2011 1962 2045 crimen
1983 2022 2033 2045 ca-

1159 2059 1257 2103 pitale
1272 2081 1280 2090 .

1208 2109 1301 2142 Hinc
1325 2107 1357 2142 δε
1379 2107 1555 2153 neophytis
1568 2109 1717 2154 Bulgaris
1734 2111 1889 2156 rescripsit
1899 2113 2032 2147 Sanstus
2049 2112 2107 2155 Ep.
2123 2111 2181 2159 40ss

1158 2158 1320 2191 Nicolaus
1349 2157 1469 2201 primus
1495 2159 1673 2193 Pontifex:
1700 2160 1951 2203 Confitetudinem
1974 2166 2033 2198 Pa-

1158 2213 1228 2240 triae
1240 2207 1346 2247 veslrae
1355 2207 1523 2248 perhibetis
1543 2209 1628 2252 ineffe
1641 2234 1650 2249 ,
1679 2218 1710 2241 ut
1718 2209 1893 2253 priusquam
1915 2214 1960 2245 ad
1976 2222 2034 2255 pu-

1153 2269 1248 2301 gnam
1267 2257 1524 2299 progrediamini,
1552 2263 1689 2291 mittatur
1713 2261 1733 2291 ἃ
1753 2263 1957 2296 Dominatione
1983 2274 2033 2296 ve·

1154 2307 1218 2349 stra
1236 2306 1410 2348 fideliffimus
1436 2308 1469 2340 t&
1488 2309 1729 2350 prudentifflmus
1753 2317 1826 2351 vir,
1853 2318 1906 2355 qui
1928 2313 2033 2346 cunc‘la

1158 2369 1245 2390 arma
1258 2358 1291 2389 (9·
1301 2356 1428 2390 caballos
1440 2381 1450 2397 ‚
1479 2359 1513 2391 ὁ*
1523 2369 1588 2401 quae
1602 2360 1756 2402 neceffaria
1763 2370 1876 2404 pugnae
1887 2363 2011 2402 existunt
2019 2386 2030 2402 ,

1158 2405 1335 2448 confideret,
1363 2409 1397 2440 Θ
1418 2409 1500 2449 apud
1525 2419 1611 2450 quem
1625 2411 1771 2443 inutiliter
1786 2421 1963 2452 praeparata
1985 2418 2032 2445 in-

1160 2462 1322 2490 veniuntur
1337 2481 1348 2496 ,
1374 2455 1468 2499 capite
1490 2464 1636 2500 punitur3
1664 2470 1739 2491 nunc
1750 2470 1850 2493 aurem
1861 2463 1932 2503 nosse
1952 2467 2031 2503 cupi·

1157 2513 1200 2540 tis
1214 2532 1224 2547 ,
1251 2508 1326 2548 quid
1335 2518 1385 2538 nos
1410 2507 1478 2539 binc
1494 2506 1775 2547 fieridecernamus.
1806 2515 1878 2543 Haec
1892 2524 1944 2544 nos
1964 2523 2030 2545 cun·

1157 2558 1206 2589 c‘la
1218 2557 1302 2589 vobis
1313 2558 1355 2588 ad
1369 2555 1537 2598 spiritualis
1561 2566 1730 2598 apparatus
1754 2569 1942 2593 armaturam
1968 2573 2029 2594 con·

1158 2616 1274 2640 vertere
1283 2605 1462 2649 suademus,
1491 2608 1524 2639 <²:2⁶
1548 2616 1644 2639 tantae
1667 2607 1844 2649 severitatis
1855 2617 1975 2654 rigorem
1987 2613 2031 2644 ad

1154 2662 1279 2698 pietatis
1292 2662 1463 2690 exercitium
1474 2657 1620 2689 inclinare
1631 2668 1783 2696 monemus
1792 2683 1799 2690 .
1828 2661 1946 2695 Suadet
1964 2662 2030 2695 mi-

1158 2707 1231 2740 lites
1253 2705 1362 2748 potius
1386 2706 1568 2748 spiritaliter
1589 2718 1644 2750 per
1666 2706 1752 2741 bona
1775 2720 1869 2752 opera
1894 2737 1903 2752 ‚
1930 2711 2027 2754 quam

1158 2756 1366 2798 corporaliter
1378 2755 1569 2790 armandos.
1597 2757 1783 2799 capitalem
1798 2759 1890 2794 istam
1917 2762 2027 2794 severi-

1158 2817 1255 2839 tatem
1278 2806 1454 2845 diss'uadet,
1483 2817 1550 2839 non
1565 2817 1674 2840 tamen
1689 2807 1823 2843 damnat
1839 2834 1846 2842 .
1873 2810 2024 2852 Ejusdem
2164 2839 2173 2855 .‚

1159 2857 1268 2889 forma:
1281 2857 1350 2888 sunt
1363 2853 1430 2889 haec
1444 2855 1612 2899 Responsa
1627 2869 1633 2888 :
1661 2860 1750 2891 Circa
1765 2858 1817 2891 bos
1832 2883 1842 2900 ,
1869 2866 1921 2901 qui
1934 2871 2025 2903 quan·
2042 2839 2104 2886 ΕΡ·
2116 2853 2173 2878 22·

1157 2907 1194 2937 do
1208 2906 1252 2937 ad
1266 2914 1400 2948 pugnam
1419 2915 1521 2939 contra
1546 2905 1635 2945 hostes
1644 2908 1823 2948 proceditis,
1844 2909 1956 2952 fugam
1977 2922 2026 2943 ar·

1156 2961 1270 2997 ripiunt
1283 2979 1293 2994 ,
1316 2954 1342 2996 fi
1350 2967 1406 2987 non
1429 2954 1648 2998 misericorditer
1662 2965 1839 2997 praevem'at
1860 2962 2003 3002 compaffio
2014 2984 2024 3000 ,
2041 2966 2101 3011 Ep,
2113 2979 2132 3003 2
2136 2967 2170 3016 3:

1151 3003 1259 3047 saltem
1273 3008 1380 3049 Legum
1406 3014 1581 3047 temperetur
1602 3005 1752 3049 severitas
1768 3033 1775 3040 .
1804 3012 1849 3042 De
1863 3008 1910 3042 bis
1925 3034 1936 3050 ,
1960 3016 2025 3054 qui·

1158 3055 1210 3087 bus
1225 3055 1334 3097 jussum
1344 3055 1380 3095 est
1393 3065 1494 3088 contra
1506 3055 1595 3095 hostes
1605 3058 1746 3099 progredi
1758 3082 1768 3098 ,
1795 3060 1950 3100 &juffioni
1969 3070 2025 3103 pa-

1156 3116 1219 3137 rere
1241 3114 1446 3145 contemnunt,
1475 3107 1578 3138 eadem
1594 3104 1754 3147 suademus
1777 3129 1785 3139 .
1823 3110 1876 3143 De
1898 3111 2025 3154 fugien-

1157 3154 1240 3188 tibus
1251 3156 1268 3187 ὲ
1282 3156 1389 3199 praelio
1402 3156 1463 3188 fuit
1477 3155 1561 3189 varia
1575 3155 1655 3189 olim
1671 3157 1756 3200 apud
1782 3157 1954 3194 Romanos
1966 3161 2025 3195 Di·

1157 3205 1290 3248 sciplina
1302 3230 1309 3237 .
1333 3205 1434 3238 Primi
1451 3204 1592 3238 Romani
1607 3206 1688 3248 ipsos
1701 3217 1767 3240 nou
1789 3210 2025 3251 punieruntca·

1157 3256 1239 3297 pite.
1270 3255 1326 3289 Est
1343 3254 1477 3298 antiqua
1490 3256 1673 3299 Samnitum
1687 3257 1758 3291 Lex
1773 3281 1781 3289 .
1807 3258 1950 3293 Omnem
1964 3259 2023 3293 mi-

1158 3305 1247 3340 litem
1273 3305 1413 3350 cogebat
1434 3304 1558 3346 jurare,
1587 3305 1675 3349 quod
1698 3308 1836 3351 quisque
1862 3309 1952 3343 suum
1974 3310 2021 3342 fu-

1158 3355 1301 3399 gientem
1318 3355 1438 3389 socium
1452 3366 1531 3388 mox
1555 3356 1718 3390 occideret
1731 3383 1739 3392 .
1765 3357 1887 3403 Legem
1902 3359 1942 3391 de
1963 3358 2021 3391 ini-

1157 3406 1282 3447 quitate
1302 3416 1338 3438 ac
1365 3404 1467 3438 nimia
1493 3405 1659 3440 severitate
1686 3406 1818 3441 damnat
1840 3408 1939 3440 Titus
1960 3408 2021 3442 Li-
2045 3388 2193 3438 Lib·2'‘².'

1156 3455 1250 3500 vius;
1277 3454 1470 3499 &adjungit
1483 3453 1518 3489 in
1532 3456 1622 3491 tertia
1636 3456 1787 3490 Decade:
1811 3457 1924 3490 Milites
1934 3466 2022 3500 tunc,
2041 3438 2095 3488 38·

1610 3504 1643 3538 N
1696 3517 1717 3542 2
1916 3510 1996 3551 quod
