2366 3736
196 2781 271 2816 Tit.
297 2792 326 2820 2.

193 2843 261 2874 cap.
273 2840 327 2877 44

203 2882 285 2926 Cap.
298 2889 340 2918 10

435 209 502 256 74

383 280 477 326 ‚dosii
503 283 573 317 Lex
610 279 730 314 sanciat
767 287 836 314 non
861 276 903 312 de
928 278 1004 312 solis
1033 276 1230 311 Diaconiffis
1256 301 1267 316 ‚

398 330 451 367 sed
476 334 516 368 de
541 330 797 373 quibuscumque
819 328 943 362 viduis.
973 327 1121 369 Labendi
1140 327 1267 362 occasio

396 382 469 417 sunt
483 383 547 416 haec
570 380 638 422 ejus
661 379 781 415 verba,-
808 379 972 421 DIaconffJ
999 379 1050 414 vel
1069 377 1190 410 viduis.
1219 378 1266 410 At

393 432 514 466 clatum
528 429 596 471 est,
622 430 712 474 quod
733 429 853 463 sanciat
877 429 917 462 de
938 427 1012 461 solis
1035 426 1232 464 Diaconiffis
1257 452 1264 459 .

392 480 437 514 Et
460 481 593 525 quidem
616 490 684 516 non
705 479 745 515 de
764 478 886 515 cunetis
901 503 911 518 ,
936 478 987 517 sed
1000 477 1040 511 de
1063 477 1139 510 solis
1163 503 1173 518 ,
1198 488 1266 520 quae

390 542 458 564 non
482 539 573 564 erant
586 530 756 574 Agapetae.
784 527 938 573 Agapetae
951 527 1129 572 {perstabant
1141 528 1180 561 ad
1195 528 1265 563 Pri-

388 581 434 614 mi
458 579 685 615 Valentiniani
713 581 856 624 Legem.
894 578 1095 616 Revocatrix
1113 578 1183 612 Lex
1211 577 1263 610 ad-

386 629 455 671 dit,
480 633 533 668 vel
556 631 679 666 viduis:
707 628 812 678 Qod
836 628 1031 666 Diaconiffae
1047 651 1058 666 ‚
1084 627 1126 661 de
1145 627 1263 671 quibus

384 681 456 725 agit
479 706 490 722 ,
515 682 616 715 essent
637 692 679 715 ex
707 680 813 714 viduis
834 704 842 711 .
871 679 1015 725 Qartus
1038 676 1141 720 lapsus
1177 678 1221 711 est
1250 702 1261 719 ‚

381 730 472 775 quod
486 730 553 765 haec
575 729 647 771 Lex
660 741 728 763 non
741 729 842 766 solam
866 731 1003 771 priorem
1014 727 1153 765 Secundi
1169 751 1180 769 ,
1207 729 1259 762 sed

381 782 482 818 etiam
505 780 608 818 Primi
645 779 872 816 Valentiniani
889 778 1014 822 Legem
1039 788 1171 814 revocet
1202 789 1259 813 aut

379 841 536 874 temperet
549 856 557 863 .
586 831 716 864 Etenim
734 838 864 863 revocat
887 829 987 864 solam
1002 838 1102 870 nuper
1115 829 1258 871 promul·

375 891 487 924 gatam
500 881 622 925 Legem
636 904 646 919 ,
673 880 706 914 &
729 879 861 925 quidem
885 877 968 917 adeo
989 888 1110 921 nuper,
1139 889 1174 911 ut
1188 879 1252 921 plu-

376 932 469 964 rimis
495 933 550 964 vix
562 932 637 964 esset
656 940 755 963 nota:
782 929 872 974 quod
885 940 952 962 non
966 927 1120 965 caditnisi
1135 928 1168 961 in
1193 928 1254 965 Le-

375 991 452 1024 gem
478 979 617 1015 Secundi
631 979 880 1017 Valentiniani.
907 978 1055 1026 Quintus
1081 978 1185 1020 lapsus
1206 978 1250 1011 est

374 1029 536 1067 dubitatio
548 1031 589 1064 de
611 1029 720 1065 valore
746 1030 917 1064 memorati
939 1028 1122 1066 testamenti
1141 1052 1148 1059 .
1179 1027 1251 1062 Ete-

372 1080 443 1114 nim
466 1080 598 1114 illustris
620 1079 769 1123 Hypatia
798 1090 868 1113 non
893 1087 959 1113 erat
981 1078 1129 1121 Apageta
1152 1101 1163 1117 ‚
1192 1089 1251 1110 nec

371 1129 551 1174 Presbyter
574 1129 750 1167 Anatolius
785 1129 841 1171 ipsi
864 1127 1061 1172 jungebatur
1082 1127 1144 1160 isto
1164 1139 1249 1161 com·

369 1181 518 1220 mercio,
545 1190 643 1222 atque
665 1180 710 1212 ita
741 1179 871 1215 nullum
894 1187 960 1215 erat
992 1176 1244 1215 fundamentum

367 1229 458 1264 istius
481 1227 715 1264 dubitationis,

417 1279 590 1325 Qidquid
604 1278 659 1318 sit,
689 1277 865 1320 imperator
886 1275 1119 1314 Marcianus&
1142 1274 1245 1311 Primi

366 1326 787 1365 &secundiValentiniani
812 1327 936 1371 Legem
959 1325 1087 1368 penitus
1109 1324 1242 1370 abroga-

366 1379 440 1421 vit,
465 1378 615 1413 &sanxit
643 1377 677 1409 in
702 1375 791 1411 hunc
814 1375 976 1413 modum.-
1014 1377 1171 1408 securitati
1197 1378 1248 1413 vel

361 1427 482 1469 fiduciae
503 1433 685 1462 morientium
718 1427 911 1468 providentes
933 1450 944 1466 ‚
974 1426 1111 1468 generali
1140 1432 1243 1466 perpe-

365 1489 469 1520 tuoque
485 1477 599 1511 viuum
620 1477 676 1511 bac
702 1480 778 1520 Lege
794 1475 943 1519 sancimus
963 1498 974 1514 ‚
1000 1482 1030 1507 ut
1046 1474 1112 1516 five
1134 1477 1244 1516 vidua,

360 1528 422 1570 five
448 1528 634 1571 Diacom'ffa,
653 1525 707 1570 seu
732 1533 816 1569 virgo
842 1529 900 1558 Deo
922 1526 1044 1564 dicata,
1070 1526 1121 1558 vel
1131 1525 1243 1562 Sandi-

364 1579 502 1613 mom‘aln
526 1579 630 1611 mulier
656 1601 667 1616 ,
696 1575 761 1618 five
782 1586 958 1617 quocumque
981 1575 1037 1607 alio
1059 1580 1175 1607 nomine
1197 1586 1241 1611 re-

363 1628 454 1671 ligiosi
472 1628 588 1662 honoris
612 1628 665 1661 vel
689 1628 848 1669 dignitatis
863 1624 996 1667 foemlna
1019 1632 1200 1666 nuncupetur
1227 1649 1238 1665 ,

363 1677 531 1717 testamento
551 1678 603 1711 vel
626 1677 764 1709 Codicillo
785 1676 837 1718 suo
853 1700 863 1716 ,
893 1677 970 1717 quod
990 1682 1088 1712 tamen
1097 1675 1160 1707 alia
1180 1686 1240 1707 om·

363 1734 395 1760 ni
399 1732 493 1772 Juris
516 1734 632 1763 rarione
653 1733 799 1758 munitum
803 1725 863 1766 fit,
891 1724 1023 1766 Ecclesiae
1039 1749 1049 1765 ,
1087 1726 1138 1761 vel
1159 1727 1239 1757 Mar-

362 1784 455 1816 tyrio,
483 1779 536 1810 vel
558 1779 670 1813 Clerico
683 1800 694 1816 ,
720 1776 774 1811 vel
793 1774 955 1814 Monacbo,
984 1775 1036 1812 vel
1053 1773 1238 1816 pauperibus

361 1828 501 1870 aliquid,
529 1828 581 1860 vel
599 1838 637 1863 ex
657 1831 770 1868 integro
793 1826 844 1860 vel
862 1832 1021 1866 exparte,
1046 1829 1078 1858 in
1100 1834 1238 1866 quacum-¹

361 1889 417 1920 que
439 1889 471 1910 re
489 1879 540 1910 vel
554 1876 649 1920 specie
670 1877 796 1908 credidit
807 1875 1027 1916 relinquendum
1050 1897 1061 1913 ‚
1087 1874 1123 1907 id
1142 1875 1236 1906 modii

360 1927 494 1959 omnibus
516 1926 802 1968 rarumfirmumque
825 1924 971 1965 confistat3
993 1923 1057 1964 five
1079 1922 1130 1956 hoc
1157 1923 1235 1963 insti-

359 1984 494 2016 tutione,
513 1976 577 2019 five
594 1975 792 2019 substitutione
815 1998 826 2014 ,
853 1972 916 2015 five
939 1975 1053 2017 legato,
1079 1972 1136 2011 five
1152 1973 1236 2015 fidei·-

357 2027 498 2069 commisso
508 2021 522 2069 ξ
541 2020 602 2068 per·v
618 2024 840 2067 univerfitatem
879 2025 931 2056 vel
958 2022 1125 2064 specialiter
1141 2046 1152 2061 ,
1170 2021 1234 2064 five

356 2074 542 2122 firiptafive
553 2088 611 2110 non
630 2075 744 2120 scripta
766 2075 917 2109 voluntate
930 2072 1030 2117 fuerit
1052 2071 1233 2110 denudum,

360 2132 439 2158 omni
460 2126 642 2166 imposterum
661 2126 697 2157 de
717 2124 767 2157 boc
783 2129 892 2168 negotio
906 2122 1101 2165 ambiguitate
1116 2119 1233 2163 submo-

361 2184 395 2208 ta
418 2199 428 2215 ‚
465 2175 674 2210 donationibus
712 2180 804 2205 etiam
823 2168 879 2204 v‘ciel
900 2171 1031 2214 qualibet
1054 2169 1233 2206 liberalitate

364 2234 428 2258 tam
446 2225 607 2259 viduarum
617 2225 708 2266 qucim
720 2221 951 2264 Diacontffarum
964 2244 974 2262 a
995 2218 1057 2260 five
1079 2222 1233 2263 Virgtnum

365 2286 433 2316 quae
455 2277 515 2306 Deo
536 2267 646 2306 dicatte
663 2271 735 2314 sunt
755 2297 765 2313 ‚
793 2271 844 2304 vel
861 2269 1133 2303 sanaimonialium
1154 2280 1234 2310 quae-

364 2334 485 2365 cumque
506 2327 537 2355 in
562 2321 737 2361 Ecclesiam,
763 2323 816 2354 vel
837 2323 1011 2362 Martyrium
1034 2342 1045 2359 ‚
1072 2318 1122 2351 vel
1141 2318 1234 2350 cleri-

363 2385 446 2411 cum,
473 2374 524 2405 vel
535 2372 729 2413 Monachum,
758 2372 808 2403 vel
822 2378 969 2411 pauperes
983 2370 1098 2405 conlata
1111 2367 1233 2407 fuerint

360 2429 433 2468 pari
453 2422 550 2455 robore
567 2422 657 2464 firma
677 2422 727 2464 effe
745 2425 888 2462 praecipio
907 2443 914 2449 .
955 2418 1010 2455 Est
1045 2416 1232 2461 amplisfima

365 2473 515 2514 utiusque
535 2471 635 2516 Legis
660 2471 809 2508 cassatio.
838 2468 961 2506 Verum
982 2479 1039 2502 cur
1061 2467 1148 2500 nulla
1171 2479 1232 2501 me·

366 2522 470 2555 moria
483 2522 522 2556 de
547 2521 706 2567 Agapetis
729 2521 742 2556 ?
781 2518 941 2554 Existimo
968 2517 1099 2553 secundi
1124 2517 1235 2554 Theo-

367 2571 492 2605 dosii&
512 2570 699 2605 Constantii
714 2571 838 2614 Legem
859 2592 870 2608 ‚
897 2567 1062 2612 quaeistud
1075 2577 1232 2603 commer-

362 2622 456 2655 cium
476 2620 661 2664 rigidissime
674 2619 853 2662 proscripsit
867 2643 878 2658 ‚
904 2627 984 2654 tunc
1006 2617 1127 2660 ubique
1149 2618 1235 2651 loco-

367 2682 439 2705 rum
458 2670 607 2714 viguisse.
635 2670 734 2705 Extat
757 2668 839 2712 legis
860 2678 928 2714 ΒΨ
949 2667 983 2702 in
1007 2665 1235 2704 'theodosiani

368 2720 506 2755 Codicis
526 2718 879 2755 sexto-decimolibro:
898 2719 1067 2762 integram
1090 2716 1234 2761 vulgavit

370 2770 509 2818 Jacobus
528 2769 720 2807 sirmondus
743 2769 777 2801 in
803 2768 992 2811 Appendice
1018 2765 1157 2809 ejusdem
1171 2765 1234 2800 Co·

369 2821 470 2855 dicis.
509 2820 651 2862 Etenim
678 2815 874 2855 Theodosio
911 2817 1056 2859 proxime
1094 2815 1232 2852 succeffit

370 2871 574 2906 Martianus.
602 2870 760 2914 Attamen
782 2866 870 2910 quod
892 2865 975 2902 'istud
1000 2867 1233 2903 commercium

368 2920 557 2964 post-modo
579 2918 754 2958 revixerit,
780 2927 834 2950 aut
857 2916 962 2952 forsan
981 2914 1058 2951 hinc
1083 2917 1157 2950 inde
1170 2926 1233 2959 per·

307 2983 309 2985 ·
368 2971 542 3015 manserit,
569 2969 691 3004 docent
714 2967 817 3011 Leges
843 2966 1060 3010 =Imperatoris
1089 2966 1233 3011 Iustinia-

366 3020 401 3054 ni
414 3044 421 3051 .
450 3020 529 3052 Non
554 3019 667 3061 spectat
679 3017 798 3067 adrem
810 3017 994 3060 praesentem
1006 3040 1013 3047 .

416 3069 563 3118 Qaestio
584 3069 676 3105 tertia
700 3068 744 3103 est
767 3093 778 3108 ‚
804 3066 858 3100 An
879 3067 927 3112 D.
948 3064 1059 3098 Petrus
1095 3064 1237 3100 Peckius

366 3119 450 3153 reste
473 3117 589 3154 scribat
610 3117 651 3152 ab
665 3116 798 3153 adducta
811 3116 912 3150 Primi
936 3114 1232 3150 ValentinianiLe-

365 3179 409 3214 ge
434 3168 605 3206 Ecclesias,
634 3167 854 3206 MonasterIa,
881 3164 1120 3205 Xenodochia‚
1159 3166 1231 3199 alia-

365 3228 429 3261 que
453 3217 486 3251 id
503 3227 607 3263 genus
623 3216 672 3260 pia
685 3217 756 3251 loca
768 3218 829 3253 effe
840 3215 919 3250 facta
942 3225 1053 3250 manus
1078 3225 1233 3256 mortuas,

364 3267 593 3309 induetamque
613 3265 866 3302 amortisationis
890 3264 1130 3303 neceffitatem?
1157 3266 1230 3303 Res-

363 3315 500 3364 pondeo¹
516 3316 680 3360 negative.¹
709 3317 841 3349 Etenim
867 3316 925 3351 ista
949 3316 1002 3352 lex
1024 3315 1149 3352 nullam
1166 3316 1230 3349 Ec-

362 3366 491 3403 clesiam
506 3390 517 3408 ‚
545 3365 739 3408 nullumque
760 3365 957 3401 Coenobium
979 3364 1115 3401 exclusit
1127 3364 1168 3399 ab
1178 3377 1231 3398 ex·

362 3425 471 3451 tremae
488 3415 667 3452 voluntatis
690 3415 872 3454 beneficio,
899 3416 949 3451 sed
972 3415 1060 3449 solos
1084 3413 1229 3448 Clericos

361 3465 394 3499 ἀ
417 3464 602 3503 Monachus
625 3490 634 3498 .
662 3464 743 3499 Non
767 3464 981 3505 Coenobitas,
1007 3464 1060 3499 sed
1075 3464 1160 3498 solos
1180 3463 1230 3499 de-

358 3524 472 3561 gentes
493 3526 584 3551 extra
606 3513 790 3553 Goenobia.
815 3514 911 3551 Solos
941 3514 1129 3561 Agapetos.
1156 3515 1230 3551 Nec

984 194 1616 244 Drssznritmw

1327 277 1412 320 ipsos
1447 276 1488 310 ab
1505 277 1599 310 omni
1632 275 1813 312 istiusmodi
1843 276 2003 315 beneficio
2034 280 2167 316 exclusit
2187 308 2200 325 ‚

1327 328 1379 362 sed
1402 328 1420 363 ὲ
1442 329 1517 360 solis
1539 327 1786 374 liberalitatibus
1805 329 2006 370 propriarum
2039 332 2200 376 Agapeta-

1326 387 1416 414 rum.
1456 377 1567 425 Quare
1592 378 1633 410 ab
1657 379 1772 411 alienis
1800 379 1958 422 Agapetis
1981 377 2123 417 omnino
2144 393 2199 426 po-

1326 437 1429 465 terant
1451 427 1582 469 capere.
1612 427 1654 460 Et
1672 428 1779 463 forsan
1805 427 1869 461 huc
1892 429 2065 471 respiciunt
2088 432 2197 470 Sancti

1326 477 1524 519 Hieronymi
1552 477 1678 511 verba:
1718 481 1777 511 Per
1800 478 2043 521 fidei-commiffa.
2068 482 2196 524 Legibus

1323 522 1495 561 illudimus.
1522 525 1621 575 Qod
1644 528 1760 570 nempe
1783 530 1929 573 proprius
1955 531 2124 574 Agapetus
2142 543 2197 566 cu-

1324 588 1406 613 raret
1429 579 1459 610 se
1480 579 1651 611 transmitti
1673 576 1712 611 ad
1735 578 1832 614 fidem
1855 579 1954 615 alieni
1980 604 1987 611 .
2027 578 2082 614 Ad
2117 580 2198 617 alias

1322 626 1531 663 succeffiones
1551 628 1662 664 omnis
1685 627 1856 666 Clericus,
1880 629 2053 672 omnisque
2078 629 2198 664 Mona-

1320 676 1400 710 chus
1421 677 1591 719 permansit
1608 677 1700 721 plene
1722 676 1859 713 idoneus
1881 703 1889 710 .
1918 679 2027 715 Etiam
2052 680 2195 715 Secundi

1322 726 1548 761 Valentiniani
1582 728 1652 762 Lex
1676 728 1834 763 Ecclesias
1856 739 1912 763 aut
1945 740 2098 775 pauperes
2125 742 2195 766 non

1317 775 1500 811 demutavit
1527 779 1559 810 in
1586 789 1719 812 manum
1743 788 1905 814 mortuam
1943 802 1950 810 .
1988 778 2044 815 Eis
2080 780 2195 814 clausit:

1321 826 1400 860 solas
1422 838 1536 861 manus
1558 827 1820 862 Diaconiffarum
1860 842 1871 861 .·
1911 828 2025 871 quavis
2058 829 2122 865 alia
2140 831 2194 866 via

1317 877 1457 919 permisit
1479 879 1662 920 acquirere.
1690 879 1824 912 Interim
1840 877 1906 912 haec
1929 888 2022 914 erant
2045 879 2194 921 quaedam

1316 927 1551 963 mortificandae
1574 927 1802 964 Ecclesiasticae
1826 939 1942 962 manus
1966 929 2121 961 exordia.
2149 929 2193 966 Et

1314 974 1380 1014 haec
1404 977 1629 1019 quadantenus
1647 978 1712 1022 ipse
1735 977 1990 1014 Valentinianus
2011 1001 2024 1017 ,
2050 988 2108 1012 aut
2129 988 2194 1012 cet-

1313 1023 1344 1064 te
1366 1027 1511 1068 Magnus
1522 1027 1755 1072 Theodosius·²
1782 1027 1873 1072 plene
1896 1028 2029 1062 abstulit
2051 1040 2088 1063 ac
2101 1028 2191 1066 evul-

1313 1075 1347 1109 sit
1372 1076 1516 1119 optimus
1541 1077 1745 1114 Martianus.
1982 1100 1984 1103 v

1361 1125 1476 1163 Senior
1500 1126 1756 1164 Valentinianus
1780 1127 1907 1166 videtur
1931 1127 2069 1165 istorum
2091 1139 2191 1162 exor-r

1309 1174 1440 1213 diorum
1467 1188 1534 1213 non
1557 1178 1650 1214 fuisse
1671 1179 1790 1221 primus
1817 1178 1956 1216 author,
1987 1178 2033 1211 Ea
2055 1179 2190 1221 coepisse

1311 1225 1437 1259 videtur
1457 1225 1636 1269 Imperator
1658 1240 1696 1261 ac
1720 1229 1877 1272 Apostata
1900 1228 2047 1275 Julianus
2071 1253 2079 1260 .
2109 1227 2188 1262 Ete*

1311 1274 1378 1307 nim
1401 1276 1520 1313 Sandio
1544 1276 1632 1312 Tito
1646 1278 1803 1314 Bostrensi
1819 1279 1984 1322 Episcopo
1997 1302 2008 1317 ‚
2037 1277 2188 1313 Arabum

1310 1325 1551 1369 Metropolim,
1591 1337 1629 1361 ac
1659 1327 1727 1368 ejus
1745 1326 1882 1362 subditis
1917 1328 2081 1366 offensus,
2121 1325 2188 1362 haec

1308 1374 1429 1417 scripsit
1441 1375 1480 1408 ad
1499 1385 1634 1412 omnem
1652 1376 1745 1409 istam
1769 1376 1946 1412 Civitatem
1964 1387 1972 1407 :
1999 1378 2065 1419 ,Qui
2086 1376 2133 1408 ad
2154 1377 2191 1409 td

1307 1422 1394 1467 usque
1412 1432 1528 1465 tempus
1550 1427 1738 1464 tyrannidem
1754 1426 1901 1468 gefferunt
1922 1448 1932 1463 ‚
1970 1437 2027 1461 non
2048 1425 2099 1458 hoe
2123 1425 2188 1469 ipso

1305 1480 1432 1506 contenti
1450 1472 1525 1516 sunt
1538 1498 1548 1515 ,
1573 1475 1657 1515 qued
1673 1481 1895 1516 praeteritorum
1907 1478 2065 1510 criminum
2073 1483 2186 1517 poenas

1306 1524 1404 1558 nullas
1427 1524 1513 1556 luant
1550 1547 1561 1564 ,
1593 1522 1651 1566 sed
1669 1531 1780 1565 prioris
1803 1526 2013 1558 dominationis
2051 1525 2152 1566 cupidi
2171 1548 2184 1565 ,

1305 1578 1443 1618 queniam
1466 1584 1558 1615 neque
1570 1575 1624 1614 ‚ius
1646 1575 1741 1607 dicere
1763 1575 1891 1616 amplier
1904 1575 1963 1608 illis
1980 1579 2183 1615 permittitur,

1304 1634 1393 1665 neque
1406 1622 1579 1661 testamenta
1593 1622 1742 1666 scribere,
1769 1635 1823 1660 aut
1845 1626 1958 1659 alienas
1984 1623 2185 1660 haereditates

1303 1679 1523 1715 intervertere,
1549 1675 1582 1707 ἐν
1604 1672 1713 1717 adsese
1725 1681 1824 1708 omnia
1847 1673 2018 1715 transferre
2033 1698 2045 1714 ,
2071 1684 2184 1717 omnes,

1301 1732 1336 1759 ut
1361 1729 1407 1756 ita
1431 1724 1551 1763 dicam,
1575 1725 1754 1764 petulantiae
1773 1726 1916 1759 rudentes
1939 1747 1951 1764 ‚
1990 1725 2143 1766 explicant
2168 1747 2183 1764 ‚

1302 1774 1336 1812 Q·
1358 1773 1439 1815 quod
1456 1773 1534 1812 estin
1561 1774 1719 1806 Proverbio
1733 1798 1743 1813 ,
1766 1779 1863 1817 ignem
1884 1780 1916 1806 in
1936 1779 2035 1818 ignem
2060 1775 2183 1807 deriva-

1301 1834 1332 1855 re
1345 1846 1357 1862 ‚
1381 1833 1418 1855 ac
1437 1829 1542 1864 priora
1562 1823 1644 1856 mala
1665 1823 1828 1862 majoribus
1853 1825 1997 1857 cumulare
2025 1834 2080 1855 non
2094 1822 2177 1855 dubt-

1300 1881 1369 1905 tant
1383 1896 1394 1912 ,
1421 1873 1492 1905 dum
1502 1875 1672 1909 civitatum
1691 1875 1812 1915 populos
1828 1872 2022 1916 seditionibus
2046 1879 2180 1916 invicem.

1299 1927 1489 1957 committunt
1508 1946 1517 1954 .
1554 1923 1719 1965 Loquitur
1745 1923 1915 1959 adversum
1940 1922 2123 1967 Episcopos.
2145 1923 2180 1957 &

1300 1972 1448 2007 Clericos
1466 1996 1474 2006 .
1505 1971 1566 2006 Per
1587 1973 1739 2016 praeterita
1762 1973 1904 2016 ipsorum
1927 1972 2063 2009 crimina
2080 1972 2182 2009 ‘intel-

1302 2021 1375 2064 ligit
1406 2019 1545 2054 Arianas
1567 2022 1626 2058 sub
1646 2021 1832 2058 Constantii
1849 2022 1990 2064 Imperio
2010 2031 2087 2055 cum
2110 2020 2182 2055 Ca-

1300 2069 1432 2104 tholicis
1470 2070 1541 2104 lites
1565 2094 1576 2110 ,
1618 2071 1650 2107 &
1674 2071 1773 2106 varias
1794 2069 1871 2108 hinc
1904 2081 1995 2108 natas
2016 2070 2184 2105 turbulen-

1301 2122 1360 2153 tias
1385 2144 1392 2151 .
1432 2119 1582 2155 Affirmat
1605 2120 1692 2160 quod
1713 2120 1770 2154 has
1793 2122 1961 2156 miseratus
1977 2131 2045 2158 non
2072 2120 2183 2154 vindi-

1300 2168 1398 2208 carit,
1428 2169 1513 2202 varie
1535 2179 1644 2204 tamen
1669 2170 1812 2204 froenarit
1840 2196 1848 2204 .
1888 2170 2001 2205 Primo
2024 2170 2112 2213 quod
2133 2170 2183 2206 eis

1299 2228 1433 2252 ornnem
1456 2218 1588 2253 civilem
1611 2218 1644 2250 in
1669 2218 1875 2253 Christianos
1892 2221 2031 2261 populos
2054 2219 2182 2262 jurisdi-

1299 2266 1440 2303 stionem
1464 2267 1648 2304 abstulerit:
1677 2267 1829 2303 Secundo
1851 2291 1862 2307 ,
1899 2267 1989 2313 quod
2015 2270 2062 2305 eis
2100 2280 2182 2304 cou-

1301 2316 1392 2350 scribi
1415 2317 1551 2351 vetuerit
1572 2317 1760 2352 testamenta
1783 2328 1838 2351 aut
1858 2316 1966 2362 legata.
1989 2343 1996 2351 .
2030 2318 2102 2352 Lex
2127 2329 2182 2361 pe-

1300 2367 1354 2403 riit
1374 2377 1430 2403 aut
1450 2367 1528 2400 latet
1543 2391 1550 2400 .
1577 2366 1719 2401 Videtur
1742 2379 1809 2401 non
1832 2366 2053 2405 dubitandum
2066 2390 2077 2406 ,
2095 2368 2178 2411 quin

1299 2417 1331 2450 δε
1355 2416 1543 2451 Monachos
1566 2416 1849 2460 comprehenderit
1886 2441 1894 2451 .
1938 2417 2071 2456 Etenim
2095 2418 2178 2456 sum-

1299 2476 1369 2499 mus
1389 2466 1511 2509 Iuliani
1538 2466 1759 2503 Encomiastes
1781 2467 1901 2501 Comes
1924 2469 2095 2510 Zozymus
2109 2468 2174 2502 haec

1299 2516 1339 2549 de
1358 2516 1428 2549 istis
1452 2516 1560 2552 scribit
1584 2530 1591 2550 :
1634 2516 1773 2550 Monacbi
1793 2519 1933 2560 legitimis
1958 2523 2074 2559 nuptiis
2090 2517 2175 2557 absti-

1299 2573 1368 2598 nent
1381 2590 1391 2606 ,
1417 2567 1451 2600 ἐς·
1474 2575 1538 2598 tam
1561 2571 1593 2599 in
1613 2566 1733 2600 urbibus
1764 2570 1855 2608 qutim
1875 2573 1908 2599 in
1933 2573 2009 2602 vicis
2035 2568 2176 2609 populosa

1299 2615 1426 2659 Collegia
1448 2617 1591 2657 complent
1613 2615 1781 2650 bominibus
1802 2622 1940 2658 innuptis
1953 2641 1963 2657 ‚
1992 2628 2042 2650 nec
2053 2618 2097 2650 ad
2119 2617 2176 2650 bel·

1299 2667 1359 2698 lum
1380 2677 1430 2698 nec
1439 2667 1530 2699 alium
1540 2666 1714 2708 Reipublicae
1727 2666 1911 2708 neceffarium
1932 2665 2016 2709 usum
2030 2669 2143 2702 idoneis
2162 2690 2176 2707 ‚

1300 2713 1353 2755 nisi
1380 2716 1462 2758 qued
1480 2722 1534 2750 vla
1558 2718 1691 2758 quiedam
1721 2717 1849 2760 progreffi
1872 2715 1912 2749 ab.
1943 2726 1975 2751 eo
1995 2724 2121 2758 tempore
2143 2721 2176 2748 in

1298 2765 1376 2800 banc
1395 2763 1482 2809 usque
1506 2767 1584 2801 diem
1610 2790 1620 2805 ,
1659 2778 1800 2810 magnam
1827 2773 1916 2799 terrae
1942 2773 2066 2806 partem
2086 2764 2176 2807 adse

1299 2814 1527 2856 transtulerint,
1555 2818 1588 2850 <5
1606 2814 1665 2858 sub
1682 2824 1834 2858 praetextu
1848 2839 1858 2855 ,
1883 2812 1966 2860 quafi
1981 2826 2045 2850 cum
2063 2823 2180 2856 paupe·
2212 2832 2213 2837 =

1298 2865 1382 2900 ribus
1404 2871 1502 2898 omnia
1526 2872 1735 2900 communicent
1749 2890 1759 2906 ‚
1786 2877 1904 2906 omnes,
1927 2866 2021 2906 prope
2035 2865 2174 2903 dixerim,

1297 2916 1340 2951 ad
1363 2919 1493 2956 inopiam
1516 2917 1706 2959 redegerint.
1746 2916 1877 2950 Eisdem
1898 2913 1983 2950 haud
2005 2912 2104 2948 dubie
2128 2925 2176 2949 ra-

1297 2964 1445 2998 tionibus
1470 2965 1618 3007 Julianus
1649 2965 1963 3008 super-aedificavetit
1988 2965 2077 2998 suam
2114 2963 2178 2997 Le-

1296 3025 1387 3059 gem.
1418 3013 1497 3056 Ejus
1518 3025 1641 3056 partem
1663 3014 1863 3051 resuscitavit
1889 3014 2016 3057 primus
2041 3012 2171 3047 Valen-
2208 3052 2216 3057 N

1296 3064 1439 3098 tinianus
1475 3087 1486 3103 ‚
1522 3063 1607 3099 hanc
1624 3065 1701 3099 vero
1735 3064 1879 3109 Magnus
1907 3061 2116 3097 Theodosius
2135 3073 2174 3102 ac

1295 3115 1439 3161 optimus
1450 3113 1635 3150 Martianus
1648 3115 1937 3151 circumduxerunt
1956 3138 1964 3146 .
2130 3114 2132 3117 ’

1497 3212 1774 3250 CAPUT
1849 3212 1972 3249 XIII..

1296 3304 1500 3356 exponuntur
1525 3324 1601 3346 vera
1635 3314 1719 3355 apud
1745 3316 1865 3346 Graecos
1885 3313 2028 3347 ‘exordia
2062 3321 2172 3345 manus

1468 3373 1614 3403 mortuae,
1640 3373 1728 3409 atque
1754 3361 2004 3406 amortisationis.

1373 3462 1472 3498 Rima
1483 3460 1597 3496 harum
1609 3463 1858 3498 rerumexordia
1880 3464 1952 3496 sunt
1974 3460 1992 3494 ὲ
2015 3457 2172 3502 posterio-

1396 3513 1484 3551 ribus
1498 3514 1686 3550 Graecotum
1697 3511 1964 3560 Imperatotibus.
1991 3509 2049 3546 Ab
2068 3509 2171 3553 Impe-

2014 3569 2119 3597 tatore

2195 2441 2269 2476 Lib.
2291 2454 2324 2491 ς,

2192 2491 2254 2529 foi.
2266 2502 2324 2544 97.
2361 2503 2363 2505 ’
