2366 3736
379 105 484 164 ‘354

970 94 1608 144 DtssnnrArxo

340 185 419 220 cnm
431 185 501 219 face
510 205 522 225 ‚
531 179 659 228 aliaque
669 180 703 215 id
714 190 819 226 genus
832 204 839 212 .
867 178 1090 215 plurimorum
1105 189 1230 217 mentes

340 233 365 269 ἱ
373 243 507 268 terrenis
520 234 650 279 erigunt
660 233 697 265 ad
715 233 897 267 Dominum
908 232 1037 266 Deum,
1062 231 1173 278 Qare
1188 233 1231 265 vi-

340 284 461 321 dentur
480 284 531 318 isti
556 285 655 316 etiam
677 282 817 324 tempori
837 281 1194 325 insigniterconvenire
1220 307 1227 313 .

341 334 386 371 Et
399 328 545 378 plurimae
557 343 611 374 per
620 342 757 367 omnem
773 332 938 374 Europam
963 332 1109 368 Ecclefiae
1129 332 1228 367 etiam

346 384 430 418 infra
448 382 647 418 sacramenti
671 381 812 417 ,Ossavas
833 382 1013 425 procedunt
1040 383 1108 425 post
1138 383 1229 414 meri-

1288 178 1373 213 otdo
1394 202 1407 221 ‚
1430 190 1528 223 quem
1547 175 1707 214 Romanae
1735 178 1884 215 Ecclefiae
1908 179 1999 216 dedit
2026 176 2174 221 Magnus

1247 221 1253 306 s
1273 189 1470 276 lGregorius
1482 255 1492 270 ,
1519 230 1581 265 fuit
1598 229 1826 266 'devotiffimus
1844 242 1882 263 ac
1896 231 2172 276 elegantiffimus.

1293 278 1334 313 Et
1361 280 1465 316 facilis
1492 279 1606 315 induci
1632 281 1666 317 in
1690 291 1795 316 mores
1809 306 1816 314 .
1843 281 1938 316 Certe
1948 280 2013 317 haec
2027 282 2173 317 inductio

1296 330 1411 374 spestat
1422 330 1462 364 ad
1480 330 1627 364 officiu'm
1642 331 1879 376 Episcoporum
1893 355 1900 363 .

1341 380 1394 415 De
1406 380 1632 415 indecentibus
1640 381 1829 424 speetaculis
1841 393 1878 414 ac
1889 378 2041 416 inanibus
2052 382 2173 423 spesta·

336 433 426 468 diem
441 457 449 464 .
476 432 524 465 lta
548 431 695 474 procedit
717 432 880 468 Vaticana
905 431 1063 467 Romana:
1079 432 1249 482 Eccleliae}
1290 429 1414 466 toribus
1435 432 1527 474 supra
1555 432 1738 466 audivimus
1761 431 1898 467 salutare
1909 430 2088 466 Decretum
2103 432 2172 464 Do-

338 483 474 519 Basiiica
485 504 496 519 ‚
525 480 685 517 honorata
700 483 860 519 comitam
875 482 1016 525 plurium
1035 481 1228 516 Eminentis-

334 532 490 569 fimorum
512 531 738 570 Dominorum
766 533 992 567 Cardinalium
1006 558 1014 565 .
1027 532 1031 535 ’
1044 532 1087 566 Et
1101 533 1144 565 ita
1160 533 1228 568 sua·

335 583 389 617 det
414 582 645 619 caeremoniale
671 582 926 625 Episcoporum:
954 584 1047 616 Solita
1068 580 1105 621 est
1133 589 1226 616 etiam

332 632 443 667 ollava
466 634 515 666 dle
536 632 628 673 bujut
642 632 725 672 Festi
732 633 793 675 post
805 631 947 675 Vesperas
956 631 1020 672 fieri
1029 633 1159 674 proctjffio
1183 634 1228 667 ad

332 684 535 724 reponendum
561 683 773 725 5am¹7iffirnum
794 686 1039 722 sacramentum,
1068 694 1136 724 quae
1163 694 1221 715 non

331 741 398 768 tam
409 731 550 775 solemnis
564 758 574 775 ,
602 734 732 777 &longa
745 740 799 768 via
811 757 823 773 ‚
849 742 883 766 ut
893 738 996 774 prima
1008 757 1018 772 ,
1041 731 1099 776 sed
1107 733 1159 764 vel
1166 742 1223 774 per

331 782 490 824 Ecclefiam
501 807 512 824 ‚
540 784 593 818 vel
596 785 707 826 parum
717 787 798 817 circa
811 793 901 816 extra
910 794 979 816 eam
997 781 1068 827 fieri
1078 783 1170 815 debet
1180 808 1187 814 .

382 832 604 868 plurimorum
618 834 695 868 item
710 843 782 867 mos
796 833 839 868 est
853 833 1086 877 proceffionem
1100 857 1110 872 ‚
1123 843 1220 875 quam

328 883 488 969 {inatutini
501 883 623 921 imbres
633 883 820 931 impediunt
830 909 842 927 ‚
865 881 1027 918 celebrare
1041 883 1111 927 post
1123 884 1221 918 meri*

354 944 418 969 iem
430 958 440 971 ‚

379 983 525 1033 Quaestio
536 993 649 1027 quarta
662 982 706 1018 est
722 1009 732 1025 ,
759 994 907 1028 quaenam
919 982 1125 1028 singulariter
1140 996 1220 1018 con-

328 1033 453 1071 ducant
467 1037 506 1067 ad
522 1035 735 1069 reverentiam
749 1045 784 1067 ac
797 1034 949 1077 pietatem
967 1034 1080 1068 harum
1096 1036 1220 1076 proces·

327 1085 478 1120 fionum?
505 1084 703 1127 Respondeo
728 1086 791 1119 effe
817 1085 903 1118 varia
915 1110 922 1117 .
952 1083 1099 1119 Primum
1120 1083 1219 1118 edicit

332 1135 366 1168 in
389 1135 493 1179 prima
517 1136 569 1168 sua
583 1135 723 1181 Synodo
740 1134 799 1168 sub
812 1134 911 1167 titulo
925 1132 965 1166 de
980 1133 1219 1176 pertinenthus

326 1185 368 1219 ad
390 1187 637 1220 Sacramentum
661 1185 689 1218 S.
706 1183 915 1219 Eucharistiae
938 1186 970 1217 S.
985 1183 1128 1219 Carolus
1143 1183 1208 1217 Bor

326 1245 482 1268 romaeus:
512 1236 568 1267 Die
591 1235 675 1274 Festo
687 1241 829 1276 Corporis
844 1233 954 1276 Christi
973 1237 1095 1266 Domini
1118 1257 1129 1274 ,
1153 1246 1218 1267 cum

320 1283 426 1332 sacros
422 1284 510 1318 aneia
534 1288 563 1316 E
568 1283 724 1324 ucharrstia
743 1292 776 1317 in
794 1283 919 1327 solemni
931 1286 1148 1326 supplicatione
1167 1297 1215 1329 ge-

317 1335 434 1378 statur,
460 1335 490 1378 fi
497 1334 631 1376 adfuerit
646 1338 675 1367 E
676 1333 813 1377 pifi'opus
833 1360 843 1376 ‚
867 1341 894 1370 ir
908 1333 1085 1375 eofcrendae
1100 1338 1126 1370 Ε
1131 1334 1217 1368 ucha-

326 1386 416 1423 rilliae
437 1386 523 1427 officio
536 1386 709 1429 fungatur,
738 1389 769 1419 51
796 1397 853 1418 non
864 1384 1000 1426 adfuerit
1018 1408 1028 1425 ,
1055 1387 1090 1419 id
1109 1390 1216 1417 munuc

325 1446 489 1479 exequatur
499 1434 576 1478 folus
590 1442 615 1469 ir
631 1436 785 1475 Presbyter
799 1459 809 1475 ‚
838 1443 890 1479 qui
909 1434 1069 1477 secundum
1088 1434 1213 1477 Episco-

318 1494 410 1528 pum,
435 1495 491 1528 pro
500 1488 552 1519 loci
564 1487 625 1528 ejus
637 1484 845 1527 consuetudine
858 1510 868 1526 ,
896 1485 1002 1518 bonore
1014 1490 1128 1518 caeteris
1139 1494 1214 1526 prae-

315 1536 381 1580 stat
395 1562 399 1567 .
430 1541 464 1569 N
467 1536 503 1579 tfi
522 1549 560 1570 ex
584 1537 745 1579 privilegio
770 1543 821 1569 aut
841 1534 1044 1578 consuetudine
1069 1536 1113 1567 ad
1124 1536 1216 1568 alium

325 1586 533 1626 Presbyterum
544 1598 579 1618 ea
594 1597 666 1619 cura
684 1592 842 1626 pertineat
853 1609 861 1617 .
889 1582 1101 1630 Quibusdam
1125 1585 1213 1618 enim

324 1637 358 1672 in
382 1636 463 1671 locis
487 1636 537 1678 pia
559 1634 808 1668 fundatioissud
821 1644 940 1667 munus
952 1634 1111 1668 adstruxit
1125 1646 1215 1668 certo

324 1686 510 1720 beneficio.
539 1684 649 1717 Etiam
669 1684 803 1725 expedit
817 1706 827 1723 ,
854 1694 890 1716 ut
915 1683 1026 1726 populi
1040 1695 1099 1726 per
1112 1685 1211 1717 sacro·

322 1735 469 1771 sanstum
490 1733 738 1769 Sacramentum
754 1731 945 1765 Benedictio
969 1734 1093 1775 semper
1119 1733 1214 1767 detur

322 1785 366 1821 ab
380 1784 545 1827 Episcopo
558 1806 568 1821 ,
594 1791 651 1815 aut
674 1779 761 1815 certe
782 1782 800 1815 a
821 1780 965 1825 digniori
984 1780 1179 1822 Presbytero
1205 1806 1213 1814 .

323 1835 368 1871 Et
382 1835 426 1868 ita
439 1832 582 1869 omnino*
593 1830 783 1868 observatur
795 1831 829 1865 in
842 1831 928 1867 rectae
950 1830 1128 1877 disciplinae
1141 1831 1214 1865 Mo-

324 1883 472 1924 n'asteriis
482 1907 490 1918 .
883 1881 886 1883 ⁴

374 1935 528 1971 Alterum
550 1943 703 1978 congruae
724 1931 912 1968 devotionis
925 1932 1098 1967 articulum
1113 1932 1211 1965 edicit

325 1985 415 2022 idem
443 1985 474 2019 S.
487 1984 630 2020 Carolus
650 1984 685 2018 in
699 1984 811 2018 eadem
823 1983 964 2029 Synodo
976 1984 1015 2016 ad
1028 1981 1162 2017 titulum
1174 1981 1214 2015 de

325 2034 594 2071 Proceffionibus
605 2046 644 2068 ac
654 2032 957 2078 Supplicationibus
971 2035 1124 2069 :Videant
1137 2036 1211 2074 Epi-

322 2085 427 2134 scopi,
452 2093 485 2118 ut
509 2090 542 2119 in
572 2085 841 2127 supplicationibus
861 2095 896 2116 oc
910 2083 1131 2124 Proceffionibus
1151 2089 1211 2127 quir

329 2135 502 2180 buscumque
510 2133 680 2178 praesertim
691 2146 756 2170 cum
763 2133 942 2178 santqiffima
954 2133 1141 2173 Eucharistia
1161 2139 1213 2166 cir—

329 2186 493 2229 cumfertur
501 2210 511 2225 ,
540 2187 574 2221 ὠ·
586 2196 651 2219 cum
654 2186 834 2228 frequenter
849 2186 981 2226 Populus
992 2186 1036 2218 ad
1045 2182 1186 2223 Ecclcfias
1204 2207 1214 2223 ,

330 2237 530 2279 Indulgentiae
541 2260 551 2275 ,
586 2235 663 2274 Festi
676 2237 751 2274 diei,
762 2235 858 2277 sacrae
867 2239 1019 2269 Contionis
1024 2240 1129 2279 gratia
1142 2257 1150 2271 ‚
1164 2234 1217 2267 vel

332 2284 395 2319 alia
406 2288 442 2320 de
452 2284 541 2327 causa
551 2290 708 2319 convenire
713 2285 789 2327 solet
800 2309 810 2325 ‚
836 2297 872 2319 ea
884 2283 1020 2323 modestia
1034 2287 1067 2320 (9*
1078 2294 1203 2318 reveren

331 2341 378 2372 tia
401 2334 580 2369 adhibeatur
602 2359 611 2374 ‚
639 2345 707 2376 quae
733 2337 798 2370 Piis
819 2335 853 2368 (9
876 2334 1024 2377 Religiofis
1046 2332 1143 2377 hujus
1138 2335 1215 2367 modi

336 2384 509 2421 Adiionibus
521 2386 656 2420 „ianime³
665 2384 786 2419 debetur
799 2381 807 2418 ‚³
835 2387 888 2416 Ne
896 2388 976 2416 inter
989 2389 1073 2417 viam
1085 2389 1216 2416 inaniter

329 2434 489 2482 spectandi
495 2438 600 2478 gratia
604 2432 776 2479 subfillatur
788 2457 795 2468 .
824 2436 878 2467 Ne
884 2444 951 2477 quae
965 2434 1063 2467 minus
1076 2434 1197 2466 aeream
1209 2455 1219 2471 ,

332 2485 502 2531 spet‘i'acula
528 2483 730 2520 adhibeantur
754 2508 761 2515 .
801 2486 851 2519 Ne
877 2482 1007 2517 afflones
1031 2491 1086 2524 pro
1101 2482 1218 2525 foribut

336 2537 449 2578 aedium
459 2559 470 2577 ‚
481 2539 577 2568 autin
589 2540 644 2567 via
655 2533 904 2577 repraesenteniur
916 2558 922 2565 .
939 2532 974 2571 U
982 2532 1015 2568 bi
1028 2533 1118 2567 vides
1131 2532 1218 2576 quod

335 2582 519 2629 &Carolus
531 2584 565 2617 in
581 2584 750 2625 Ecclcfiis‚
767 2584 851 2626 apud
865 2592 943 2624 quas
953 2582 999 2618 est
1012 2582 1219 2627 indulgentia

336 2631 392 2670 aut
404 2634 563 2679 fingulare
574 2634 702 2668 Festum
716 2659 726 2674 ,
756 2634 919 2677 permittat
933 2634 1058 2677 exponi
1075 2632 1221 2667 sanstiffi-

337 2685 723 2724 mumSacramentum‚&
732 2683 1007 2727 processionaliter
1013 2683 1220 2721 circumferri.

390 2734 488 2773 ,Istam
503 2733 656 2777 pietatem
667 2733 850 2769 elucidat&
863 2734 993 2776 adjuvat
1006 2734 1038 2766 in
1050 2734 1151 2776 prima
1165 2734 1219 2770 sua

338 2785 483 2824 Limenfi
504 2781 642 2830 Synodo
665 2783 814 2819 laudatus
843 2783 984 2826 ejusdem
997 2783 1149 2818 Civitatis
1162 2783 1218 2816 Ar-

340 2833 615 2878 chi-Episcopus;
645 2835 713 2876 ,Quo
739 2842 867 2876 tempore
892 2833 931 2866 ab
941 2833 1064 2875 Ecclefia
1077 2833 1219 2878 solemnes

336 2884 506 2933 sancliffimi
519 2883 631 2924 Christi
643 2883 972 2925 CorporisProceffiones
992 2894 1141 2927 aguntur,
1157 2885 1220 2918 nul-

342 2938 375 2974 la
393 2935 593 2978 faeminarum
623 2932 797 2976 discooperto
823 2935 909 2967 vultu
930 2941 985 2975 per
1005 2940 1074 2966 vias
1084 2935 1219 2975 publicas

342 2986 505 3021 inambulet
517 3010 527 3028 ‚
540 2986 593 3021 vel
601 2986 637 3018 de
642 2983 782 3025 fenestris
787 2981 962 3025 prospiciat.
977 2986 996 3016 5
998 2985 1037 3016 ed
1045 2996 1111 3025 quae
1122 2996 1221 3016 omnes

342 3033 499 3079 observent
513 3059 523 3075 ,
551 3046 587 3069 ne
598 3037 720 3068 levitate
726 3034 871 3078 foeminea
883 3034 902 3066 ἃ
914 3034 1002 3068 cultu
1018 3037 1073 3067 Dei
1081 3036 1222 3075 populum

344 3083 533 3128 avocent‚ftd
539 3083 680 3131 Religioso
686 3084 788 3128 potius
800 3083 978 3125 modestoque
990 3083 1093 3118 babitu
1105 3085 1138 3117 (ς
1145 3083 1223 3129 gestu

344 3136 496 3172 internam
503 3134 596 3178 fidem
609 3160 618 3175 ,
642 3140 840 3176 pietatemque
848 3132 1000 3176 sedentur
1011 3157 1018 3164 .
1033 3133 1221 3177 Magistratus

345 3196 458 3231 quoque
470 3196 503 3219 ac
516 3184 694 3226 Reipublica-
707 3184 856 3224 Ministros
869 3195 1016 3217 monemus
1028 3194 1115 3228 atque
1126 3183 1223 3216 borta-

346 3248 413 3271 mur
430 3241 464 3271 in
486 3239 610 3270 Domino
623 3258 633 3274 ,
658 3243 691 3268 ut
714 3237 826 3269 eaedem
843 3232 979 3277 sancitus
992 3235 1222 3275 supplicationes

347 3297 479 3334 agantur
493 3310 504 3326 ‚
529 3285 602 3321 dent
620 3283 722 3328 sedulo
734 3293 872 3326 operam,
905 3295 941 3317 ne
960 3283 1224 3326 virifoeminaeqoe

349 3342 469 3369 mixtim
478 3333 651 3378 confuseque
661 3335 817 3374 incedant,
824 3333 1027 3377 sedpraeeant
1042 3340 1103 3372 viri
1114 3346 1224 3370 omnes,

351 3385 508 3425 Mulieres,
531 3387 629 3426 juxta
648 3383 827 3426 Prophetam
839 3409 849 3422 ‚
871 3382 1155 3427 seorfimse'quantur
1168 3388 1224 3416 Dei

1281 1131 1313 1163 in
1339 1132 1392 1165 sua
1404 1132 1542 1175 Synodo
1555 1131 1766 1167 Venerabilis
1777 1134 1966 1174 Ludovicus
1990 1134 2007 1166 a
2032 1133 2166 1173 Guisia,

1282 1180 1311 1214 R
1468 1181 1618 1217 Ecciefiae
1642 1182 1826 1217 Cardinalis
1849 1207 1858 1222 ,
1885 1194 1922 1216 ac
1952 1183 2165 1217 Remenfium

1290 480 1372 513 mini
1397 480 1544 524 Adolphi
1562 480 1831 525 Archi-Episcopi
1855 481 2062 516 coloniensis
2078 492 2086 512 τ
2110 483 2172 513 Sae·

1286 530 1394 564 culam
1412 529 1570 570 stultorum
1592 530 1742 564 hominum
1753 537 1877 566 vanitas
1888 529 1991 574 erepsit
2001 556 2010 570 ,
2039 534 2073 565 cb·
2084 528 2170 563 adbi-

1287 578 1393 614 bentur
1404 585 1495 614 etiam
1515 581 1713 627 Iudiprofani
1724 584 1758 616 e,-
1768 581 1903 625 scurriles
1918 594 2023 626 magno
2028 582 2169 622 strepitu,

1286 631 1320 663 Θ
1340 629 1425 673 quasi
1441 632 1485 663 ad
1495 631 1601 665 bellum
1615 634 1835 674 procedendum
1844 633 1927 674 caet,
1953 639 2092 674 timpana
2100 631 2170 672 pul-

1280 677 1390 721 santur
1402 705 1411 720 ‚
1437 683 1471 715 (v
1482 680 1574 723 otiosa
1587 680 1756 725 spellacula
1766 684 1896 715 eduntur
1907 706 1917 723 ,
1938 682 2025 715 rebus
2037 682 2098 723 istit
2110 692 2169 713 non

1283 738 1473 773 congruentia
1489 755 1499 771 ‚
1510 731 1617 774 quibus
1626 735 1753 775 populus
1766 731 1930 766 delectatus
1944 756 1954 771 ,
1969 734 1990 765 ἁ
2002 732 2087 766 rebus
2100 742 2170 774 quae

1287 782 1456 820 Proceffione
1468 790 1616 825 aguntur,
1644 791 1807 821 avocatur.
1835 782 2018 815 Mandamus
2039 783 2147 814 idcirco
2157 805 2167 821 ‚

1284 840 1317 862 ut
1324 832 1420 871 juxta
1433 833 1451 863 5
1453 843 1530 865 acrae
1541 831 1691 874 Caesareae
1704 833 1870 873 Maiestatis
1888 832 2126 873 reformationem
2154 855 2165 870 ‚

1284 882 1433 922 qutdquid
1451 894 1509 915 non
1531 883 1615 915 valet
1636 885 1681 915 ad
1698 885 1884 917 devotionem
1905 884 2120 921 excitandam,
2146 883 2167 914 ἃ

1286 932 1504 972 Proceffonibus
1520 943 1728 973 removeatur,
1750 932 1806 977 sed
1820 932 1881 973 sint
1899 934 2084 973 Proceffiones
2095 943 2168 965 com-

1278 980 1377 1022 pofitae
1387 1004 1398 1021 ,
1420 992 1535 1025 graves
1545 1007 1555 1022 ,
1568 983 1699 1022 modestae
1714 1009 1721 1016 .
1746 983 1843 1024 Abfint
1856 981 1951 1024 risus,
1966 984 2029 1023 joci
2042 1007 2050 1021 ,
2062 981 2164 1022 confa-

1280 1030 1444 1064 bulationes
1457 1054 1466 1063 .
1491 1035 1537 1063 Et
1548 1042 1631 1066 orent
1644 1033 1773 1066 hommes
1789 1058 1799 1074 ,
1823 1044 1874 1066 aut
1881 1031 2022 1075 suaviter
2034 1035 2119 1066 corde
2132 1034 2167 1067 (5

1279 1092 1327 1114 ore
1339 1082 1540 1115 modulentur.
1569 1082 1734 1117 Adversus
1746 1085 1885 1117 eundem
1909 1083 2044 1116 abusum
2061 1084 2170 1116 sanxit

1281 1231 1576 1275 Archi-Episcopus
1593 1245 1602 1265 t
1626 1238 1662 1267 In
1668 1232 1790 1275 solemni
1801 1232 1885 1272 Festo
1896 1258 1905 1271 ‚
1933 1235 1952 1265 5
1954 1233 2166 1273 applicatione-

1279 1292 1332 1326 que
1345 1285 1484 1323 Corporis
1499 1281 1609 1321 Christi
1620 1283 1699 1327 obfier
1705 1291 1788 1317 vetur
1797 1282 1900 1316 εκαᾶἐ
1912 1285 2018 1314 Canon
2031 1283 2067 1314 de
2085 1279 2172 1315 ludi-

1279 1337 1339 1366 cris
1348 1332 1543 1374 prohibendis
1554 1332 1655 1366 diebus
1668 1336 1698 1367 F
1699 1333 1762 1372 estis
1768 1332 1908 1377 superius
1918 1333 2067 1376 expreffus
2080 1356 2087 1364 .
2101 1336 2167 1366 Ne·

1280 1383 1336 1425 qui,3
1344 1382 1447 1416 'larva
1459 1384 1493 1416 <9⁹
1500 1382 1653 1425 personati
1661 1383 1792 1416 homines
1805 1383 1897 1427 adesse
1917 1389 2135 1424 permittantur
2153 1405 2167 1423 ,

1280 1443 1331 1474 qui
1343 1434 1488 1475 Populum
1500 1436 1520 1465 ἃ
1535 1433 1681 1477 Religiosa
1691 1435 1936 1475 contemplatione
1946 1435 1980 1467 (ν
1991 1433 2167 1468 adoratione

1282 1488 1363 1514 tanti
1382 1482 1509 1523 Myflerii
1529 1493 1673 1518 avocent.
1701 1484 1867 1520 Laudatus
1882 1483 2002 1517 Canon
2014 1482 2059 1516 est
2074 1481 2129 1516 hic
2154 1506 2165 1517 .

1283 1534 1364 1565 Ludi
1376 1532 1541 1567 theatrales
1550 1557 1561 1573 ,
1574 1539 1665 1567 etiam
1673 1543 1831 1576 praetextu
1842 1532 2062 1577 consuetudinis
2072 1555 2083 1571 ,
2107 1543 2168 1567 ex-

1281 1581 1483 1626 hiberisolitor
1495 1608 1506 1624 ‚
1535 1585 1706 1627 &puerilia
1715 1593 1824 1619 caetera
1835 1586 1954 1618 ludicra
1967 1608 1978 1624 ,
1987 1583 2094 1625 quibui
2107 1585 2167 1615 Ec·

1280 1631 1368 1673 clefiae
1388 1639 1573 1675 imquinatur
1583 1634 1716 1675 honestas
1730 1633 1919 1677 &fantinus
1930 1658 1941 1678 ‚
1966 1640 1999 1666 in
2011 1624 2121 1680 Christi
2131 1634 2166 1667 <5
2208 1664 2210 1666 ,

1281 1681 1452 1714 samiorum
1473 1683 1704 1721 Festivitatihus
1725 1687 1842 1718 omnino
1852 1683 2058 1726 probibemus.
2086 1689 2164 1717 con-

1280 1740 1328 1764 tra
1348 1736 1479 1766 nitentes
1500 1738 1599 1775 poem‘s
1611 1738 1732 1766 coerceri
1750 1734 1884 1766 volumui
1897 1732 2129 1774 &asperioribus
2155 1756 2164 1766 .

1281 1780 1490 1814 Coercendos
1513 1783 1708 1816 censuerunt
1729 1783 1828 1816 etiam
1849 1782 2024 1826 Adolphus
2046 1779 2167 1817 Archi·

1283 1827 1476 1872 Episcopus,
1507 1829 1540 1864 &
1551 1829 1581 1862 S.
1593 1829 1732 1863 Carolus
1746 1830 1950 1875 Borromaeus
1965 1854 1972 1862 .

1331 1878 1383 1914 Ex
1405 1874 1522 1912 eodem
1537 1879 1696 1925 principio
1712 1880 1880 1914 Dominus
1908 1879 2078 1914 Antonius
2088 1880 2168 1914 Car·

1279 1927 1397 1963 dinalis
1418 1929 1658 1963 Granvellanus
1669 1954 1680 1971 ‚
1707 1942 1744 1963 ac
1767 1930 1974 1964 Venerabilis
2001 1930 2163 1965 Matthias

1283 1979 1431 2019 Hovius,
1458 1978 1608 2014 Ecclefiae
1620 1979 1868 2015 Mechlinieniis
1881 1979 1990 2015 Archi·
2001 1980 2165 2023 Episcopi,

1280 2029 1312 2063 in
1333 2028 1395 2063 suis
1406 2029 1551 2072 synodis
1566 2031 1760 2065 sanxerunt:
1787 2031 1896 2064 Inillis
1906 2041 2006 2065 autem
2022 2031 2167 2071 Proceffio-

1280 2079 1367 2113 nibus*
1386 2081 1430 2113 ad
1451 2091 1529 2123 quas
1551 2082 1683 2123 Populus
1706 2093 1764 2115 non
1776 2090 1839 2113 tam
1850 2082 1972 2121 orandi,
1999 2083 2091 2123 quam
2098 2079 2167 2125 spe·

1278 2130 1383 2162 blandi
1390 2135 1494 2174 gratia
1505 2130 1670 2175 confluere!
1667 2133 1723 2164 olet
1733 2155 1745 2171 ,
1773 2131 1953 2170 abstineatur
1967 2156 1973 2165 .
2005 2131 2133 2174 Utique
2145 2130 2164 2164 ὲ

1280 2178 1533 2216 circumferenda
1561 2180 1762 2216 Eucharistia
1773 2206 1780 2215 .
1814 2181 1962 2225 Exponit
1986 2181 2017 2215 in
2034 2184 2085 2214 sua
2099 2181 2166 2224 syo

1283 2231 1373 2265 nodo
1401 2231 1572 2264 Dominus
1596 2230 1739 2275 Joannes
1766 2232 1954 2273 Maltinus,
1984 2231 2164 2275 Episcopus

1283 2280 1523 2323 Antverpienfis
1537 2293 1544 2312 ;
1560 2283 1712 2326 ,Quoniam
1724 2288 1755 2313 in
1767 2282 1985 2321 Proceffionibus
1998 2305 2008 2320 ,
2027 2286 2103 2323 quas
2116 2292 2167 2315 vo·

1281 2340 1351 2364 cant
1375 2332 1620 2372 Dedicationum‚
1653 2332 1765 2367 multas
1786 2337 1907 2375 contigit
1919 2330 2092 2372 insolentias
2101 2332 2167 2371 ple-

1280 2392 1401 2424 rumque
1422 2386 1564 2415 committi
1574 2405 1585 2423 ,
1611 2382 1645 2415 ὦ·
1658 2384 1799 2426 quaedam
1823 2387 1925 2421 inepta
1937 2382 1971 2414 (ιν
1983 2378 2098 2421 lasciva
2110 2386 2167 2411 im·

1282 2430 1412 2474 misceri,
1440 2443 1509 2472 quae
1522 2441 1624 2465 tamen
1635 2443 1694 2463 non
1705 2432 1755 2473 effe
1767 2432 1922 2464 toleranda
1941 2431 2126 2462 decernimus
2154 2452 2166 2473 ‚

1281 2483 1400 2515 omnino
1419 2480 1610 2522 probibemus
1634 2486 1666 2514 in
1678 2481 1739 2514 illis
1754 2479 1926 2514 Venerabile
1939 2481 2167 2514 Sacramentum

1281 2529 1482 2571 circumferri,
1509 2530 1612 2580 Qod
1632 2531 1736 2573 ipsum
1765 2529 1932 2565 refflssime
1946 2529 2168 2576 statuerunt&

1283 2582 1351 2616 aliae
1366 2579 1539 2624 Belgarum
1553 2579 1700 2615 Ecclefiae
1712 2604 1719 2614 ‚
1749 2579 1881 2613 Etenim
1904 2579 2003 2613 varias
2015 2603 2025 2619 ,
2054 2578 2086 2612 in
2098 2579 2168 2613 De-

1282 2631 1488 2666 dicationum
1502 2629 1762 2666 Proceffionibus
1773 2629 1843 2664 fieri
1854 2630 2025 2665 consuetas
2035 2653 2046 2668 ,
2073 2630 2169 2664 saecu·

1284 2682 1363 2715 lares
1375 2680 1574 2716 vanitates&
1585 2680 1780 2724 petulantias
1791 2681 1913 2714 auferre
1926 2691 1991 2712 non
2006 2680 2175 2720 poterant)

1285 2731 1378 2767 Hine
1405 2730 1535 2774 penitus
1552 2728 1685 2772 expedit
1706 2731 1753 2766 eis
1767 2729 1910 2764 subtrahi
1927 2730 2168 2765 sanetiffimnm

1284 2783 1545 2817 Sacramentum.
1575 2779 1693 2816 Eidem
1716 2780 1878 2824 principio
1895 2779 2048 2814 innititur
2061 2779 2171 2814 laudn-

1285 2843 1356 2866 tum
1379 2832 1558 2865 Decretum
1585 2830 1732 2866 Ecclefiae
1746 2830 1899 2875 Iprenfis,
1925 2830 2111 2863 mandantis
2123 2838 2170 2861 ta-

1286 2882 1331 2917 les
1339 2880 1560 2916 Proceffiones
1572 2892 1639 2914 non
1653 2882 1723 2915 fieri
1735 2906 1745 2920 ,
1771 2882 1827 2915 nili
1839 2880 1954 2914 diebus
1967 2879 2166 2915 solemniori·

1286 2933 1365 2975 bus,
1392 2931 1443 2964 vel
1465 2942 1507 2965 cx
1527 2933 1631 2965 caussa
1652 2929 1992 2973 publicaeneceffitatis
2006 2953 2013 2962 .
2042 2928 2168 2963 Revera

1285 2983 1375 3016 enim
1388 2980 1567 3015 istiusmodi
1583 2981 1817 3020 Proceffiones,
1848 2979 1926 3015 dum
1939 2992 1977 3013 ex
1991 2979 2056 3011 sola
2069 2978 2169 3011 devo·

1285 3035 1377 3068 tione
1389 3031 1473 3066 fiunt
1483 3056 1494 3073 ,
1522 3042 1589 3067 non
1603 3031 1761 3075 quadrant
1771 3057 1780 3072 ‚
1795 3032 1850 3066 nili
1863 3030 2053 3064 diebusauti
2064 3041 2081 3061 n
2094 3037 2169 3063 toto

1285 3082 1415 3125 Populo
1428 3105 1439 3122 ,
1466 3082 1567 3115 autin
1582 3082 1692 3124 aliqua
1710 3081 1848 3117 Ecclesia
1861 3078 2110 3116 solemnioribus
2122 3104 2129 3113 .

1337 3131 1390 3166 Ad
1417 3131 1530 3166 harum
1545 3132 1790 3165 Proceffionum
1814 3130 1964 3173 pietatem
1978 3140 2015 3162 ac
2027 3132 2171 3164 rev'eren·

1283 3182 1363 3219 tiam
1390 3181 1547 3217 conducit
1574 3182 1671 3215 etiam
1685 3181 1748 3215 hoc
1760 3183 1789 3215 S.
1800 3179 1912 3214 Caroli
1938 3179 1962 3210 B
1976 3179 2113 3211 irsomael
2129 3178 2163 3213 in

1284 3242 1397 3278 quarta
1409 3232 1547 3275 Synodo
1559 3231 1738 3267 Decretum
1752 3243 1759 3262 :
1773 3234 1914 3263 canonici
1923 3229 2033 3272 singuli
2047 3253 2057 3268 ,
2071 3231 2104 3263 Φ
2116 3231 2169 3271 qui

1287 3286 1461 3326 Dignitates
1473 3281 1589 3315 babent
1599 3305 1609 3323 ,
1635 3291 1700 3315 cum
1711 3281 1892 3319 Proceffiones
1903 3280 2038 3320 publicas
2051 3302 2061 3317 ,
2085 3280 2168 3311 illam

1265 3343 1267 3369 i
1281 3331 1451 3376 praesertim
1474 3330 1632 3372 solemnem
1658 3342 1726 3374 quae
1754 3338 1784 3363 in
1805 3331 1974 3363 celebritate
1988 3326 2084 3370 sacra·
2107 3330 2169 3361 diei

1288 3386 1427 3424 corporis
1444 3384 1562 3413 Domini
1575 3386 1673 3424 agitur
1688 3405 1698 3419 ‚
1723 3390 1811 3422 atque
1819 3382 1896 3413 alias
1910 3384 1982 3413 item
2006 3385 2035 3410 in
2045 3386 2169 3419 portan—

351 3435 498 3480 Miniflros
509 3460 517 3468 -
529 3436 735 3473 Litaniarum
746 3435 800 3472 seu
812 3434 1057 3472 processionum
1068 3434 1184 3472 modus
1195 3436 1235 3471 ὃς·
1288 3437 1325 3470 do
1344 3430 1519 3474 Sanfflffimo
1539 3432 1726 3475 sacramento
1740 3430 1862 3478 singulis
1876 3428 2024 3474 Menfibus
2037 3427 2170 3466 constitu-

2070 3488 2120 3513 tas
