2366 3736
395 164 489 203 190

744 278 830 317 lx.

345 384 445 433 guod
451 384 584 427 gratiam
611 382 668 415 Dei
690 385 781 415 etiam
798 379 1050 425 bmizandorum
1061 381 1178 421 testetur
1187 386 1234 416 tn-

437 433 546 478 stituta
554 437 697 475 purgatio
706 456 717 474 ‚
730 432 794 466 ciam
804 430 972 475 exorcismis
986 434 1020 466 6·
1031 431 1136 476 exsufi·

501 481 624 522 flatione
635 485 768 525 spiritus
779 481 817 516 ab
828 489 871 516 eis
888 482 1048 526 abiguntur
1058 507 1065 515 .

387 582 477 618 Llud
499 582 623 622 etiam,
649 583 738 627 quod
753 583 839 618 circa
861 581 1074 626 baptizandos
1097 583 1132 618 in
1153 583 1225 617 uni·

413 634 502 669 verso
513 633 639 668 mundo
651 635 753 668 fausta
766 633 909 668 Ecclesia
921 634 1130 672 uniformiter
1141 633 1224 677 agit,

787 149 1072 208 ANHQJA
1109 145 1411 193 Ecctnstffl
1446 141 1735 194 Dficnnrn

1296 233 1481 268 celestinus
1503 233 1681 271 Pontifex.
1706 233 1822 269 Habent
1842 237 1853 279 ,’
1879 237 1988 284 inquit
2007 262 2018 280 ‚
2037 236 2067 282 fi
2085 235 2176 281 refiei-

1291 282 1379 326 fiant
1392 309 1402 324 ,
1428 289 1540 326 copiam
1560 287 1751 318 revertendi.
1781 284 1876 329 {Quod
1894 289 1941 322 his
1949 289 2019 333 solis
2035 301 2091 323 non
2099 297 2174 331 per·

1293 339 1423 367 mittitur
1435 359 1445 374 ,
1472 345 1541 376 quor
1556 342 1682 376 propria
1695 347 1759 368 cum
1782 335 1949 372 auetorabus'
1960 339 2100 382 baereseos
2113 350 2174 371 om*

1292 389 1374 417 nium
1385 387 1529 416 Fratrum
1540 385 1649 425 constat
1658 384 1875 428 subscriptione
1894 388 2055 423 damnato:
2077 415 2084 422 .
2112 392 2174 423 Per

1293 436 1348 467 Dei
1366 440 1443 467 enim
1465 432 1695 475 misericordiam
1715 437 1830 479 aliquos
1847 448 1885 470 ex
1895 445 1990 471 eorum
2002 451 2119 473 numero
2130 439 2174 472 ad

1289 494 1340 516 nos
1343 485 1413 524 jam
1424 483 1534 526 rediiffe
1541 485 1721 526 gaudemus.
1750 487 1831 535 Qae
1854 487 2008 523 Romana.
2031 489 2171 525 clemen-

1287 534 1331 567 tia
1342 534 1500 567 animavit
1514 535 1613 567 etiam
1626 535 1793 578 Julianum
1811 561 1822 577 ,
1848 538 1964 581 dequo
1986 539 2015 572 S.
2032 536 2169 583 Prosper

1286 582 1320 615 in
1336 583 1507 617 Chronico
1520 597 1530 617 :
1558 588 1622 617 Hac
1643 585 1811 628 tempestate
1816 589 1968 632 Julianus
1977 589 2165 631 *Heclanenfis

1285 631 1446 676 Episcopus
1459 658 1470 674 ,
1489 633 1719 674 jaHantlffimus
1733 638 1892 680 Pelagiani
1903 643 2006 671 erroris
2019 637 2163 681 adserton

333 694 404 718 non
439 684 550 719 otioso
577 684 840 727 contemplemur
863 684 987 717 intuitu
1011 695 1019 714 ;
1049 683 1136 718 Cum
1159 684 1222 717 five
1282 693 1369 724 quem
1392 685 1503 717 dudum
1529 686 1618 724 amfffi
1630 682 1828 728 Episcopatus
1849 692 2048 730 intemperans
2062 691 2168 731 cupido

331 733 479 777 parvuli,
505 733 569 768 five
588 734 722 777 juvenes
743 732 783 767 ad
805 732 1063 778 regenerationis
1078 733 1217 768 veniunt

329 783 597 825 Sacramentum,
627 796 695 819 non
717 783 803 827 prius
825 784 951 817 fontem
976 783 1050 817 vitae
1072 784 1218 824 adeunt,

325 833 426 877 quam
446 835 636 869 exorcismis
656 835 691 878 <St
711 832 995 870 exsufflationibus
1008 833 1213 869 Ciericorum

325 884 465 928 Spiritus
488 884 529 918 ab
551 885 596 918 eis
610 883 801 918 immundus
814 883 989 927 abigatur;
1016 893 1052 916 ut
1071 893 1154 919 tunc
1165 895 1214 918 ve-

323 932 358 968 ῐὲ
390 945 541 979 appareat
562 958 573 975 ‚
599 933 769 978 quomodo
803 934 953 977 princeps
978 933 1096 968 mundi
1118 932 1214 977 hujus

321 983 473 1019 mittatur
491 984 593 1025 foras,
619 985 653 1018 δε
675 984 845 1029 quomodo
867 983 955 1027 prius
968 982 1122 1027 alligetur
1135 985 1214 1019 For-

319 1034 386 1075 tis,
411 1035 444 1069 &
467 1035 620 1077 deinceps
641 1036 713 1068 vasa
723 1034 790 1076 ejus
800 1033 1018 1078 diripiantur,
1047 1035 1082 1068 in
1096 1035 1208 1078 posses·

318 1083 441 1119 fionem
461 1086 615 1119 translata
630 1085 762 1120 viCtoris
775 1109 787 1126 ,
812 1083 868 1127 qui
883 1083 1044 1125 caPtivam
1057 1083 1152 1118 duxit
1160 1095 1210 1118 ca·

318 1134 505 1176 ptivitatem
521 1159 532 1175 ‚
560 1135 593 1168 &
609 1135 665 1169 dat
688 1135 776 1168 dona
800 1132 1011 1167 homitibus.
1039 1133 1107 1166 His
1128 1145 1208 1178 ergo

315 1183 554 1218 Ecclefiasticis
567 1183 686 1228 regulis
700 1208 712 1224 ‚
735 1184 769 1218 ὃ(
780 1194 821 1217 cx
832 1183 943 1217 divina
954 1182 1090 1225 sumptis
1100 1185 1208 1217 austo-

314 1233 411 1267 ritate
434 1232 660 1274 documentis,
690 1232 737 1277 ita
761 1233 938 1276 adjuvante
950 1232 1103 1266 Domino
1128 1245 1205 1267 con·

313 1284 448 1327 formati
471 1284 580 1317 sumus
593 1308 604 1324 ,
632 1293 668 1318 ut
690 1283 843 1317 omnium
857 1282 1021 1317 bonorum
1034 1283 1203 1318 affefiuum

312 1343 411 1376 atque
431 1345 566 1377 operum
580 1357 591 1373 ,
617 1333 651 1368 r&
671 1334 824 1368 omnium
847 1332 1029 1367 studiorum
1040 1335 1202 1369 omnium-

312 1394 379 1426 que
401 1384 558 1417 virtutum
573 1407 583 1422 ,
609 1383 727 1426 quibus
746 1383 788 1416 ab
812 1382 910 1416 initio
932 1382 1008 1415 fidei
1033 1383 1071 1416 ad
1091 1383 1201 1418 Deum

310 1434 470 1468 fateamur
491 1434 669 1467 Auctorem
683 1457 693 1474 ,
720 1433 753 1467 δε
774 1443 842 1466 non
856 1430 1045 1466 dubitemus
1055 1432 1096 1466 ab
1110 1434 1202 1477 ipsius

310 1484 415 1528 gratia
441 1483 587 1517 hominis
611 1483 727 1517 merita
747 1482 915 1527 praeveniri
930 1507 941 1523 ‚
967 1493 1128 1526 perquem
1143 1486 1201 1523 fit,

309 1544 347 1567 ut
358 1534 483 1577 aliquid
499 1533 578 1568 boni
590 1534 623 1567 ἃ
635 1533 718 1567 velle
729 1533 927 1575 incipiamus
938 1532 970 1566 &
982 1532 1107 1566 facere.
1121 1533 1201 1580 Qo

308 1584 569 1629 utique-auxilio
593 1586 626 1616 ὅ(
648 1593 780 1617 munere
795 1583 861 1617 Dei
874 1594 942 1616 non
957 1581 1099 1616 aufertur
1123 1584 1197 1617 libe-

308 1645 381 1668 rum
394 1634 565 1668 arbitrium
578 1657 588 1673 ‚
602 1632 654 1667 sed
667 1633 817 1667 liberatur
827 1645 842 1674 ;
869 1643 903 1666 ut
915 1632 957 1666 de
969 1632 1141 1668 tenebroso
1154 1634 1198 1666 iu-

307 1684 443 1723 cidum,
470 1684 510 1718 de
530 1694 630 1726 pravo
654 1684 796 1723 testum,
823 1682 864 1716 de
877 1681 1037 1727 languido
1050 1682 1164 1717 sanum
1188 1708 1199 1724 ‚

307 1733 349 1767 de
371 1734 580 1776 imprudente
597 1733 634 1766 fit
659 1733 850 1775 providum.
878 1731 994 1766 Tanta
1019 1733 1108 1766 enim
1122 1725 1197 1778 erga

304 1793 421 1819 omnes
438 1782 592 1817 homines
611 1781 656 1816 est
678 1781 808 1816 bonitas
821 1781 911 1822 Dei,
939 1790 975 1814 ut
987 1781 1096 1815 nostra
1121 1783 1197 1819 velit

303 1833 370 1869 efle
383 1833 498 1871 merita
511 1856 521 1873 ,
547 1842 618 1876 quae
631 1832 705 1866 sunt
717 1831 812 1875 ipsius
822 1830 909 1864 dona
919 1855 929 1870 ,
942 1831 975 1864 &
991 1841 1050 1874 pro
1063 1830 1114 1865 his
1127 1844 1197 1875 quae

307 1883 444 1928 largitus
454 1883 499 1917 est
511 1907 522 1924 ,
548 1893 664 1916 aeterna
690 1882 817 1925 praemia
830 1882 866 1915 fit
880 1880 1063 1915 donaturus
1075 1905 1083 1913 .
1112 1881 1196 1926 Agit

304 1934 430 1977 quippe
452 1934 485 1966 in
501 1931 614 1971 nobis,
642 1942 678 1966 ut
690 1931 778 1976 quod
793 1931 861 1965 vult
875 1931 908 1964 ἀ
921 1930 1059 1964 velimus
1071 1931 1104 1965 δε
1116 1943 1195 1976 aga·

303 1994 381 2020 mus
391 2010 400 2018 .
427 1983 501 2017 Nec
511 1983 616 2017 otiosa
630 1981 664 2015 in
676 1981 773 2016 uobis
783 1982 847 2015 effe
860 1981 982 2024 patitur
996 2004 1008 2021 ‚
1029 1991 1098 2023 quae
1110 1992 1196 2015 exer·

306 2032 412 2068 cenda
427 2057 439 2074 ,
465 2044 534 2067 non
548 2030 746 2076 negligenda
757 2030 894 2065 donavit
906 2055 917 2071 ‚
944 2039 982 2064 ut
1003 2029 1035 2062 &
1050 2041 1110 2064 nos
1123 2042 1197 2065 coo·

307 2093 470 2127 peratores
490 2083 586 2117 fimus
607 2081 717 2126 gratiae
741 2081 829 2121 Dei,
857 2092 894 2114 ac
907 2080 928 2113 fi
945 2079 1024 2124 quid
1044 2080 1077 2112 in
1105 2080 1198 2115 nobis

306 2145 351 2167 ex
374 2133 482 2167 nostra
504 2131 681 2167 viderimus
702 2131 885 2165 remiffione
898 2130 1129 2173 languescere,
1156 2132 1196 2165 ad

310 2182 406 2219 illum
430 2181 570 2217 sollicite
584 2192 800 2220 recurramus,
827 2181 884 2222 qui
899 2181 989 2212 sanat
1000 2190 1117 2213 omnes
1129 2180 1197 2214 lan—

310 2242 430 2276 guores
455 2231 582 2265 nostros
593 2255 602 2270 ,
628 2230 660 2263 δε
673 2228 803 2263 redimit
818 2228 859 2263 de
873 2228 1008 2261 interitu
1022 2228 1122 2261 vitam
1138 2241 1195 2263 no—

309 2282 408 2316 stram
422 2304 433 2320 ,
459 2282 493 2315 &
515 2280 570 2314 cui
590 2278 740 2322 quotidie
756 2277 917 2319 dicimus,
946 2281 1060 2310 Nenos
1071 2279 1196 2317 inducas

309 2337 344 2369 tn
365 2337 583 2373 tentationem,
604 2328 662 2373 sed
685 2328 777 2362 libera
802 2338 856 2363 nas
882 2329 902 2361 ἃ
924 2327 1020 2366 malo,

730 2430 773 2471 x.

362 2534 456 2577 ,ρυόᾱ
461 2532 671 2576 profundiores
683 2530 855 2573 quaestiones
868 2540 918 2563 nec
927 2531 1149 2564 contemnendae

505 2581 565 2623 fint
576 2607 587 2624 ‚
612 2592 663 2617 nec
669 2581 796 2624 penm'u·
808 2581 964 2624 afferenda
976 2603 984 2613 .

387 2682 624 2719 Rrofundiores
644 2707 656 2725 ,
681 2681 943 2723 difficilioresque
966 2692 1067 2724 partes
1093 2683 1196 2717 ineurr

409 2736 551 2770 rentium
576 2732 788 2778 quaestionum
813 2743 893 2775 quas
915 2730 1010 2766 latius
1031 2733 1198 2777 pertrasta·

314 2796 389 2820 runt
403 2785 460 2829 qui
473 2782 630 2819 haereticis
640 2782 824 2817 restiterunt
833 2804 843 2820 ,
871 2781 951 2815 sicut
963 2793 1030 2816 non
1042 2783 1196 2817 audemus

313 2846 525 2870 contemnere
537 2859 548 2875 ,
575 2835 619 2868 ita
634 2844 699 2867 non
714 2833 837 2867 necesse
849 2830 1005 2865 habemus
1016 2833 1195 2867 adstruere:

314 2885 406 2932 Qia
422 2886 462 2919 ad
483 2884 710 2919 confitendum
725 2883 862 2928 gratiam
879 2881 969 2920 Dei,
993 2883 1084 2926 cujus
1105 2882 1194 2926 operi

314 2946 353 2968 ac
363 2935 550 2979 dignationi
563 2934 647 2968 nihil
661 2935 789 2977 penitus
800 2928 1052 2966 subtrahendum
1062 2933 1106 2966 est
1120 2957 1131 2972 ,
1154 2933 1196 2966 sa·

316 2983 358 3017 tis
370 2985 509 3018 sufficere
520 2985 683 3019 credimus
695 3007 706 3023 ,
728 2981 884 3026 quicquid
899 2982 1074 3015 secundum
1087 2982 1195 3025 praedi-

316 3033 381 3066 &as
404 3034 530 3077 regulas
552 3034 750 3078 Apostolicae
759 3031 849 3066 Sedis
872 3042 933 3064 nos
944 3031 1068 3074 Scripta
1078 3033 1194 3066 docue-

308 3092 392 3115 -runt
406 3105 417 3121 ‚
429 3093 464 3116 ut
478 3085 602 3125 prorsus
615 3094 682 3117 non
694 3085 870 3127 opinemur
882 3080 1094 3116 Catholicum
1106 3081 1195 3125 quod

304 3132 495 3178 apparuerit
507 3133 641 3175 praefixis
650 3132 814 3167 sententiis
825 3132 889 3167 esse
899 3134 1101 3166 contrarium
1112 3156 1120 3164 .

307 3217 530 3270 'ROMANA
568 3232 704 3267 XIXTI
729 3231 903 3267 TERTII
929 3230 1196 3267 PONTIFICIS

490 3333 512 3367 8
563 3333 596 3366 Y
648 3332 682 3365 N
733 3333 766 3365 O
818 3333 853 3366 D
905 3332 945 3368 U
995 3333 1034 3368 S.

406 3433 525 3467 Mnetn
545 3428 590 3466 'in
617 3430 832 3466 Nestorianos
854 3443 891 3466 ac
912 3431 1111 3478 Pelagianos
1135 3432 1196 3466 cle-

430 3482 589 3522 mentiam
599 3479 765 3531 Ephefino
777 3480 936 3518 Concilio
946 3482 1196 3521 commendarat

1280 733 1456 777 exagitabat
1466 759 1476 775 ‚
1500 736 1674 768 multimoda
1684 745 1750 769 arte
1754 737 1895 777 fallendi
1905 738 2087 772 correffltonis
2098 737 2166 781 spe·

1278 788 1350 816 ciem
1367 783 1534 826 praeferens
1547 809 1558 825 ,
1583 786 1703 818 molitus
1720 786 1757 825 est
1780 791 1812 819 in
1837 788 1969 829 Ecclesiae
1991 796 2164 822 communio·

1277 843 1344 866 nem
1349 833 1507 877 subrepere
1517 858 1524 866 .
1553 836 1614 868 sed
1633 835 1679 868 ὁὶ]
1694 835 1809 877 infidus
1825 839 1944 870 Xixtus
1959 841 2045 879 Papa
2057 861 2068 877 ,
2093 841 2167 872 Dia·

1275 889 1339 916 cont
1361 888 1467 917 Leonis
1491 884 1628 924 hortatu,
1659 888 1822 929 vigilanter
1846 897 1997 920 occurrens
2015 911 2026 927 ,
2050 890 2163 922 nullum

1275 934 1391 968 aditum
1405 934 1550 976 pestiferis
1565 936 1718 968 conatibus
1744 946 1851 978 patere
1872 936 2024 979 permifit.
2050 939 2096 969 Et
2117 943 2162 970 tta

1273 994 1374 1018 omnes
1395 985 1562 1018 catholicos
1587 987 1750 1027 deJec‘lrone
1763 987 1893 1028 fallacis
1912 987 2006 1027 bestiae
2025 989 2161 1031 gaudere

1266 1031 1342 1074 fecit
1362 1058 1374 1074 ,
1401 1034 1484 1076 quast
1511 1044 1582 1068 tunc
1609 1037 1740 1076 primum
1774 1036 2007 1079 superbiffimam
2032 1037 2161 1078 haerefim

1272 1082 1439 1124 apostolicus
1456 1084 1578 1127 gladius
1593 1087 1801 1130 detruncaffet.
1828 1088 1907 1121 Non
1935 1087 2068 1121 Laicam
2082 1112 2091 1126 ,
2105 1088 2159 1121 sed

1272 1133 1496 1176 Episcopalem
1518 1135 1698 1171 dumtaxat,
1715 1138 1990 1171 communionem
2017 1137 2157 1182 denega·

1269 1183 1316 1217 vit
1329 1196 1340 1217 .-
1366 1183 1468 1267 quod
1489 1186 1606 1228 nempe
1616 1186 1763 1229 Julianus
1774 1187 1850 1221 esset
1864 1188 1897 1221 &
1912 1199 1996 1222 unus
2009 1199 2047 1221 ex
2061 1189 2161 1223 Seuae

1266 1234 1388 1266 auctori
1414 1244 1448 1267 us
1460 1257 1470 1273 ,
1493 1234 1688 1269 &omnium
1705 1237 1942 1280 Episcoporut'n
1954 1236 2160 1281 subscriptio-

1267 1293 1307 1318 ne
1336 1283 1422 1326 apud
1437 1280 1601 1327 Ephesum
1614 1287 1787 1321 damnatus
1798 1311 1806 1319 .

1316 1332 1358 1366 Et
1380 1343 1462 1368 tunc
1475 1333 1651 1376 adimpleta
1662 1336 1725 1368 fuit
1741 1337 1808 1377 spes
1820 1334 1893 1375 illa,
1924 1345 2024 1377 quam
2036 1335 2078 1369 de
2090 1335 2158 1370 lau-

1265 1381 1341 1417 dato
1368 1382 1534 1418 Pontifice
1567 1381 1684 1418 habuit
1706 1383 1873 1419 adversum
1897 1384 2156 1429 Hypocritarum

1265 1431 1395 1466 infidias
1408 1433 1437 1466 S.
1451 1433 1603 1476 Prosper:
1633 1435 1736 1484 Qud
1749 1436 1783 1468 in
1796 1435 1998 1470 Innocentio
2009 1460 2019 1480 2
2047 1435 2160 1479 Zozy-

1267 1493 1344 1520 mo,
1370 1481 1570 1523 Bonifacio,
1599 1484 1768 1517 Celestino
1780 1496 1932 1529 operatus
1945 1487 2067 1526 fuerat,
2085 1481 2156 1529 D'oe

1264 1532 1372 1565 minus
1383 1543 1531 1576 operatus
1543 1532 1587 1566 est
1600 1534 1632 1566 ἀ
1646 1534 1678 1566 in
1693 1533 1798 1569 Xixto
1809 1559 1819 1575 ‚
1850 1536 1884 1568 (v
1897 1541 1929 1567 in
1951 1535 2157 1576 custodiant)-

1263 1587 1363 1614 mr'm'ci
1379 1588 1481 1626 gregts
1495 1606 1506 1622 ,
1535 1581 1598 1616 baec
1616 1583 1683 1624 fuit
1692 1592 1768 1625 pars
1786 1587 1889 1629 glorie
1905 1584 2063 1627 reservata
2088 1584 2156 1618 bule

1264 1631 1378 1671 Pastori
1397 1656 1408 1672 ,
1435 1642 1468 1665 ut
1483 1631 1556 1673 ficut
1575 1634 1620 1665 elli
1637 1635 1719 1674 lupos
1744 1634 1864 1679 abegere
1888 1636 2059 1676 manifestos
2072 1659 2082 1675 ,
2109 1641 2154 1677 ita

1262 1679 1309 1715 bic
1321 1682 1476 1723 depelleret
1489 1683 1612 1715 occultos
1623 1707 1630 1714 .
1657 1684 1789 1718 Fadium
1804 1686 1837 1718 id
1861 1686 1924 1718 fuit
1935 1696 2025 1720 anno
2037 1684 2154 1719 Domi·

1262 1730 1296 1764 ni
1310 1731 1630 1777 quadringentesimo
1641 1731 1885 1777 quadragefimo
1896 1758 1904 1766 .

1312 1781 1349 1814 In
1376 1781 1462 1818 libro
1484 1781 1538 1816 cui
1551 1783 1687 1823 titulus,
1715 1786 1885 1817 Dimidium
1896 1789 2058 1826 temporis,
2086 1783 2154 1818 lau·-

1262 1829 1356 1864 datus
1369 1830 1503 1874 Prosper
1515 1856 1526 1872 ,
1553 1843 1608 1879 aut
1632 1834 1714 1865 alius
1727 1833 1798 1874 quis
1808 1834 1876 1876 ejus
1888 1836 2000 1868 auctor
2011 1834 2115 1877 pergit
2139 1846 2151 1866 t

1262 1880 1359 1912 Nobis
1369 1882 1457 1922 apud
1465 1885 1670 1926 Campaniam
1682 1882 1845 1922 constitutis
1858 1907 1869 1923 ,
1892 1883 2077 1916 Venerabilis
2093 1885 2154 1916 Pa.-

1258 1938 1302 1971 pa
1327 1933 1386 1963 Leo
1398 1930 1579 1965 Mantcbaeos
1597 1930 1774 1975 subvertlt,
1799 1934 1832 1966 Θ
1856 1938 1999 1966 contrivit
2015 1933 2151 1976 Pelagu-

1262 1989 1313 2012 nos
1340 2003 1351 2019 ,
1377 1982 1411 2012 (π
1432 1983 1563 2014 maxime*
1579 1983 1747 2023 Julianum
1773 2007 1779 2013 .
1807 1982 1985 2025 Repulsam
2012 1983 2030 2015 ὲ
2047 1984 2152 2017 Xixto

1262 2029 1365 2072 passus
1379 2027 1526 2071 Julianus
1536 2029 1617 2074 abjit
1632 2031 1666 2064 in
1683 2031 1825 2065 natalem
1839 2032 2054 2076 Campaniam
2067 2057 2077 2073 ‚
2092 2043 2152 2066 nec

1261 2079 1279 2111 a
1291 2078 1394 2113 turbis
1406 2079 1537 2114 cessavit
1547 2104 1555 2113 .
1585 2080 1679 2115 Hinc
1690 2081 1729 2115 eo
1747 2081 1905 2117 acceffiffe
1930 2082 2057 2116 videtur
2069 2082 2151 2115 Suc·-

1262 2130 1364 2164 cefior
1390 2129 1481 2170 Leo,
1508 2129 1541 2163 ὅ(
1559 2131 1649 2173 supra
1663 2131 1828 2166 laudatam
1843 2131 1995 2166 Gratiani
2009 2131 2151 2176 Augusti

1261 2177 1368 2222 legem
1393 2180 1500 2212 esseiu
1525 2180 1628 2221 ipsum
1644 2192 1819 2214 executus.
1848 2182 1959 2230 Quare
1969 2182 2151 2225 desperatus

1263 2229 1318 2260 ille
1336 2228 1456 2261 dicitur
1478 2230 1690 2262 transfretasse
1703 2231 1743 2263 ad
1758 2232 1885 2265 Siculos
1897 2254 1908 2270 ,
1933 2232 2086 2266 omnium
2100 2242 2154 2264 re*

1262 2287 1331 2310 rum
1356 2277 1468 2320 inopia
1492 2278 1587 2311 fuiffe
1608 2278 1680 2311 istic
1704 2280 1891 2321 compulsus
1911 2279 1951 2312 ad
1965 2281 2069 2323 pueris
2082 2292 2149 2313 tra-

1260 2325 1364 2361 denda
1379 2327 1482 2369 prima
1501 2327 1665 2362 literarum
1680 2328 1837 2362 elementa
1852 2351 1862 2367 ‚
1886 2329 2077 2364 miserabilis
2090 2328 2150 2361 ibi·

1260 2377 1334 2412 dem
1358 2377 1516 2417 senuisse,
1543 2378 1575 2411 &
1603 2377 1739 2420 objiffe.
1766 2377 1891 2417 Ibidem
1913 2377 2148 2428 obierat&Pe-

1262 2427 1343 2479 lagii
1358 2426 1510 2472 magister
1522 2426 1677 2466 Ruffinus
1688 2451 1698 2465 ,

1309 2526 1764 2575 AQUILEJENSIS
1791 2527 2101 2564 SYNODUS.

1334 2628 1375 2661 Er
1385 2637 1500 2660 omnes
1511 2627 1619 2673 vagari
1631 2627 1822 2662 Provincias
1835 2652 1846 2669 ‚
1872 2628 1906 2662 ὃ(
1917 2627 1975 2662 fibi
1988 2627 2029 2662 ab
2044 2625 2150 2670 Ephe-

1356 2679 1426 2711 sino
1439 2677 1594 2712 Concilio
1613 2679 1744 2712 indultae
1772 2678 1985 2721 reparationis
2006 2678 2147 2722 gratiam

1261 2729 1370 2762 venari
1384 2727 1424 2761 ab
1439 2728 1582 2762 incautis
1596 2728 1785 2772 Episcopis‚
1812 2739 1879 2761 non
1894 2727 1983 2761 defiit
1998 2727 2147 2770 Pelagia-

1260 2789 1300 2811 na
1313 2778 1410 2812 factio
1422 2802 1433 2818 ,
1461 2776 1535 2810 hunc
1545 2780 1676 2812 maxime
1698 2787 1842 2820 expetens
1846 2777 1984 2819 fruc‘lum
1995 2801 2005 2817 ,
2030 2784 2064 2808 ut
2086 2774 2143 2818 fiab

1260 2829 1430 2861 velamento
1449 2834 1655 2861 communionis
1665 2830 1769 2869 plures
1784 2829 1882 2860 domos
1893 2827 1984 2861 adeat
1995 2850 2005 2866 ‚
2033 2827 2065 2859 (ς’
2087 2833 2142 2866 pet·

1258 2877 1327 2920 falsi
1349 2884 1478 2911 nommir
1497 2877 1654 2920 sciennam
1679 2879 1835 2912 multorum
1847 2878 1936 2912 eorda
1946 2884 2114 2916 corrumpat
2135 2898 2143 2907 .

1264 2929 1304 2962 Et
1328 2930 1440 2970 reperit
1465 2927 1619 2962 Nicetam
1648 2928 1889 2972 Aquilejensem
1913 2926 2109 2970 Episcopum
2130 2949 2142 2965 ,

1260 2978 1474 3012 venetiarum
1497 2979 1746 3022 Metropolitam
1765 3003 1775 3018 ‚
1801 2978 1820 3011 ὲ
1843 2988 1908 3022 quo
1927 2987 1994 3010 non
2021 2975 2142 3009 Laicos

1259 3029 1386 3062 tantum
1400 3053 1409 3069 ‚
1433 3027 1486 3061 sed
1507 3029 1539 3062 ὃ(
1566 3028 1671 3071 plures
1682 3026 1891 3070 Presbyteros
1903 3050 1915 3066 ‚
1940 3026 2112 3060 Diaconos
2130 3048 2142 3064 ‚

1257 3078 1402 3122 aliosque
1415 3078 1563 3112 Clericos
1574 3079 1667 3112 fuiffe
1678 3079 1741 3110 fine
1752 3076 1945 3120 profefflone
1956 3076 1990 3110 in
2001 3075 2141 3119 gradum

1257 3138 1401 3171 receptos
1423 3152 1434 3168 ‚
1461 3129 1690 3172 permissusque
1710 3125 1809 3160 libere
1829 3127 1938 3171 vagari
1959 3150 1970 3166 ,
1998 3125 2083 3167 apud
2107 3125 2139 3158 S.

1257 3179 1403 3212 Leonem
1423 3179 1588 3222 Magnum
1611 3177 1742 3223 questus
1762 3177 1807 3211 est
1821 3174 1996 3221 Septimius
2009 3174 2141 3218 Episco-

1257 3240 1316 3273 pus
1338 3229 1534 3266 Altinensis.

1307 3278 1460 3313 Nicetam
1482 3278 1639 3313 Pontifex
1658 3277 1815 3320 corripuit
1839 3301 1849 3317 ,
1885 3276 2038 3320 juffitque
2069 3272 2142 3306 fieri

1258 3328 1496 3363 Provincialem
1509 3328 1701 3371 synodum,
1729 3326 1929 3361 decreturam
1954 3322 2138 3369 sequentia·

1259 3378 1393 3420 Primo,
1420 3389 1456 3412 ut
1471 3379 1579 3412 nullus
1590 3378 1764 3421 deinceps,
1793 3379 1847 3412 seu
1869 3377 1989 3411 Laicus
2000 3375 2052 3408 seu
2067 3371 2140 3404 Cle·

1260 3429 1365 3468 ricus,
1393 3428 1587 3473 pelagianus
1610 3428 1644 3462 in
1667 3429 1942 3463 communionem
1951 3423 2138 3458 admittatur

1260 3488 1317 3516 aut
1327 3478 1463 3525 gradum
1473 3502 1486 3521 ‚
1513 3478 1571 3514 nifi
1582 3484 1696 3522 apertis
1704 3477 1926 3522 profeffionibus
1936 3470 2136 3569 άαῗηεηέὶβιι

1995 3531 2063 3570 uper
