2366 3736
605 168 672 198 m:
708 165 914 198 sAcR1s
951 152 1517 200 Paocessmmnus.
1871 177 1964 226 349

209 253 211 255 >
255 237 378 275 sexte,
404 244 506 268 verum
530 235 566 276 est
587 260 599 276 ,
623 237 705 278 quod
721 247 779 268 non
797 234 889 279 solum
920 236 1002 268 nulla
1026 235 1077 268 ba·
1142 238 1194 274 qui
1210 232 1343 276 supplex
1366 238 1479 270 accedit
1490 237 1535 269 ad
1543 234 1653 275 Christi
1662 238 1815 277 Matrem,
1831 241 1860 270 is
1874 244 2013 277 nimirum

194 285 301 319 denus
316 285 464 318 adversus
484 286 665 318 laudabilem
688 284 766 317 banc
785 286 994 326 sandiffimum
1017 288 1075 317 5a-
1134 282 1198 324 filio
1224 286 1290 323 ejus
1314 285 1450 319 bonorem
1469 286 1575 319 babet.
1605 287 1720 319 Nullus
1743 293 1822 319 enim
1844 290 1925 320 Deus
1932 299 2015 329 ρης.

190 343 376 368 crumentum
387 335 498 376 publico
526 336 632 368 Cultui
654 337 821 376 exponendi
844 333 1075 378 conficetudinem
1137 342 1182 365 ter
1201 344 1292 366 unum
1304 359 1315 374 ,
1336 343 1390 378 qui
1405 342 1438 367 in
1449 339 1599 369 Trinitate
1621 334 1787 380 agnoscitur
1805 339 2012 372 &adoratum

193 386 229 416 itt
256 381 313 418 bac
342 382 569 424 Archi-Dioeceft
594 389 756 417 innotuerit
775 410 786 425 ,
807 385 871 426 five
903 386 924 416 ἃ
947 386 1074 417 Summis
1138 383 1235 416 Certe
1258 385 1448 419 Sanctorum
1473 386 1662 426 veneratio,
1683 387 1703 418 si
1718 386 1803 419 nosa
1817 387 1891 419 Deo
1902 388 2014 422 distra-

199 434 414 476 Pontifieibus,
427 433 493 474 five
513 435 534 466 a
550 431 646 475 sacris
660 437 850 468 Dominarum
863 435 1076 467 cardinalium
1138 430 1185 465 hit
1204 434 1237 466 &
1261 434 1378 468 efficiat
1399 446 1440 468 ne
1459 437 1488 468 ei
1508 434 1617 469 honor
1637 435 1788 469 reddatur
1800 436 1834 469 in
1848 436 1988 471 solidum
2000 462 2015 479 ,

193 484 475 528 congregationibus
496 492 638 517 emanata
653 484 836 527 probibitio;
867 485 972 517 verum
987 490 1076 517 etiam
1138 483 1182 516 est
1204 482 1299 517 devia
1317 484 1350 517 δε
1371 485 1598 527 proscribenda
1619 484 1708 518 :Est
1730 495 1834 520 unum
1857 497 1899 520 ex
1920 497 2016 533 argu-g

193 534 230 565 id
261 539 294 566 in
325 532 402 576 bisce
422 531 563 566 Partibus
581 558 592 575 ,
628 534 678 568 ubi
699 536 751 568 vel
772 546 837 567 cum
858 533 1007 568 haereticis
1027 533 1078 576 su·
1110 535 1113 537 ’
1140 533 1259 566 mentis
1281 533 1576 568 Iconoclastarum.
2022 567 2025 570 .

193 593 261 615 mus
281 586 429 624 permixti
453 594 464 622 3
500 584 552 616 vel
578 583 616 617 ab
641 582 746 627 iisdem
779 589 995 617 circumvicinis
1018 591 1077 617 cin·
1189 582 1375 618 Secundum
1393 593 1618 628 argumentum
1629 583 1699 624 est,
1726 584 1816 626 quod
1835 583 1937 620 fidelis
1948 586 2016 622 Po:

188 636 309 674 gimur,
336 629 445 673 absque
466 638 580 677 ingenti
602 633 805 667 baereticorum
823 628 930 676 plausu
955 636 1077 668 &exul-
1140 632 1231 676 pulus
1259 633 1293 667 in
1315 634 1426 667 multis
1449 634 1485 666 fit
1502 632 1673 673 animalis,
1693 634 1798 667 &ista
1812 646 1879 669 non
1889 635 2011 670 intelli-

191 686 305 713 tatione
323 705 334 721 ,
357 691 408 714 nec
429 693 486 715 non
507 689 540 715 in
566 681 669 724 baeresi
688 683 746 726 sua
767 687 874 725 majori
900 683 1076 724 obfirmatio·
1138 692 1192 726 gat
1213 705 1224 720 ,
1251 683 1392 727 ideoque
1414 683 1449 717 in
1466 681 1728 718 Proceffionibus
1750 684 1822 726 plus
1848 696 2015 721 venerem:

191 740 228 763 ne
247 754 259 771 ,
284 730 499 765 catholicorum
521 735 591 766 vero
608 735 816 775 perplexitate
838 760 849 775 ‚
877 733 1075 774 consternatio·
1138 733 1327 767 Sanstorum
1350 734 1478 767 Statuas
1500 757 1512 772 ‚
1537 732 1635 776 quam
1655 732 1758 775 ipsum
1779 734 2014 769 sacrosanstum

189 790 228 813 ne
247 802 258 818 ,
277 781 312 813 (ν
329 786 492 815 animorum
508 784 736 824 perturbatione
761 789 817 816 vix
838 785 906 826 fieri
926 784 1019 825 poffit.
1041 788 1077 818 In
1138 783 1401 817 Sacramentum.
1424 784 1558 817 Etenim
1581 781 1731 826 quotidie
1751 782 1898 816 videmus
1910 784 2019 827 plures

189 839 312 871 quorum
331 837 460 865 omnium
483 834 517 866 Θ
531 831 708 876 singulorum
732 833 827 875 fidem
843 856 852 871 ,
883 834 917 866 (9⁰
941 834 1077 873 contesta-
1137 833 1222 866 faces
1245 832 1383 877 gestari,
1403 833 1436 866 &
1458 833 1614 875 majorem
1636 832 1705 865 fieri
1724 834 1918 867 concursum
1928 834 2017 869 circa

166 892 175 897 ·
188 887 232 913 tae
267 885 411 914 veritatis
440 882 690 924 confirmationem
709 907 720 923 ,
749 881 955 925 praesentibus
978 887 1076 918 sacrae

189 930 362 963 facultatis
385 931 489 971 nostrae
501 931 628 974 figillum
649 931 702 974 sub
728 937 863 974 imprimi
877 934 1009 973 juffimus
1022 938 1075 966 Co·

187 981 275 1013 loniae
308 982 482 1023 Agrippin'ae
515 987 548 1013 in
572 982 650 1014 Aula
681 980 777 1021 nostra
806 982 976 1025 Theologica
994 1009 1004 1024 ,
1027 986 1075 1018 die

187 1038 244 1073 24·
267 1029 370 1070 mensis
385 1032 495 1073 Julii,
519 1040 600 1062 anno
616 1039 719 1072 partae
735 1029 848 1074 salutis
874 1032 1015 1066 humanae
1029 1033 1074 1079 (u-

182 1078 244 1119 prd
265 1078 445 1120 millefimum
467 1081 501 1113 (9⁸
514 1079 753 1123 sexcentesimum
762 1080 972 1126 septuagefimo
984 1092 1074 1126 quin-

187 1135 218 1159 to
238 1150 246 1158 .
266 1127 431 1170 Iudicium
457 1128 521 1163 hoc
546 1131 722 1165 confirmat
743 1144 812 1166 non
826 1132 995 1167 dumtaxat
1008 1135 1073 1177 jam

184 1175 270 1210 dista
284 1201 295 1217 ‚
319 1176 370 1210 sed
390 1180 490 1212 etiam
513 1179 651 1214 inferius
672 1180 832 1216 dicenda.
853 1182 947 1216 Duxi
963 1193 1071 1220 tamen

185 1235 258 1260 non
278 1226 494 1263 dividendum
519 1253 531 1270 ‚
557 1229 699 1274 ideoque
722 1232 888 1277 integrum
908 1233 1018 1277 posui.

1138 881 1212 915 istas
1235 904 1246 920 ‚
1279 884 1376 926 quam
1395 883 1480 917 circa
1500 882 1571 917 hoc
1591 905 1597 914 .
1633 880 1830 925 Respondeo
1852 880 1907 916 hic
1931 882 2017 917 varie

1136 931 1270 966 excedi.
1293 932 1429 972 Primo,
1451 932 1584 976 simplex
1606 930 1729 965 Christi
1750 932 1888 966 Domini
1907 931 2016 975 Popu-

1137 981 1187 1015 lus
1208 992 1359 1026 gravatur
1383 983 1560 1016 temerariis
1582 981 1823 1024 suspicionibus
1844 1006 1851 1014 .
1880 981 2014 1016 Etenim

1137 1032 1225 1076 quod
1248 1032 1391 1076 plurium
1415 1032 1627 1066 luminarium
1647 1030 1788 1075 gestatio
1811 1042 1878 1065 non
1901 1041 2017 1077 arguat

1138 1081 1295 1124 majorem
1327 1083 1573 1117 venerationem
1598 1106 1610 1122 ,
1640 1080 1839 1115 demonstrat
1863 1081 2018 1116 Romana.

1138 1131 1278 1166 Ecclesia
1300 1133 1334 1166 in
1358 1132 1494 1166 Basilica
1514 1132 1678 1167 Vaticana
1702 1130 1892 1174 Principum
1916 1133 2016 1174 Apo-

1136 1181 1295 1216 stolorum
1321 1207 1329 1214 .
1359 1181 1407 1216 lbi
1431 1181 1533 1227 longe
1563 1182 1653 1225 plura
1679 1179 1850 1215 luminaria
1871 1181 2018 1215 videmus

1136 1231 1176 1265 ad
1198 1232 1354 1267 dictorum
1378 1231 1616 1275 Apostolorum
1642 1231 1885 1265 Confeffionern
1908 1231 2020 1265 &Re-

1138 1281 1253 1325 liquias
1267 1306 1277 1322 ‚
1301 1282 1398 1326 quam
1422 1282 1463 1316 ad
1486 1281 1601 1316 Altare
1621 1280 1936 1315 &Tabernaculum
1948 1279 2020 1324 glo-

1137 1331 1208 1365 riofi
1233 1332 1432 1366 Sacramenti
1460 1356 1467 1364 .
1490 1332 1536 1365 Ea
1560 1330 1726 1374 pluralitas
1748 1330 1846 1364 habet
1864 1329 2021 1372 spiritales

1136 1382 1278 1416 rationes
1303 1408 1311 1415 .
1336 1383 1380 1416 Et
1406 1381 1513 1415 Urbis
1537 1381 1664 1416 Veteris
1683 1379 1828 1424 Populus
1851 1390 1907 1422 pro
1927 1379 2024 1413 mira-

1135 1431 1237 1464 culofi
1249 1432 1436 1475 Corporalis
1464 1430 1608 1466 custodia
1630 1429 1791 1465 exstruxit
1804 1428 2023 1474 magnificum

1135 1481 1317 1524 Templum
1338 1507 1348 1522 ‚
1376 1482 1410 1515 &
1434 1480 1791 1525 magnificentissimum
1811 1479 2023 1513 Tabernacu-

262 1527 392 1563 Almare
424 1528 693 1565 Adversariorum
728 1542 956 1576 argumentum
984 1532 1030 1566 est
1058 1546 1070 1567 .·
1135 1530 1204 1563 lum
1219 1544 1231 1564 .·
1260 1532 1361 1575 longe
1384 1531 1649 1574 magnificentius
1665 1554 1676 1569 ‚
1697 1531 1795 1574 quam
1816 1540 1874 1572 pro
1887 1527 2024 1562 Eucha-

284 1582 323 1610 Ut
343 1581 451 1621 Populi
468 1591 526 1613 non
546 1579 725 1621 distrahatur
750 1585 795 1615 ad
813 1584 905 1624 plura
926 1584 1045 1616 devotio
1059 1606 1071 1622 ‚
1135 1579 1222 1613 ristia
1245 1604 1253 1612 .
1281 1581 1323 1614 Et
1347 1580 1508 1613 Nicolaus
1529 1579 1599 1611 1V.
1621 1578 1777 1611 Pontifex
1796 1579 1908 1611 omnia
1928 1588 2025 1611 com·-

186 1628 222 1660 &
242 1634 293 1659 uni
307 1626 368 1671 soli
389 1633 472 1669 Deo,
495 1637 546 1673 qui
565 1632 686 1665 debetur
696 1637 731 1664 in
739 1631 893 1674 Jbltdum,
914 1632 990 1674 suus
1001 1634 1068 1665 red·
1135 1629 1304 1671 probavit.
1333 1629 1370 1662 ln
1397 1627 1541 1671 pluribus
1571 1627 1781 1671 Regionibus
1806 1638 1843 1661 ac
1869 1626 2023 1661 Ecclesiis

185 1676 278 1709 datur
299 1678 388 1711 bonor
407 1682 441 1714 (9'
456 1682 571 1723 gloria.
596 1681 793 1721 Respondeo
820 1680 885 1714 hoc
897 1691 1067 1725 argumen-
1137 1679 1286 1712 videmus
1309 1679 1370 1712 esse
1392 1678 1688 1721 magnificentiores
1711 1678 1831 1719 Capsas
1851 1677 1884 1709 δε
1912 1677 2019 1709 custo-

183 1734 254 1759 tum
275 1728 338 1760 esse
359 1729 437 1760 mali
459 1728 573 1762 odoris
595 1752 603 1759 .
626 1729 711 1775 Qis
734 1729 824 1763 enirn
846 1729 1067 1764 Orthodoxus
1131 1726 1200 1760 dias
1229 1728 1323 1760 sacris
1355 1727 1542 1768 RchuHs,
1569 1726 1666 1769 ‘11¹5OE
1687 1726 1871 1759 Domisslco
1894 1725 2019 1769 COfPO·

181 1785 326 1818 unquam
346 1778 471 1809 audivit
498 1788 550 1817 per
574 1778 754 1817 impensam
773 1779 897 1810 Sanctis
918 1789 1062 1812 reveren·
1133 1775 1159 1808 ri
1184 1799 1192 1807 .
1217 1777 1343 1810 Omnia
1366 1777 1438 1809 sunt
1465 1777 1505 1810 ad
1529 1777 1714 1819 supremum
1739 1775 1900 1809 honorem
1922 1775 2020 1808 solius

182 1825 264 1858 tiam
285 1823 417 1857 distrahi
439 1825 560 1866 Populi
583 1825 798 1859 devotionem
815 1851 825 1867 ‚
852 1827 1063 1870 &peripsam
1131 1824 1261 1859 Divinae
1287 1825 1483 1869 Maiestatis.
1510 1827 1543 1860 Si
1569 1836 1677 1859 tamen
1702 1826 1773 1869 quis
1795 1825 1940 1867 Populus
1954 1825 2021 1859 cir-

181 1873 267 1906 effici
290 1897 302 1913 ,
324 1885 359 1907 ut
380 1874 439 1907 soli
464 1876 538 1908 Deo
561 1876 634 1908 suus
658 1900 668 1915 ‚
689 1877 742 1909 cui
777 1875 914 1910 debetur
936 1877 970 1910 in
995 1877 1066 1910 soli·
1129 1876 1166 1909 ca
1178 1875 1268 1909 istam
1280 1875 1493 1910 luminarium
1505 1876 1720 1920 gestationem
1732 1874 2019 1916 declinetarecto,

182 1922 264 1956 dum
285 1947 295 1963 ‚
319 1922 429 1957 honor
451 1924 483 1958 ὃς
509 1924 614 1968 gloria
639 1936 707 1958 non
739 1926 891 1960 reddatur
909 1928 922 1960 ?
948 1927 1066 1971 Longe
1131 1925 1283 1969 Episcopi
1296 1926 1519 1960 demonstrent
1532 1927 1562 1960 se
1575 1925 1722 1960 Pastores
1738 1938 1777 1960 ac
1790 1926 1950 1960 Doctores
1966 1950 1973 1957 .

183 1971 275 2006 aliud
305 1973 338 2006 in
361 1973 451 2007 libris
476 1974 518 2008 de
529 1972 725 2009 orthodoxa
739 1974 801 2008 fide
812 1976 909 2010 docet
924 1977 1059 2019 S.Joan-
1179 1977 1351 2016 Secundo,
1382 1976 1601 2019 periclitamur
1623 1974 1678 2010 hic
1700 1976 1741 2010 de
1754 1975 1915 2010 erroribus
1934 1975 2021 2009 Sere-

183 2032 241 2056 nes
262 2022 509 2058 Damascenus:
535 2029 632 2057 Honor
653 2037 724 2068 erga
744 2035 850 2068 gratos
872 2028 905 2059 ἐν
921 2026 1063 2070 benignos
1129 2024 1161 2057 ni
1179 2025 1386 2059 Massiliensis
1414 2025 1594 2069 Episcopi.-
1620 2027 1661 2060 ad
1685 2036 1781 2069 quem
1802 2026 1922 2069 scripsit
1944 2025 2020 2060 Ma-

181 2070 373 2115 conservos,
395 2074 600 2108 benevolentia
623 2087 696 2118 erga
716 2086 896 2113 communem
904 2080 1063 2110 Dominum
1127 2086 1215 2117 gnus
1239 2076 1422 2120 Gregorius
1443 2089 1450 2108 :
1476 2077 1577 2109 Indico
1597 2077 1711 2109 dudum
1731 2077 1776 2108 ad
1787 2088 1841 2109 nos
1860 2074 2019 2117 pervenis-

180 2122 325 2155 indicium
341 2122 393 2160 est.
419 2128 458 2157 Hi
477 2130 719 2165 promptuarium
742 2129 798 2157 Dei
814 2151 824 2167 ‚
863 2127 896 2159 (9⁴
908 2135 987 2168 pura
1010 2126 1062 2159 ba-
1120 2123 1158 2167 se
1181 2149 1192 2164 ‚
1220 2127 1301 2167 quod
1330 2131 1530 2161 Fraternitas
1552 2126 1651 2166 vestra
1684 2125 1825 2169 quosdam
1848 2130 2016 2169 imaginum
2026 2124 2101 2160 Lib.
2122 2139 2153 2169 7.

182 2171 313 2205 bitacula
327 2173 408 2214 fabii
427 2173 498 2216 sunt
519 2199 525 2205 .
544 2176 699 2218 Quomodo*
718 2181 813 2219 igitur
837 2187 896 2208 non
920 2176 1063 2210 honoran-
1127 2177 1303 2208 Adoratores
1329 2175 1499 2218 adspiciens
1522 2199 1533 2215 ‚
1567 2171 1686 2218 easdem
1715 2175 1848 2216 Ecclesiae
1865 2180 2014 2219 Imagines
2026 2176 2125 2210 Indic.
2146 2190 2178 2214 2·

181 2222 223 2254 da
240 2220 310 2264 sunt
331 2226 454 2265 Templa
476 2227 533 2257 Dei
555 2230 711 2263 animata,
735 2227 768 2259 eb·
789 2232 928 2259 animata
951 2226 1061 2260 Taber-
1126 2225 1274 2269 confregit
1300 2234 1393 2268 atque
1407 2228 1534 2267 projecit
1549 2251 1556 2258 .
1580 2229 1626 2258 Et
1647 2228 1768 2269 quidem
1779 2228 1876 2259 zelum
1888 2238 1942 2258 vos
1961 2226 2085 2272 ‚neEp.
2102 2237 2178 2262 110,

181 2273 312 2305 nacula?
332 2273 476 2316 Lapidea
499 2273 564 2307 Dei
592 2274 735 2317 Templa
758 2286 827 2309 non
854 2277 927 2311 sunt
948 2277 1004 2310 nisi
1028 2277 1060 2310 fi·
1125 2277 1202 2316 quid
1224 2276 1433 2318 manufac‘Ium
1450 2278 1572 2309 adorari
1591 2279 1681 2317 posset
1703 2300 1713 2315 ,
1747 2275 1873 2317 babuisse
1894 2276 2015 2322 ‘lauda-

181 2331 267 2364 gurae
286 2322 319 2354 δε
333 2323 497 2367 imagines
509 2335 655 2357 verorum
669 2325 910 2367 Templomm,
936 2325 977 2360 de
990 2327 1058 2370 qui·
1124 2336 1190 2357 mus
1215 2347 1225 2362 ,
1241 2323 1297 2366 sed
1310 2326 1458 2368 frangere
1482 2324 1600 2368 easdem
1625 2329 1771 2369 Imagines
1807 2336 1867 2357 non
1886 2325 2008 2367 debuisse

1116 2375 1309 2413 judicamus.
1335 2377 1446 2408 Idcirco
1470 2381 1551 2408 enim
1573 2376 1699 2408 Pistum
1719 2381 1751 2407 in
1774 2372 1908 2415 Ecclefiis
1919 2374 2006 2406 adbi-

1123 2424 1209 2456 betur
1222 2448 1232 2463 ,
1258 2433 1291 2456 ut
1311 2423 1343 2456 bi
1372 2431 1424 2465 qui
1444 2426 1563 2458 litteras
1589 2423 1721 2467 nesciunt
1739 2449 1749 2464 ,
1770 2422 1876 2465 saltem
1900 2430 1931 2455 in
1950 2432 2009 2464 pa·

1122 2473 1246 2506 rictibus
1271 2474 1400 2505 videndo
1420 2475 1519 2516 legant
1547 2497 1557 2512 ,
1596 2485 1661 2515 quae
1679 2476 1772 2516 legere
1793 2479 1824 2505 in
1847 2474 2004 2506 Codicibus

1122 2534 1178 2554 non
1204 2524 1326 2556 valent.
1352 2526 1417 2555 Tua
1441 2525 1506 2566 ergo
1527 2526 1723 2556 Fraternitas
1750 2525 1783 2556 (st
1810 2524 1877 2556 illas
1894 2521 2001 2565 serva-

1120 2583 1171 2612 re,
1196 2575 1230 2606 (5
1253 2573 1291 2603 ab
1313 2584 1412 2605 earum
1434 2575 1558 2605 adoratu
1571 2574 1714 2614 Populum
1724 2571 1878 2614 prohibere
1889 2572 1998 2607 debuit:

1121 2623 1281 2664 ,Quatenus
1304 2624 1337 2655 Co·
1357 2624 1523 2655 litterarum
1549 2621 1631 2665 inscii
1649 2622 1794 2656 baberent
1818 2624 1894 2655 unde
1907 2622 1999 2666 scien-

1120 2678 1195 2703 tiam
1208 2671 1332 2711 hisloriae
1340 2673 1502 2715 colligerent
1511 2697 1521 2712 ,
1548 2674 1581 2705 (θ’
1597 2674 1725 2714 Populus
1735 2678 1767 2705 in
1786 2673 1912 2713 pic‘lurae
1925 2674 2001 2704 Ado·

1116 2728 1231 2755 ratione
1252 2724 1371 2755 minime
1383 2730 1516 2763 peccaret
1528 2746 1535 2754 .
1563 2723 1698 2756 Serenus
1721 2723 1781 2755 fuit
1794 2723 1855 2754 suae
1867 2721 1998 2764 opinio-

1118 2772 1166 2804 nis
1189 2783 1226 2804 ac
1247 2772 1357 2814 operis
1381 2771 1463 2806 adeo
1489 2783 1586 2806 tenax
1607 2797 1617 2812 ,
1645 2782 1681 2804 ut
1702 2771 1775 2804 isias
1796 2771 1904 2804 literas
1928 2781 1997 2805 non

1115 2820 1211 2854 sancti
1225 2820 1399 2864 Gregorii,
1428 2821 1481 2856 sed
1494 2821 1551 2855 sibi
1575 2820 1761 2855 submissum
1773 2820 1790 2853 ἐι
1803 2821 1910 2854 nescio
1926 2831 1994 2862 quo

1115 2871 1310 2914 figmentum
1335 2872 1397 2904 esse
1419 2871 1579 2909 crederet,
1606 2870 1745 2913 ideoque
1765 2870 1995 2904 Pontifexfuit

1111 2921 1294 2963 compulsus
1306 2921 1420 2955 iterum
1432 2921 1564 2955 scribere
1576 2931 1582 2951 :
1599 2922 1751 2953 Perlatum
1761 2922 1806 2952 ad
1814 2920 1988 2961 nosfuerat‚

358 1328 731 1366 CAPUT
832 1332 902 1367 VI.

286 1428 493 1472 Discutiuntur
506 1428 756 1473 adversariorum
766 1435 949 1476 Argumenta
961 1458 968 1466 .

181 2370 240 2405 bus
259 2371 458 2414 Apostolus:
485 2373 639 2414 Templum
658 2377 716 2407 Dei
731 2374 869 2417 sandium
889 2375 927 2416 est
946 2402 956 2416 ‚
981 2379 1061 2418 quod

178 2418 244 2459 estis
261 2431 315 2452 vos
327 2445 334 2452 .
360 2421 408 2455 At
433 2422 507 2455 vero
518 2424 574 2464 qui
587 2425 746 2459 Divinam
763 2425 966 2468 Majestatem
982 2426 1059 2460 ado·

179 2478 304 2503 raturus
325 2470 393 2503 adit
415 2470 538 2514 lapidea
548 2473 715 2516 Templa,
739 2474 952 2510 devotionem
967 2477 1055 2509 suam

181 2529 249 2551 non
269 2517 419 2553 distrahit
433 2545 443 2561 ‚
467 2520 519 2554 sed
539 2522 689 2566 colligit;
712 2523 859 2558 debitum
873 2526 935 2558 Dei
949 2523 1053 2558 hono·

179 2579 247 2602 rem
270 2580 338 2602 non
359 2569 475 2603 dividit
503 2583 510 2602 :
534 2571 635 2616 longe
665 2572 764 2616 igitur
786 2574 907 2615 potiori
929 2575 1054 2607 ratione

180 2618 265 2653 istud
288 2631 357 2653 non
378 2630 482 2663 patrat
504 2644 514 2659 ,
536 2620 593 2663 qui
614 2622 739 2656 accedit
760 2622 905 2666 Templa
926 2624 998 2658 viva
1021 2625 1053 2657 &

179 2679 266 2701 vera.
290 2668 379 2703 Idem
401 2671 609 2704 sanctissimus
628 2672 754 2706 Dostor
774 2674 808 2706 in
829 2674 923 2708 tertia
934 2673 1052 2707 oratio·

180 2730 223 2751 ne
238 2718 279 2751 de
298 2719 392 2752 sacris
413 2719 614 2765 Imaginibus
636 2721 810 2766 distinguit
821 2724 923 2758 varias
943 2723 1051 2757 adora-

180 2768 309 2802 tionum
322 2771 355 2803 &
368 2782 471 2804 rerum
483 2771 719 2805 adorandarum
734 2773 854 2815 species
863 2799 871 2815 ‚
882 2774 916 2807 ὅ(
927 2774 1049 2817 pergit:

179 2819 314 2851 Primum
332 2821 496 2853 adorantur
511 2822 520 2860 ᾖ
542 2828 575 2853 in
594 2821 699 2863 quibus
719 2828 868 2865 requievit
882 2827 982 2863 Deus,
999 2829 1049 2865 qui

174 2865 255 2910 J‘olus
276 2869 314 2908 est
336 2870 459 2903 Sachus
483 2873 516 2904 (9¹
538 2876 570 2903 in
579 2871 695 2904 samiis
711 2873 883 2916 conquiescit
896 2896 903 2904 .
922 2878 1004 2906 Utin
1018 2875 1047 2905 5.

176 2920 237 2951 Dei
259 2922 409 2953 Genitrice
431 2923 465 2955 (³⁶
488 2926 520 2953 in
541 2922 674 2954 omnibus
685 2923 824 2964 samiis,
846 2929 897 2966 qui
916 2928 989 2956 totis
1003 2928 1048 2955 vi-

179 2967 262 3000 ribus
281 2977 401 3011 operam
423 2972 570 3005 dederunt
599 2981 632 3005 ut
655 2974 716 3004 Deo
730 2971 840 3012 similes
864 2975 1044 3006 evaderent.
1114 2971 1193 3012 quod
1217 2970 1423 3011 inconsiderato
1444 2972 1504 3003 zelo
1518 2968 1668 3011 succensus
1688 2993 1699 3009 ,
1725 2970 1897 3003 sanc‘lorum
1917 2975 1991 3003 ima·
2044 3005 2050 3013 ,

178 3017 286 3051 Αάἆη
308 3020 341 3052 in
362 3021 435 3063 ipsis
453 3020 598 3055 habitare
622 3022 808 3056 Dominum
831 3024 941 3056 Deum
963 3047 973 3062 ,
996 3023 1045 3055 uti
1105 3019 1255 3064 ginessub
1267 3020 1322 3054 bac
1333 3020 1670 3062 quaſsexcusatione‚ne
1681 3021 1804 3053 adorari
1814 3019 1985 3062 debulffent,
2011 3003 2086 3038 [ἠδ’
2108 3014 2138 3050 9·

178 3066 292 3110 ignem
314 3068 348 3100 in
367 3071 452 3105 ferro
473 3071 600 3116 ignito.
627 3071 738 3120 Qare
754 3073 809 3113 qui
832 3073 974 3116 ignitum
987 3072 1044 3105 fer·
1108 3070 1280 3113 confregeris
1294 3097 1301 3103 .
1329 3074 1374 3102 Et
1397 3072 1515 3111 quidem
1537 3074 1609 3110 quia
1620 3081 1669 3103 eas
1692 3071 1811 3102 adorari
1830 3072 1987 3112 vetuisses,
2010 3055 2068 3099 ΕΡ·
2083 3067 2114 3102 9·

178 3127 249 3149 rum
267 3118 394 3161 tangit,
419 3123 671 3166 tangitignem‚
691 3132 749 3155 nec
768 3122 834 3165 ejus
844 3124 944 3157 tastus
955 3132 1044 3155 extra
1091 3159 1092 3163 Ἰ
1109 3124 1226 3153 omnino
1249 3122 1438 3153 laudavimus
1465 3133 1472 3152 ι
1491 3119 1612 3162 fregisse
1633 3122 1705 3152 vero
1726 3119 1964 3161 reprebendimus
1977 3143 1984 3151 .
2137 3121 2142 3125 '

177 3166 291 3209 ignem
313 3168 519 3213 distrahitur-3
540 3171 583 3206 ita
604 3171 713 3206 evenit
730 3171 764 3204 &
784 3173 871 3213 istis,
900 3173 954 3216 qui
968 3172 1044 3204 San·
1090 3167 1166 3212 {Dic
1193 3175 1324 3210 Frater,
1350 3172 1370 3201 a
1394 3180 1447 3210 quo
1458 3169 1580 3210 facium
1601 3171 1752 3203 Sacerdote
1763 3171 1924 3211 aliquando
1935 3180 1986 3201 au·

177 3217 246 3249 fios
264 3228 455 3252 venerantur
480 3244 487 3252 .
508 3221 598 3256 Idem
623 3223 764 3265 Joannes
788 3223 822 3256 in
844 3223 945 3266 prima
963 3222 1042 3255 Ora·
1105 3221 1200 3253 ditum
1225 3221 1286 3259 est,
1312 3220 1391 3261 ‘lumi
1401 3218 1496 3258 ffflffl
1517 3220 1529 3252 ἶ
1549 3218 1643 3260 fin‘m
1666 3221 1769 3258 aliud,
1796 3219 1933 3252 velillud
1952 3227 1984 3251 η’

177 3266 269 3300 tione
288 3266 352 3301 haec
374 3269 545 3303 confirmat
565 3282 607 3304 ex
625 3273 652 3306 S.
665 3272 830 3310 Leontio,
855 3272 1043 3315 Neapolita·
1087 3282 1162 3315 snon
1186 3271 1285 3303 debuit
1306 3280 1467 3309 revocare,
1494 3280 1530 3302 ne
1550 3267 1689 3311 despei‘lis
1709 3270 1776 3302 aliis
1800 3267 1957 3301 Fratribus
1970 3291 1982 3307 ,

178 3326 224 3350 no
244 3317 330 3360 apud
362 3318 503 3361 Cyprios
525 3320 686 3365 Episcopo
712 3345 723 3361 ,
753 3322 913 3365 discipulo
943 3322 1039 3355 saneti
1097 3318 1191 3362 solum
1217 3330 1246 3353 te
1271 3319 1410 3351 Sandi'um
1433 3343 1442 3357 ‚
1481 3319 1514 3352 &⁸
1541 3319 1593 3362 effe
1629 3320 1757 3353 crederes
1778 3316 1941 3359 sapientem
1968 3318 1988 3349 i·

177 3366 378 3411 Epiphanii:
399 3370 465 3411 ‚Qui
485 3372 644 3407 Martyrem
663 3374 750 3410 coiit,
772 3376 866 3406 Deum
878 3374 943 3404 colit
956 3374 1039 3412 cujus
1085 3371 1195 3405 jAliud
1217 3369 1254 3408 est
1279 3374 1357 3400 enim
1380 3367 1530 3409 pilluram
1555 3370 1680 3401 adorare
1706 3392 1716 3407 ‚
1754 3368 1838 3401 aliud
1858 3374 1914 3408 per
1936 3371 1986 3408 Ρὶ·

176 3417 226 3449 ille
246 3429 343 3451 amore
364 3421 535 3457 Martyrium
553 3422 699 3460 pertulit.
722 3423 786 3463 ,Qui
807 3421 915 3461 Christi
933 3422 1039 3454 adorat
1082 3417 1194 3472 ic‘lurae
1220 3418 1368 3458 historiam
1395 3418 1467 3459 quid
1485 3417 1524 3459 fit
1549 3419 1735 3451 adorandum
1761 3438 1773 3457 ‚
1794 3414 1946 3458 addifiere
1973 3439 1982 3448 .

177 3466 358 3508 Apostolum,
382 3469 489 3502 adorat
509 3480 590 3508 eum,
611 3472 692 3510 cujus
704 3471 753 3505 ille
765 3471 910 3515 Apostolus
921 3470 958 3512 est
971 3494 978 3503 .
995 3473 1039 3503 Et
1106 3473 1191 3504 Nam
1230 3470 1308 3513 quod
1352 3466 1515 3512 legentibus
1550 3470 1702 3508 scriptura
1736 3491 1747 3508 ‚
1793 3465 1843 3499 boc
1879 3464 1979 3498 idiotis

255 3516 359 3558 christ.
375 3521 454 3561 Lupi
465 3522 560 3560 Opera
573 3522 652 3552 Tom.
664 3522 724 3555 Xl.
1563 3516 1597 3548 G
1620 3527 1645 3562 g
1832 3522 1915 3557 P'ae‘
