2366 3736
736 0 750 21 ⁹
898 10 918 31 v

600 61 665 91 DE
701 47 1104 93 MIRACULOSO
1142 47 1579 91 SAcizAMENTo.
1865 64 1960 111 377

178 129 332 167 charistiae
360 130 457 164 fidem
490 130 682 165 firmandam
719 131 843 164 Divina
870 130 1054 164 Clementia
1120 129 1226 163 Etiam
1249 130 1352 165 varios
1375 131 1408 164 &
1431 128 1610 164 horrendos
1630 127 1874 177 ADe0&Reg·i
1889 132 1988 167 rebel-

178 187 257 214 tunc
275 178 378 214 edidit
395 179 483 225 plura
505 205 511 212 .
539 180 669 235 Insigne
688 181 723 237 iri
752 179 974 214 Cantuariensi
997 179 1054 213 Ec·
1120 179 1203 235 libus
1227 179 1414 236 Calyinistis
1434 204 1444 220 ,
1475 180 1600 234 Svfrecis
1619 204 1630 219 ,
1658 180 1820 234 Francis)
1857 182 1992 225 aliisque

11 250 91 295 0²¹³·
107 255 161 299 ⁶³·
178 229 827 313 5152zi0sflbfssi:3¹⁰221²>55¹¹1¹2fi25222⁰
838 227 1055 317 κῖῗῗᾱῗίῡέῗ
1118 226 1432 312 ῗῗυῗὲῦῗέῗὲἒῖἒς
1445 228 1995 313 Sssssssssiissflzfflffszz5333?

179 326 252 361 Nec
271 328 509 368 dubitandum,
534 329 616 370 quin
635 339 688 371 per
713 327 777 363 hoc
797 327 941 362 nostrum
967 328 1055 360 Divi·
1119 327 1233 360 Solum
1259 339 1334 361 cum
1349 327 1493 362 Colonia
1505 328 1692 361 Lovanium
1707 328 1872 371 permansit
1885 304 1994 362 oriho:

179 389 222 411 na
244 376 351 412 Pietas
372 379 512 412 voluerit
537 388 604 411 non
619 377 790 412 dumtaxat
810 377 1057 421 castigareindi-
1118 376 1243 409 doxum
1263 400 1275 417 ,
1316 388 1373 412 nec
1402 379 1492 410 suum
1515 378 1698 421 legitimum
1722 377 1906 420 Principem
1928 388 1997 410 um-

179 437 282 471 gnum
305 432 522 471 sumptorem‚
547 427 601 461 sed
624 428 658 461 ἀ
681 427 821 472 Belgicae
841 425 939 469 plebis
958 426 1055 460 fidem
1119 437 1214 468 quam
1239 427 1362 460 amisit.
1391 426 1521 460 Divinae
1544 427 1724 468 Maiestatis
1734 427 1853 469 judicia
1867 428 1939 459 sunt
1950 426 1995 459 al·

180 476 320 511 stabilire
341 503 347 510 .
383 477 558 510 Praesertim
590 477 734 511 civitatis
752 477 958 512 Colonienfis
982 500 992 516 ‚
1020 488 1056 509 ac
1120 486 1151 508 ta
1172 476 1205 508 &
1228 476 1364 509 secreta:
1391 476 1477 523 Qis
1499 477 1642 518 sapiens,
1668 478 1700 510 ὃς
1724 477 1885 520 intelliget
1910 476 1994 509 haec?

181 526 275 568 hujus
293 528 371 561 almi
392 527 505 569 oppidi
530 527 740 561 Lovanienfis
754 552 761 559 .
787 527 867 560 Non
881 527 945 559 fine
960 527 1074 930 causa¹
1122 525 1162 557 Et
1187 525 1358 559 adversum
1383 524 1512 559 hostilia
1536 537 1623 558 arma
1645 525 1726 569 quid
1739 525 1783 559 est
1795 526 1997 559 Lovanium?

179 574 277 619 hujus
295 577 434 620 portenti
456 577 558 621 gratia
581 576 854 620 Middelburgurn
886 574 1020 610 deseruit
1043 600 1053 616 ,
1119 575 1228 619 Qare
1245 575 1403 608 Divinam
1428 574 1495 616 ejus
1515 576 1684 608 tutelamfi
1710 574 1786 608 huic
1799 576 1999 608 sacrosancto

179 627 212 659 &
232 626 330 669 elegit
353 626 530 660 Coloniam
554 637 650 668 atque
663 627 867 660 Lovanium.
894 626 995 671 Qod
1008 635 1056 658 tu·
1119 625 1292 657 Thesauro
1318 624 1538 666 adscripserim
1562 648 1572 663 ‚
1612 636 1679 657 non
1701 635 1757 658 ero
1777 626 1963 658 temerarius
1990 649 1999 656 .

1120 674 1209 707 Dura
1229 673 1327 708 hodie
1341 675 1479 717 patimur
1491 697 1498 704 .
1527 672 1667 706 Redasti
1680 675 1788 707 sumus
1801 675 1834 707 in
1850 674 2000 707 Attilana.

1120 735 1282 766 tempora,
1299 724 1339 756 de
1349 723 1467 766 quibus
1479 722 1519 755 ad
1533 723 1676 756 faustum
1693 722 1890 765 Exuperium
1904 722 2002 755 Tho-

1120 773 1191 806 losae
1214 773 1411 816 Episcopum
1437 772 1557 814 scripsit
1585 773 1708 806 sanstus
1738 773 1963 819 Hieronymus
1991 783 2000 803 ε

179 675 293 708 telares
315 676 419 709 Sansti
442 677 503 710 fint
515 677 641 709 suarum
654 675 783 709 urbium
796 676 963 709 firmissimi
975 686 1053 708 con-

66 752 72 758 .
180 726 373 765 servatores,
400 726 480 759 reste
505 726 613 759 scribit
625 726 666 759 ad
680 727 739 759 suae
749 726 888 759 civitatis
898 725 1052 758 Senatum

34 751 107 786 L¹b'
136 762 162 785 ¹¹
181 775 303 807 sancius
323 774 459 809 Isidorus
481 775 679 808 Pelufiotes.
708 776 752 809 Et
763 776 803 809 de
815 776 921 809 sancto
936 774 1057 818 Jacobo

10 801 70 846 ΕΡ·
83 799 163 838 ²²⁶8·
181 824 339 858 Nisibenfi
363 824 402 859 ad
422 824 565 860 Persicos
585 825 731 859 Romani
745 825 875 868 Imperii
890 825 970 858 fines
985 824 1058 866 Epi·
1121 827 1218 855 Dives
1244 822 1280 861 es}
1303 830 1357 864 qut
1379 822 1469 856 habet
1485 831 1615 863 panem.
1645 822 1726 854 Non
1742 821 1907 854 imitemur
1921 821 2002 854 anti-

181 876 282 917 scopo
302 873 399 908 habet
418 875 450 908 in
473 876 530 908 suo
552 875 798 918 Martyrologio
830 874 952 907 sanctus
983 873 1058 906 Ado
1120 883 1202 915 quos
1226 872 1419 912 Romanos,
1447 870 1487 905 ad
1509 882 1590 911 quos
1610 872 1627 905 ὲ
1641 870 1780 906 barbaris
1802 869 1923 904 Gothis
1946 881 2002 903 ca·-

7 926 70 971 Jul.
108 939 160 975 15,
183 924 327 958 Antistes
351 924 565 959 Viennensis:
593 923 864 967 sanliusJacobus
881 922 1058 966 Episcopus,
1122 933 1192 964 ptos
1213 922 1247 954 dc
1271 922 1427 963 spoliatos
1447 920 1604 954 declamat
1623 922 1658 954 in
1687 920 1775 954 libris
1787 920 1826 953 de
1849 919 1914 952 Dei
1927 918 2003 952 civi-

181 980 299 1017 magnae
319 979 443 1007 vlrtutls
462 978 518 1006 Vir
538 998 549 1013 ‚
574 979 620 1005 lta
642 982 675 1005 ut
698 974 743 1005 ad
765 975 831 1013 ejus
851 982 954 1015 preces
976 971 1056 1014 saepe?
1121 981 1187 1004 tate
1211 972 1337 1004 sanstus
1361 971 1567 1014 Augustinus
1588 982 1594 1001 ε
1637 969 1816 1009 Perdidistis
1836 971 2002 1002 utilitatem

181 1023 250 1056 urbs
269 1022 431 1066 discrimine
444 1023 543 1063 fuerit
553 1022 697 1055 liberata.
727 1025 815 1054 Iam?
828 1024 910 1055 urbis
921 1022 985 1065 suae
997 1033 1059 1054 mu·
1121 1021 1304 1053 calamitatis
1316 1045 1323 1052 .
1354 1020 1514 1063 Miserrimi
1528 1019 1611 1060 falli
1633 1020 1715 1059 estis,
1738 1020 1845 1061 peffimi
1864 1027 2004 1060 perman-

181 1085 228 1106 νος
248 1084 285 1105 ex
305 1082 450 1114 praecepto
471 1077 661 1113 Imperatoris
671 1071 858 1111 Constantini
881 1074 925 1105 ad
934 1073 1056 1105 tutelam
1115 1070 1190 1110 fillis
1204 1095 1211 1102 .
1239 1070 1291 1103 Ex
1315 1072 1414 1104 corde
1437 1070 1606 1104 redeamus
1626 1070 1666 1103 ad
1681 1070 1841 1103 Divinam
1852 1068 2005 1102 Clemen-

181 1124 216 1156 δ’
233 1123 445 1155 munimentum
459 1120 592 1164 sepultus
609 1146 619 1161 ,
642 1121 739 1163 postea
764 1124 825 1156 zelo
842 1124 971 1165 saliant
985 1126 1058 1163 Apo·
1123 1122 1201 1153 tiam
1215 1144 1225 1159 ,
1253 1120 1287 1154 δε
1306 1120 1509 1155 confidamus
1531 1119 1564 1151 in
1593 1119 1751 1162 Sapientis
1774 1118 1866 1152 verba
1890 1131 1901 1150 .-
1929 1121 2006 1150 Cum

177 1171 265 1212 statae
285 1171 322 1212 est
343 1174 433 1204 extra?
457 1171 555 1204 urbem
580 1173 676 1204 elatus
699 1174 734 1206 (η’
754 1174 904 1205 conditus.
918 1174 978 1205 Sed
989 1183 1055 1204 mox
1119 1170 1284 1211 placuerint
1306 1173 1431 1203 Domino
1447 1175 1509 1203 viae
1539 1168 1687 1207 hominu,
1714 1173 1843 1201 inimicos
1867 1169 1931 1208 ejus
1943 1178 2009 1200 con-

183 1223 286 1255 eadem
296 1227 430 1262 civitas,
455 1227 536 1253 tanti
551 1224 673 1254 Patroni
682 1222 787 1255 orbata
800 1224 932 1264 reliquiis
945 1246 955 1261 ,
981 1226 1056 1255 Per—
1123 1227 1219 1253 vertet
1242 1221 1286 1252 ad
1302 1228 1407 1261 pacem
1420 1245 1427 1252 .
1449 1220 1600 1253 Humani
1625 1218 1734 1252 cordis
1757 1218 2008 1251 conversionem

179 1270 282 1313 sarum
301 1273 415 1303 dinan*
424 1269 593 1314 succubuit.
623 1272 686 1305 Rei
709 1273 822 1306 seriem
841 1271 985 1315 pluribus
1005 1282 1057 1304 ex·
1122 1270 1184 1303 effe
1208 1269 1284 1303 coeli
1320 1281 1357 1303 ac
1384 1279 1472 1304 terrae
1498 1269 1665 1303 creatione
1689 1268 1791 1310 majus
1814 1266 2008 1301 miraculum

183 1320 323 1363 ponitin
335 1321 492 1355 Virorum
506 1321 681 1354 Illustrium
695 1321 858 1366 Catalogo
869 1321 1061 1356 Gennadius
1123 1320 1285 1353 affirmant
1316 1329 1414 1362 atque
1441 1317 1670 1354 demonstrant
1704 1318 1827 1351 sanstus
1855 1315 2010 1359 Augusti-

5 1355 86 1399 GaP·
111 1367 138 1392 ¹·
183 1370 409 1404 Massiliensis,
428 1371 599 1405 Habemus
611 1371 746 1415 plurima
759 1371 941 1405 istiusmodi
954 1383 1061 1405 exem·
1126 1380 1186 1403 nus
1214 1380 1252 1403 ac
1291 1368 1416 1403 sanstus
1452 1371 1594 1413 Joannes
1631 1366 1887 1410 Chrysostomus
1917 1389 1924 1396 .
1963 1365 2008 1398 Et

182 1421 233 1462 pla
253 1444 261 1452 .
290 1421 332 1454 Et
358 1420 435 1454 hinc
456 1421 497 1455 de
517 1421 716 1464 Imperatore
738 1421 909 1458 Anastasio
930 1445 940 1460 ‚
971 1421 1060 1465 quod
1122 1417 1212 1462 quod
1238 1418 1328 1453 illam
1369 1431 1423 1463 per
1449 1419 1681 1453 sacrosanctum
1719 1415 1929 1451 Eucharistiae
1954 1414 2011 1447 Sa-

180 1470 428 1513 Mesopotamiae
440 1471 542 1505 Daras
562 1471 755 1504 exaltansin
768 1470 1055 1513 Anastafiopolim,
1125 1469 1284 1503 crificium
1311 1480 1347 1503 ac
1375 1470 1622 1505 Sacramentum
1652 1467 1777 1511 operati
1802 1463 2009 1500 consueverit:

179 1531 217 1553 ac
249 1520 325 1554 inde
352 1520 449 1554 sancti
478 1520 709 1556 Bartholomaei
736 1533 853 1565 corpus
876 1521 1023 1555 auferens
1047 1545 1058 1561 ‚
1126 1518 1247 1551 Divina
1276 1519 1466 1559 miseratio,
1492 1517 1671 1553 Christiani
1696 1526 1810 1551 omnes
1833 1514 2010 1550 novimus-.

176 1568 278 1611 ipsam
299 1569 392 1615 plene
412 1573 639 1609 exarmaverit,
668 1570 749 1605 reue
772 1571 884 1606 scribit
895 1571 930 1604 in
941 1570 1060 1604 Colle·
1128 1568 1206 1601 Haec
1233 1577 1423 1602 veneremus
1444 1593 1455 1608 ‚
1483 1566 1533 1599 his
1559 1567 1610 1608 pie
1635 1568 1669 1598 &
1694 1564 1796 1599 sancte
1822 1574 1950 1598 utamur
1981 1562 2016 1596 δε

26 1631 103 1666 Lib,
126 1645 158 1669 2,
176 1620 295 1654 uineis
314 1619 516 1656 Theodorus
537 1622 670 1656 Lestor.
700 1620 835 1656 Etenim
847 1631 925 1654 tunc
937 1621 1058 1663 ipsam,
1127 1617 1161 1650 iu
1188 1626 1379 1659 opportuno
1405 1626 1554 1662 ternpore
1578 1612 1771 1659 reperiemus
1784 1613 1950 1648 Divinum
1962 1621 2016 1646 au-

174 1680 268 1706 antea
285 1670 553 1716 insuperabilem,
580 1671 680 1705 Persai
701 1681 781 1705 mox
803 1669 1018 1713 subjugarunt
1046 1691 1054 1699 .
1130 1665 1252 1700 xilium
1271 1691 1279 1701 .

711 2167 1487 2255 FINIS.

544 2434 610 2485 Ad
641 2437 825 2506 majorem
846 2439 920 2485 Dei
943 2438 1003 2489 (91
1024 2435 1185 2482 omnium
1213 2425 1435 2477 samiorum
1451 2425 1642 2494 gloriam.

248 3411 354 3454 christ.
365 3414 444 3455 Lupi
454 3415 552 3455 opera
561 3407 712 3443 Tom0X1.
1573 3393 1590 3427 1
1615 3393 1627 3427 i
1675 3399 1697 3435 3
