2366 3736
163 1906 237 1943 Lib.
254 1914 285 1953 4,

164 1959 224 2000 Ep.
240 1967 284 2003 9‘

360 150 498 184 ,100

916 137 1550 190 Dissnnrario

361 233 398 257 ut
425 235 481 260 aut
503 224 729 263 illuminentur
752 249 761 264 ,
787 232 842 258 aut
867 226 952 260 certe
974 237 1034 264 nos
1054 229 1258 272 permittant·
1301 229 1430 266 nalibus
1451 229 1562 265 scribit
1586 227 1695 265 Abbas
1733 229 1944 275 Eginhardus
1980 247 1987 267 :
2015 235 2092 268 Cum
2110 239 2178 270 Rex
2194 229 2349 278 An.786.

361 274 490 316 quietos
503 277 629 315 vivere,
655 287 691 311 ac
705 288 774 314 non
787 275 848 310 soli
871 278 1041 315 communi
1066 278 1243 325 Domino,
1299 286 1332 317 in
1355 283 1436 314 Villa
1457 280 1603 323 Carefiaco
1626 280 1771 320 hyemaret
1794 305 1804 320 ,
1829 283 1971 324 confilium
1997 291 2068 318 iniit
2080 295 2114 319 ut
2127 289 2179 322 5*ae-

1300 342 1410 366 aeonum
1430 341 1551 375 gentem
1570 332 1643 365 bello
1661 332 1891 375 aggrederetur,
1917 335 1950 367 <9⁹
1974 338 2004 368 eo
2017 336 2103 379 usque
2110 346 2180 378 per·

357 388 438 413 neos
459 374 625 415 infideles,
654 376 735 410 dum
759 388 818 411 nos
835 376 921 411 bello
946 377 1124 419 lacessunt,
1158 381 1237 422 quid
1296 377 1476 427 severaret,
1503 383 1576 414 dum
1598 391 1651 414 aut
1673 381 1747 415 vidit
1766 382 1946 421 Christiana:
1959 387 2104 428 Religioni
2110 386 2180 430 sub-

360 328 414 362 sed
434 325 467 362 &
488 327 558 368 ipfis
577 325 714 362 fideliter
731 325 904 364 famulari.
931 327 1115 363 Adversum
1138 341 1240 364 extra-

357 432 392 463 ni
429 425 582 470 poffimus
615 425 774 460 defensiva
798 438 885 461 arma
907 429 1029 462 sumere
1055 429 1068 462 ἒ
1104 431 1238 467 Sanctus¹
1292 433 1457 471 jtcerentur
1486 456 1496 472 ‚
1521 439 1575 463 aut
1597 434 1713 468 omnino
1734 434 1902 465 tollerentur
1930 457 1938 465 .

356 480 497 523 Joannes
524 472 777 519 chrysostomus
789 477 930 513 omnino
954 478 1100 523 loquitur
1121 480 1163 514 de
1176 480 1235 515 bel·

353 539 388 575 10
408 533 585 568 offenfivo.

404 586 492 618 lstud
507 585 611 629 ipsum
638 580 734 615 docet
758 581 792 615 in
818 580 903 614 libro
923 579 1074 616 adversus
1099 580 1234 615 Auxew

354 639 440 672 tium
453 634 737 669 Mediolanensem
750 656 760 675 ‚
785 642 823 665 ac
838 631 920 664 alios
933 631 1133 665 Arianorum
1160 632 1232 674 Epi-

353 690 490 730 scopos,
519 686 606 718 suam
618 683 753 717 haeresim
773 674 827 725 per
847 681 1053 723 Imperatoris
1077 681 1233 719 Constan-

350 740 388 773 tii
412 738 527 773 Edicta
541 732 765 771 &armatueri
786 734 823 765 ac
847 742 1021 776 propagare
1036 733 1230 776 satagentes,

1166 785 1232 815 Prt-

347 850 427 872 mum
448 835 580 880 miserari
597 837 662 868 licet
683 832 784 873 nostrae
797 836 899 868 aetati's
922 833 1070 871 laborem,
1096 833 1129 866 Θ
1146 842 1228 874 pne-.-

341 888 473 931 sentium
496 896 659 928 temporum
673 884 782 924 stultas
805 889 954 924 opiniones
989 881 1192 927 congemiscere
1218 907 1229 923 ,

344 939 452 982 quibus
472 940 659 980 patrocinari
681 933 812 966 bumana
840 937 899 965 Deo
922 935 1080 966 creduntur
1094 957 1104 973 ‚
1130 935 1165 967 o·
1187 936 1231 966 ad

348 789 484 824 sanstus
505 786 652 822 Hilarius
671 783 848 826 Episcopus
885 780 1087 815 pictaviensis
1114 794 1121 813 :

343 991 489 1023 tuendam
501 986 609 1028 Christi
633 981 788 1023 Ecclefiam
810 985 971 1016 ambitione
989 983 1130 1032 saeculari
1150 985 1225 1016 labo-

342 1050 431 1073 ratur
443 1063 450 1070 .
480 1044 540 1073 oro
550 1048 602 1072 vos
616 1033 776 1077 Episcopi,
802 1039 854 1075 qui
865 1031 915 1065 boc
927 1044 980 1066 vos
1005 1033 1056 1076 effe
1068 1035 1188 1066 creditis
1216 1059 1225 1074 ,

342 1088 519 1133 quibusnam
528 1085 681 1130 suffragiis
705 1085 749 1116 ad
766 1085 996 1125 praedicandum
1022 1086 1224 1128 Evangelium

342 1140 466 1180 Apostoli
488 1137 530 1178 ufi
542 1136 643 1180 sunt?
669 1134 790 1178 ,Quibus
806 1135 905 1180 adjuti
927 1134 1124 1175 Potestattbui
1138 1134 1225 1165 Chri·

332 1190 411 1228 stum
424 1190 672 1230 praedicaverunt
684 1209 694 1223 ,
716 1182 826 1227 gentes
820 1194 875 1224 que
877 1183 949 1223 fere
961 1194 1058 1216 omnes
1071 1195 1108 1215 ex
1132 1179 1222 1216 Idollr

339 1241 383 1272 ad
396 1243 492 1272 Deum
502 1234 714 1275 transtulerunt
727 1235 743 1265 ἒ
773 1238 818 1264 An
831 1234 867 1264 ne
892 1234 1025 1274 aliquam
1034 1233 1089 1275 fibi
1103 1233 1219 1277 assume-

338 1291 415 1322 bant
427 1291 442 1322 ἑ
456 1287 576 1323 Palatio
602 1288 791 1328 Dignitatem
804 1306 814 1322 ,
835 1281 970 1323 hymnum
984 1285 1042 1316 Deo
1064 1284 1096 1321 in
1109 1295 1221 1318 carcere

338 1346 416 1372 inter
443 1347 563 1371 catenas
585 1337 619 1370 (ι’
639 1333 699 1377 post
714 1334 833 1374 flagella
855 1335 1040 1366 cantanter?
1065 1336 1095 1365 E
1099 1334 1221 1376 aic‘lisne

339 1393 430 1432 Reges
456 1389 590 1425 Paulus,
618 1390 727 1417 cumin
740 1381 867 1417 Theatra
891 1380 1159 1429 spellaculumipse
1180 1383 1221 1426 eJ2

333 1438 381 1482 set
394 1463 404 1479 ,
432 1436 546 1476 Christo
572 1433 729 1476 Ecclefiam,
750 1432 944 1476 congregabat
958 1434 974 1464 ,ἓ
1000 1437 1118 1466 Nerone
1138 1433 1174 1476 se
1198 1459 1208 1473 ‚

337 1492 446 1529 credo,
481 1497 535 1520 aut
556 1484 729 1528 Vespasiano
757 1507 768 1523 ,
803 1492 856 1515 aut
891 1486 980 1517 Decio
1006 1488 1220 1525 patrocinanti-

337 1541 394 1573 bus
417 1538 553 1571 tuebatur
574 1560 584 1576 ,
612 1546 734 1578 quorum
745 1539 778 1566 in
792 1545 842 1566 nos
856 1534 932 1566 odire
951 1533 1077 1574 confefflo
1091 1537 1220 1567 Divtnae

333 1591 559 1632 praedicationis
582 1585 727 1627 effloruit.
756 1584 808 1617 De
822 1583 955 1617 Christo
979 1584 1131 1618 Domino
1142 1585 1215 1619 San·

335 1643 406 1674 ssus
418 1637 622 1683 Augustinus
638 1636 823 1678 frequenter
836 1632 944 1667 scribit
957 1646 968 1666 .-
997 1637 1116 1666 Domutt
1135 1645 1217 1667 mun—

336 1693 408 1723 dum
420 1712 430 1727 ,
456 1687 601 1729 nonserro
613 1710 622 1726 ,
646 1684 703 1728 sed
714 1686 810 1728 ligno.
842 1685 884 1718 Et
896 1684 935 1717 ad
949 1684 1140 1719 oldericum
1154 1685 1219 1718 Fir-

335 1751 471 1774 manum
496 1738 696 1782 Episcopum
719 1758 731 1774 ,
759 1734 908 1770 Ecclesiae.
930 1735 991 1771 suae
1014 1735 1219 1778 possessiones

336 1801 393 1834 per
409 1787 525 1832 privati
540 1786 616 1820 belli
631 1795 716 1821 arma
728 1783 903 1822 defendere
918 1794 1083 1826 parantem
1099 1808 1109 1824 ,
1138 1787 1218 1821 mul-

336 1851 369 1878 ta
382 1838 643 1876 tie-hortamenta
657 1835 775 1877 scripsit
786 1835 921 1867 Sanetus
935 1832 1050 1867 Petrus
1063 1834 1217 1867 Damiani

337 1902 374 1924 ac
398 1890 532 1926 tandem
554 1884 711 1921 conclusit
724 1897 735 1916 .·
762 1885 819 1916 Per
836 1883 1025 1916 charitatem
1039 1887 1095 1916 Dei
1119 1886 1219 1916 Filius

338 1943 375 1973 de
398 1940 478 1971 Coelo.
497 1935 650 1980 descendit
663 1958 672 1973 ,
695 1942 752 1975 per
767 1939 951 1975 patientiam
973 1936 1043 1966 vero
1066 1934 1220 1969 diabolum

332 1988 491 2033 superavit
504 2012 511 2019 .
540 1990 592 2018 His
606 1989 713 2017 muniti
730 1984 892 2016 virtutibus
907 1983 1126 2024 &fundatores
1147 1990 1220 2024 ,ipo-

334 2040 399 2080 stoli
420 2038 561 2070 sanetum
584 2033 740 2075 Ecclefiam
763 2036 975 2071 condiderunt,
1003 2036 1036 2070 et
1055 2034 1222 2075 propugna-

339 2100 415 2123 tores
440 2090 503 2128 ejus
516 2086 618 2121 saneti:
641 2088 787 2122 Martyres
813 2082 936 2126 diversa
955 2089 1091 2117 mortium
1108 2081 1220 2125 suppli-

339 2146 388 2173 cia
410 2136 634 2178 triumphaliter·
653 2136 845 2175 pertulerunt
865 2158 872 2164 .
913 2135 944 2166 51·
968 2144 1035 2175 ergo
1051 2142 1107 2173 pro
1124 2132 1187 2174 fide
1212 2157 1222 2173 ,

341 2201 403 2232 qua
416 2184 594 2227 universalis
609 2190 692 2219 vivit
717 2181 861 2221 Ecclesia,
890 2182 1035 2223 nusquam
1048 2182 1157 2222 ferrea
1174 2194 1220 2214 ar-

343 2251 394 2271 ma
405 2243 513 2279 corripi
524 2235 686 2268 conceditur
696 2255 705 2270 ‚
733 2233 874 2274 quomodo
883 2240 940 2272 pro
951 2237 1076 2264 terrenis
1090 2243 1124 2263 ac
1137 2240 1222 2263 tran0

337 2288 446 2331 ficariis
458 2283 590 2326 Ecclesia·
595 2283 798 2325 facultatibus
808 2282 938 2316 loricata·
952 2288 1031 2314 acles
1054 2287 1086 2314 tn
1104 2282 1222 2324 gladios

344 2336 563 2371 debacchantur
578 2336 589 2368 ἒ
619 2335 711 2366 Porro
725 2332 825 2365 sanc‘lt
847 2335 912 2368 Viri
927 2357 938 2372 ,
963 2343 1028 2364 cum
1035 2333 1223 2374 partialem,

344 2389 494 2421 baereticos
514 2397 548 2420 ac
571 2384 715 2416 Idolorum
726 2383 848 2415 cultores
863 2393 1048 2424 nequaquam
1057 2389 1224 2425 perimunt,

341 2437 396 2482 sed
404 2436 502 2479 potius
525 2434 563 2470 ab
574 2441 616 2469 eit
624 2442 681 2477 pro
685 2432 746 2474 fide
767 2431 921 2467 catholica
938 2438 1048 2474 perImi
1071 2444 1128 2464 non
1138 2431 1221 2473 refu-

340 2494 428 2532 giunt
440 2511 447 2518 .
477 2486 531 2522 Est
545 2484 697 2518 constans
718 2484 863 2517 doctrina
876 2484 1067 2518 Sanctorum
1080 2482 1222 2517 Parrum.

345 2533 575 2573 Proindetalis
590 2533 773 2569 infidelium
796 2534 962 2567 conversio
986 2545 1046 2568 nec
1070 2533 1155 2566 inter
1178 2532 1220 2565 le-

347 2587 480 2631 gitimas
498 2584 576 2619 belli
594 2585 702 2620 causas
715 2584 874 2617 numerari
898 2584 1001 2627 potest
1013 2608 1023 2624 ,
1054 2594 1112 2617 nec
1137 2583 1221 2616 inter

348 2637 506 2670 utilitates
518 2658 526 2669 2
547 2633 608 2669 Per
619 2633 769 2667 Infideles
782 2633 937 2678 intelligo
950 2633 1117 2668 Gentiles.
1148 2633 1220 2666 Ete-

348 2687 419 2721 nim
441 2685 504 2719 alia
527 2683 573 2719 est
589 2683 672 2719 ratio
695 2684 825 2717 illorum
846 2684 902 2726 qui
918 2684 1049 2719 subsunt
1063 2683 1221 2723 Ecclesiae,

348 2736 489 2779 ideoque
521 2744 578 2778 pet
610 2733 791 2779 legitimam
819 2756 830 2772 ,
875 2732 1018 2770 Romani
1053 2733 1221 2779 praesertim

348 2785 504 2830 Episcopi
528 2783 718 2827 potestatem
739 2794 777 2815 ac
788 2782 959 2825 jussionem
983 2786 1113 2827 possunt
1125 2795 1221 2817 arma·

348 2847 381 2871 ta
404 2846 502 2869 manu
522 2832 678 2875 compelli
704 2832 744 2866 ad
767 2832 907 2866 reditum
929 2858 936 2864 .
977 2834 1053 2868 Alia
1076 2835 1155 2870 item
1177 2833 1221 2869 est

349 2887 432 2920 ratio
454 2886 644 2919 Turcorum
666 2883 697 2916 &
730 2883 978 2916 Sarracenorum
1007 2909 1017 2924 ‚
1057 2885 1104 2917 Hi
1133 2884 1223 2918 enim

350 2935 616 2970 Christianorum
640 2943 738 2966 terras
759 2943 813 2975 per
845 2932 997 2975 injustam
1031 2934 1221 2970 violentiam

350 2986 522 3024 detinent,
549 2985 689 3024 ideoque
712 2982 830 3025 possint
851 2983 968 3025 expelli
994 2996 1048 3027 per
1064 2994 1172 3017 arma.

402 3034 487 3079 Justa
508 3044 617 3069 tamen
638 3032 807 3067 adversum
829 3032 979 3068 Gentiles
996 3043 1093 3078 atque
1124 3033 1225 3079 Paga.

351 3096 412 3118 nos
428 3083 512 3119 bella
534 3082 653 3119 habent
694 3094 846 3126 magnam
875 3084 1051 3117 utilitatem
1078 3108 1088 3123 ‚
1124 3095 1219 3127 quam

351 3135 462 3169 laudat
486 3134 519 3166 in
539 3133 621 3167 libro
643 3132 683 3166 ad
705 3132 823 3165 Palatii
851 3132 1002 3168 proceres
1025 3134 1066 3168 de
1077 3133 1225 3176 Iudaico-

352 3193 424 3218 rum
438 3183 677 3225 mancipiorum
691 3182 857 3225 Baptismo
871 3183 1003 3218 Sanetus
1016 3184 1220 3229 Agobardus:

352 3236 411 3268 Sed
430 3235 463 3268 ὁ*
485 3234 562 3266 illud
579 3241 722 3274 putamus
744 3233 795 3275 effe
814 3232 1054 3274 considerandum
1074 3258 1084 3274 ,
1123 3235 1227 3276 quiasi

350 3282 503 3329 religiosus
517 3287 681 3324 Imperator
694 3276 854 3317 adversum
867 3286 977 3317 Gentes
991 3309 1000 3325 ‚
1027 3296 1095 3327 quae
1106 3286 1126 3316 ἆ
1137 3284 1221 3317 Chri-

349 3335 384 3374 [li
407 3340 520 3367 nomine
541 3334 647 3366 alienae
661 3331 754 3374 sunt,
780 3345 865 3366 arma
877 3343 973 3368 movet
992 3360 1002 3375 ,
1029 3334 1167 3370 &vilior
1178 3335 1221 3376 ef.

345 3385 446 3424 fellus
454 3382 578 3427 subjicit
599 3394 645 3416 eos
659 3381 796 3421 cbristo,
820 3384 853 3417 (π
869 3382 961 3429 sociat
970 3386 1121 3429 religioni,
1151 3393 1220 3426 opus

352 3434 548 3474 estpt'etatis‚
573 3435 606 3466 (a
625 3434 712 3465 laude
733 3433 855 3475 dignum
883 3458 889 3464 .
927 3433 1055 3469 Alludjt
1085 3435 1126 3469 ad
1159 3447 1221 3469 ma.

350 3494 456 3530 gnum
475 3485 708 3528 Imperatorem
731 3481 887 3516 Carolum
909 3507 920 3525 ,
946 3485 987 3520 de
1010 3497 1077 3531 quo
1095 3486 1130 3520 in
1156 3485 1225 3520 An·
1260 3495 1264 3522 ε

1980 435 2021 467 Et
2046 437 2080 470 in
2107 449 2180 480 prae·

1293 487 1414 525 tepeo,
1441 493 1508 526 quo
1531 483 1667 518 cunctos
1690 481 1745 515 sibi
1772 482 1915 518 subditos
1926 485 2066 527 gentiles
2089 486 2177 528 juffit

1298 532 1338 565 ad
1362 533 1458 566 fidem
1483 532 1635 566 accedere
1657 556 1668 571 ,
1706 530 1803 566 habet
1835 534 2027 570 Ludovicus
2058 534 2137 569 Pius
2163 550 2176 570 .-

1298 584 1420 616 Genitor
1441 582 1531 620 noster
1558 579 1694 626 gloriosae
1726 590 1873 616 memoriae
1904 587 2027 617 Carolus
2062 597 2176 618 omnem

1295 633 1457 664 saxoniam
1480 630 1680 672 Ecclefiasticae
1700 633 1832 674 religioni
1847 632 1987 675 subdidit
2010 659 2021 674 ,
2053 636 2174 678 jugum-

1298 693 1353 723 que
1375 681 1481 721 christi
1493 681 1578 725 usque
1600 683 1644 713 ad
1662 688 1801 715 terminos
1816 686 1972 722 Danorum
1995 695 2081 727 atque
2097 687 2177 719 Scla-

1295 743 1400 765 vorum
1420 757 1430 772 ,
1466 734 1554 765 corda
1568 731 1683 774 ferocm
1697 731 1782 773 ferro
1797 735 1978 773 perdomans
2002 759 2013 777 ,
2040 738 2137 772 docuit
2162 761 2172 769 .

1295 783 1407 818 Caroli
1434 784 1467 816 in
1491 783 1679 827 subjugatos
1715 783 1859 815 Saxones
1885 783 2037 819 Edictum
2055 786 2176 830 'vulga-

1293 834 1339 868 vit
1354 833 1590 868 -lllustriffimus
1611 833 1717 866 Lucas
1740 831 1954 867 Holstenius:
1980 838 2012 867 St
2034 842 2102 876 quis
2123 837 2173 869 de-

1291 889 1391 923 inceps
1412 890 1446 916 in
1466 893 1556 927 gente
1576 884 1727 916 saxonum
1747 888 1883 916 intereos
1896 885 1995 917 latens
2019 895 2077 916 non
2101 886 2172 928 bap-

1291 939 1406 968 tizatus
1425 932 1459 977 se
1479 931 1653 976 abftondere
1676 936 1826 973 voluerit,
1853 935 1887 967 &
1914 935 1958 967 ad
1982 934 2172 978 Baptismum

1289 990 1395 1017 venire
1419 982 1648 1026 contempserit,
1668 983 1862 1027 paganusque
1872 991 2049 1025 permanere
2072 988 2173 1019 volue-

1288 1038 1351 1073 rit,
1379 1045 1471 1069 morte
1499 1040 1642 1067 moriatur
1665 1058 1672 1066 .
1703 1035 1849 1078 Magnus
1873 1034 2053 1078 Imperator
2083 1036 2173 1069 Con-

1289 1083 1451 1118 stantinus
1474 1085 1643 1121 idolorum
1682 1087 1801 1126 templa
1836 1084 1949 1118 clausit
1976 1109 1987 1126 ,
2024 1085 2171 1129 Magnus

1288 1130 1496 1171 Theodosius
1520 1134 1635 1169 evertit
1661 1147 1671 1166 :
1698 1134 1796 1170 ambo
1817 1135 1956 1182 capitale
1978 1135 2171 1187 supplicium

1288 1184 1461 1218 sanxerunt
1482 1186 1514 1218 in
1538 1184 1735 1222 Idololatrix
1756 1186 1939 1221 actitatores
1961 1207 1971 1223 ,
1998 1197 2111 1223 neuter
2135 1187 2170 1219 in

1287 1236 1468 1268 recusantes
1489 1235 1599 1270 venite
1620 1235 1660 1271 ad
1683 1234 1715 1268 C
1729 1235 1765 1267 H
1782 1234 1812 1267 R
1829 1235 1874 1270 [S
1887 1235 1923 1268 T
1937 1235 1975 1269 U
1991 1235 2029 1269 M
2056 1236 2172 1269 Domi-

1286 1295 1387 1316 num.
1415 1283 1534 1328 Magni
1557 1283 1673 1321 Caroli
1698 1284 1848 1319 Edictum
1877 1284 1993 1318 habuit
2015 1286 2171 1321 rationes.-

1286 1333 1340 1366 An
1355 1334 1481 1372 firmas,
1510 1333 1666 1377 permitto
1682 1333 2169 1376 sapientioribusjudicandum.

1284 1383 1456 1430 Qidquid
1478 1384 1535 1424 fit,
1562 1383 1581 1417 ὲ
1603 1384 1710 1416 taliter
1733 1383 1911 1428 subjugatis
1935 1382 2082 1418 Barbaris
2096 1383 2171 1428 plu·

1285 1431 1358 1466 rimi
1382 1434 1513 1467 fuerunt
1534 1434 1634 1466 etiam
1660 1433 1774 1475 sponte
1792 1433 1957 1466 conversi.
1985 1434 2067 1468 Item
2092 1434 2174 1467 Bar·-

1284 1482 1351 1517 bari
1373 1483 1523 1517 victores.
1553 1482 1600 1515 Ita
1626 1482 1768 1526 contigit
1793 1482 2013 1518 Nortmannis
2035 1485 2069 1519 in
2093 1483 2169 1521 Gal-

1284 1533 1342 1568 lia.
1371 1534 1454 1568 Sunt
1469 1534 1501 1567 δ(
1522 1533 1611 1578 plura
1633 1533 1781 1576 exempla
1794 1558 1802 1566 .

1510 1632 1788 1671 CAPUT
1863 1632 1946 1686 ut

1344 1736 1390 1767 An
1412 1733 1519 1768 bellum
1541 1739 1574 1769 tn
1596 1732 1890 1773 Novo'Testamento
1905 1733 1944 1776 fit
1968 1735 2082 1767 licitum
2095 1736 2111 1769 3

1366 1834 1485 1877 Oquor
1506 1834 1548 1868 de
1569 1834 1658 1868 bello
1680 1834 1838 1867 offenfivo
1861 1858 1868 1866 .
1911 1834 2004 1882 Qin
2025 1833 2167 1868 defensi-

1362 1916 1364 1918 ,
1393 1895 1470 1917 vum
1493 1884 1614 1923 liceat,
1643 1896 1711 1917 non
1748 1884 1793 1917 est
1825 1883 1919 1918 locus
1953 1883 2131 1919 dubitandi
2158 1908 2167 1920 .

1284 1933 1398 1973 Dico,
1425 1938 1461 1965 1n
1475 1937 1565 1968 Novo
1581 1934 1784 1972 Testamenta.
1812 1934 1946 1968 Etenim
1971 1934 2129 1971 offensiva
2154 1958 2167 1975 ,

1283 1982 1401 2025 utpote
1423 1995 1477 2025 per
1496 1985 1656 2017 Divinam
1679 1983 1884 2025 Maiestatem
1912 1984 2047 2028 probata
2062 2008 2074 2024 ,
2098 1982 2168 2017 imo

1284 2032 1317 2068 ἀ,
1343 2032 1445 2074 jussa,
1471 2032 1626 2069 Hebraici
1640 2033 1753 2076 populi
1767 2033 1852 2069 bella
1863 2044 1981 2074 nemo,
2010 2034 2067 2071 nisi
2080 2033 2175 2067 Mar-

1285 2080 1408 2115 cionita
1433 2092 1488 2116 aut
1513 2084 1586 2127 quis
1609 2083 1747 2121 similis,
1775 2082 1959 2121 multifaria:
1970 2084 2169 2118 Divinitatis

1287 2130 1400 2166 fabulo
1421 2131 1514 2174 poffit
1536 2133 1692 2166 damnate
1707 2156 1714 2163 .
1741 2132 1871 2168 Nostrae
1892 2133 2078 2177 questionis
2099 2138 2170 2177 par·

1286 2192 1351 2214 tem
1375 2181 1561 2224 negativam
1584 2183 1682 2217 docet
1701 2183 1734 2214 in
1749 2183 1850 2215 Sexto
1864 2183 2062 2217 Divinarum
2076 2183 2168 2218 lnssi-

1286 2231 1452 2265 tutionum
1466 2230 1552 2264 libro
1565 2231 1754 2267 Lactantius
1765 2231 1951 2266 Firmianus
1966 2245 1973 2264 :
2001 2238 2074 2266 Non
2085 2239 2167 2269 eninr,

1285 2292 1349 2317 curn
1371 2281 1495 2313 occidere
1521 2285 1600 2314 Deus
1626 2290 1714 2317 vetat
1732 2304 1742 2320 ‚
1771 2282 1945 2314 latrocinari
1967 2293 2020 2314 nos
2043 2293 2164 2316 tantum

1283 2329 1442 2371 probibet,
1469 2333 1548 2372 quod
1570 2342 1606 2364 ne
1614 2341 1671 2374 per
1687 2330 1826 2373 publicas
1849 2333 1970 2372 quidem
1991 2334 2066 2375 leges
2079 2334 2162 2373 licet,

1280 2379 1337 2422 sed
1355 2392 1391 2413 ea
1403 2391 1514 2422 quoque
1536 2393 1571 2413 ne
1589 2383 1687 2423 fiant,
1714 2390 1810 2413 monet
1831 2405 1842 2420 ,
1880 2393 1949 2425 quae
1970 2385 2056 2424 apud
2073 2382 2166 2415 bomi-

1284 2441 1335 2462 nes
1353 2438 1408 2471 pro
1431 2432 1519 2464 licitis
1543 2431 1690 2463 habentur
1715 2455 1721 2462 .
1747 2435 1796 2463 Ita
1816 2442 1909 2472 neque
1930 2434 2060 2466 militare
2093 2433 2165 2472 iusto

1283 2479 1402 2519 licebit,
1428 2482 1514 2520 cujus
1537 2483 1646 2515 militia
1666 2481 1705 2521 est
1728 2487 1761 2513 in
1784 2480 1851 2522 ipsa
1864 2481 1985 2521 justitia
2007 2496 2019 2516 .-
2054 2486 2163 2525 Neque

1283 2532 1352 2562 vero
1363 2528 1495 2572 accusare
1520 2542 1698 2573 quemquam
1711 2536 1835 2564 crimine
1856 2533 1997 2574 capitali:
2023 2539 2093 2575 quta
2118 2537 2165 2565 nl·

1282 2579 1328 2612 hil
1343 2579 1433 2620 distat
1444 2605 1454 2620 ,
1482 2583 1618 2614 utrumne
1628 2581 1718 2622 ferro
1735 2592 1775 2612 an
1787 2580 1876 2614 verbo
1894 2589 1996 2622 potius
2008 2584 2124 2616 occidas
2151 2593 2162 2614 τ

1282 2635 1421 2672 quoniam
1443 2631 1533 2673 occifio
1555 2630 1621 2674 ipsa
1633 2632 1824 2674 prohibetur.
1851 2635 1957 2677 Itaque
1980 2638 2012 2664 tn
2033 2633 2085 2667 boc
2107 2636 2164 2665 Det

1278 2688 1430 2721 praecepto
1452 2682 1566 2713 nullam
1574 2681 1695 2724 prorsus
1709 2687 1905 2723 exceptionem
1922 2681 1991 2723 fieri
2013 2691 2126 2724 oportet
2151 2704 2162 2722 ,

1283 2736 1351 2771 quin
1364 2732 1489 2765 occidere
1501 2730 1647 2764 hominem
1654 2732 1694 2774 fit
1701 2731 1819 2777 semper
1831 2731 1920 2774 nefas
1933 2755 1943 2771 ,
1970 2743 2054 2774 quem
2077 2736 2161 2765 Deus

1278 2779 1417 2823 sane‘lum
1438 2783 1614 2824 animaleffe
1627 2784 1720 2815 voluit
1734 2807 1741 2814 .
1771 2782 1879 2818 Etiam
1893 2782 1928 2815 in
1941 2783 2057 2824 quinto
2077 2782 2162 2817 libro

1283 2830 1409 2863 scribit:
1439 2831 1600 2873 Curjustus
1624 2833 1793 2877 belligeret,
1817 2839 1870 2864 aut
1875 2830 1908 2874 se
1929 2832 2033 2865 alienis
2047 2831 2162 2871 furori-

1281 2880 1336 2912 bus
1350 2879 1468 2922 misceat
1479 2906 1490 2921 ,
1517 2889 1549 2914 t'n
1561 2886 1644 2924 cujas
1655 2891 1754 2915 animo
1761 2891 1827 2924 pax
1838 2893 1904 2914 cum
1916 2882 2082 2915 bominibus
2090 2891 2163 2924 per-

1279 2939 1372 2971 petua
1384 2930 1524 2973 versatur
1537 2934 1549 2965 .)
1562 2935 1620 2969 No
1637 2934 1719 2966 anda
1735 2934 1808 2967 sunt
1821 2933 1917 2967 verba
1931 2944 1941 2964 :.
1966 2937 2072 2978 Neque
2081 2944 2163 2968 accu-

1275 2979 1346 3023 sare
1355 2993 1522 3023 quenquam
1531 2990 1616 3016 crim!
1663 2985 1807 3025 capitali.
1838 2984 1889 3016 Ex
1902 2983 2019 3016 eodem
2043 2983 2160 3026 princi-

1283 3032 1340 3074 pio
1352 3032 1477 3066 censuit
1489 3033 1652 3077 Capitalia
1664 3033 1784 3077 judicia
1796 3032 1992 3067 Christianis
2005 3045 2071 3067 non
2085 3035 2159 3067 liee-

1282 3092 1314 3114 re
1331 3093 1338 3112 z
1365 3084 1478 3125 ,Quaero
1491 3107 1500 3121 ,
1528 3096 1570 3116 an
1577 3086 1678 3125 pofflnt
1686 3089 1731 3126 pii
1738 3083 1848 3124 acjusti
1859 3082 1992 3115 homines
2006 3109 2015 3124 ,
2031 3091 2083 3127 qui
2093 3096 2157 3117 con·

1273 3131 1390 3170 stitutos
1397 3130 1452 3173 sub
1462 3132 1519 3165 illu
1532 3141 1635 3167 mortis
1648 3160 1658 3175 ‚
1669 3146 1703 3166 ao
1710 3133 1939 3176 misericordiam
1951 3134 2162 3176 deprecantes,

1281 3193 1338 3213 non
1351 3183 1468 3215 tantum
1476 3190 1632 3224 patiuntur
1644 3186 1733 3217 occidi
1743 3210 1752 3222 ,
1772 3182 1831 3227 sed
1838 3182 2006 3226 efflagitant
2020 3210 2028 3224 ‚
2039 3184 2159 3229 serunt-

1279 3242 1335 3275 que
1347 3233 1392 3264 ad
1399 3242 1521 3265 mortem
1532 3236 1661 3268 crudelia
1672 3237 1705 3268 &¹
1718 3232 1885 3266 inhumana
1905 3232 2052 3278 suffragia
2065 3260 2075 3275 ,
2103 3246 2155 3268 nec

1280 3282 1451 3315 vulneribus
1456 3282 1567 3324 satiat}
1578 3308 1589 3324 ,
1615 3297 1664 3318 nec
1674 3295 1774 3316 cruore
1784 3290 1929 3317 contenti.
1962 3286 2003 3318 Et
2019 3284 2103 3319 certe
2113 3284 2155 3318 ad

1280 3340 1419 3365 mortem
1444 3331 1596 3368 damnare
1606 3334 1649 3369 est
1662 3332 1800 3377 amplius
1815 3358 1825 3374 ,
1849 3334 1947 3378 quam
1969 3336 2009 3369 de
2023 3335 2155 3378 capitali

1279 3381 1418 3416 crimine
1429 3385 1576 3419 accusare
1585 3408 1592 3418 .
1624 3384 1774 3427 Ejusdem
1793 3385 1879 3419 circa
1905 3383 1969 3418 hoc
1992 3385 2156 3417 sententiae

1278 3431 1340 3465 fuit
1349 3430 1574 3467 Tertullianus
1588 3457 1596 3471 ‚
1608 3434 1641 3467 &
1654 3434 1788 3477 quidam
1800 3435 1874 3468 alii.
1898 3433 2088 3468 Lactantius
2102 3434 2157 3468 ad-

1276 3480 1397 3528 jungit.-
1411 3484 1476 3526 ,Qui
1485 3482 1786 3528 bominem,quamvis
1799 3485 1832 3518 ob
1846 3489 1950 3519 merita
1963 3484 2158 3524 damnatum,

2017 3539 2117 3569 incon·

2188 887 2235 924 Ca
2241 901 2269 934 p.
2284 902 2315 940 7.

2181 2254 2262 2300 Cap·
2275 2263 2333 2293 ιο.

2177 2861 2258 2907 Cap.
2277 2860 2327 2900 18.
