2366 3736
734 142 816 187 Dss
853 141 1169 185 ΟυιΝῑοΝε
1207 137 1571 184 Pitossan'rm.

221 233 254 269 te
275 233 359 269 ini-er
370 229 483 276 magni
496 227 610 264 Caroli
627 225 828 270 capitularia
843 223 999 259 habemus
1011 223 1110 257 etiam

51 289 124 325 Lib.
143 294 175 331 5.
222 285 314 318 ham:v
332 283 499 326 Regulam
515 294 525 314 .·
554 280 669 312 Placuit
690 282 769 309 inter
791 284 883 316 pares
901 273 1072 318 sententias
1099 298 1109 314 ,

48 338 202 384 Cap.i60.
219 331 510 374 clementior-semper
519 329 660 374 severiori
669 325 854 368 praeferatur
868 351 874 358 .

255 385 354 418 -Haec
371 376 707 426 quaestioquibusdam
735 376 861 410 videtur
884 375 1027 409 nodosa.
1055 374 1112 407 Fa·

221 434 405 468 mosaolim
430 434 491 467 fuit
515 427 672 471 quaestio,
701 426 755 459 An
780 426 869 469 quod
892 427 959 464 vis,
986 424 1112 458 casuale

221 485 418 528 praesertim,
442 481 509 513 fine
522 478 616 521 culpa
641 477 803 520 patratum
828 474 1046 510 homicidium
1066 475 1113 510 iu-

220 535 354 568 duceret
379 527 676 572 irregularitatem?
703 527 851 574 Qidam
877 535 1076 570 negaverunt
1106 550 1113 557 .

221 584 313 618 Hinc
325 593 382 625 pro
406 581 467 614 isto
490 580 547 612 suo
572 576 907 619 Presbytero.scripfit
930 574 1112 619 Stephanus

222 631 466 671 Tornacenfis:
492 629 702 667 Voluntatem,
730 639 788 659 non
800 636 870 668 opus
896 629 1053 658 Dominum
1065 635 1112 658 at-

220 683 362 722 tendere,
388 679 640 723 sanc‘liDoc‘lores
656 675 865 720 scripserunt,
894 679 1025 709 dicentes
1043 685 1111 717 pec-

215 741 317 765 catum
331 731 506 772 usqueadeo
518 730 568 771 esse
592 729 799 762 voluntarium
815 751 824 766 ,
851 736 883 758 ut
903 726 930 766 li
949 738 1006 759 non
1011 724 1050 768 stt
1063 737 1114 758 vo·

214 784 385 817 lunianum
402 806 412 821 ,
439 768 720 820 nonfitpffiotum.
753 777 906 810 Romana
919 786 1027 810 tamen
1052 775 1113 808 Ec-

216 833 310 866 clena
323 831 512 866 constanter
522 829 680 872 judicavit
692 828 877 870 oppositum
891 852 898 858 .
928 827 1022 860 Hinc
1044 837 1111 858 non

218 880 429 916 solummodo
443 879 590 914 laudatus
603 877 787 920 Stephanus
801 877 896 910 istum
907 877 999 910 suum
1026 876 1110 909 Pres-

219 933 392 975 byterum,
418 929 583 965 sedetiam
609 929 734 962 sanstus
760 926 971 961 Hildebertus
995 925 1114 960 Turo-

218 983 323 1030 nensis
335 980 459 1023 Archi-
475 980 653 1022 Episcopus
666 979 782 1017 suum,
807 977 864 1019 qui
889 978 960 1010 vitae
986 977 1113 1021 aggres-

216 1034 321 1066 sotem
332 1030 520 1071 occiderat,
547 1028 660 1062 debuit
683 1029 827 1062 Romam
852 1029 980 1061 mittere
1007 1027 1111 1061 discu-

213 1082 365 1116 tiendum
389 1093 426 1114 ac
447 1079 682 1123 judicandum·
712 1079 778 1112 Res
797 1077 842 1111 ita
868 1078 982 1111 mansit
1012 1078 1112 1120 usque

159 1134 162 1139 ’
192 1146 197 1149 ’
215 1132 256 1166 ad
271 1132 477 1166 Clementem
489 1130 642 1173 quintum
656 1128 854 1162 Pontificem
869 1152 878 1167 ,
903 1128 999 1170 aquo
1022 1138 1107 1161 acce·

167 1220 177 1230 ,
216 1183 326 1226 pimus
337 1182 426 1215 hune
439 1171 604 1213 mitiorem
618 1179 811 1213 Canonem:
843 1177 1021 1220 sifuriosus
1032 1202 1042 1217 ,
1059 1186 1113 1209 aut

215 1232 323 1273 infans
336 1256 346 1271 ,
369 1230 419 1274 seu
430 1232 582 1263 dormiens
597 1229 872 1275 homineQOutilet
889 1229 942 1261 vel
961 1230 1077 1260 occidat
1103 1249 1114 1265 ‚

217 1284 332 1315 nullam
342 1293 378 1314 ex
391 1282 443 1314 boc
453 1282 712 1324 irregularitatem
737 1284 879 1311 incurrit.
908 1281 953 1309 Et
973 1280 1053 1310 idem
1078 1277 1113 1309 de

217 1333 268 1365 ilio
277 1331 426 1373 censemus
439 1355 448 1370 ,
474 1338 528 1372 qui
543 1340 664 1361 mortem
675 1330 765 1361 aliter
778 1333 877 1362 vitare
899 1340 956 1359 nou
981 1329 1087 1359 valens
1104 1350 1113 1365 ‚

213 1380 302 1424 suum
320 1384 422 1414 occidit
436 1382 486 1413 vel
496 1382 615 1412 mutilat
628 1379 799 1421 invasorem
811 1401 819 1408 .
848 1377 1003 1409 Romana
1028 1376 1111 1408 olim

215 1430 360 1465 Ecclesia
383 1430 477 1462 istam
516 1428 794 1471 irregularitatem
806 1425 894 1459 adeo
922 1425 1073 1459 extendit
1101 1449 1111 1465 ‚

217 1492 254 1514 ut
279 1480 430 1513 Henrico
457 1479 556 1511 tertio
580 1477 771 1520 Anglorum
800 1475 910 1519 Regi,
940 1476 1110 1509 necessaria

218 1530 295 1564 belli
309 1528 476 1563 adversum
489 1529 631 1561 Francos
648 1525 809 1568 adjutoria
825 1526 1027 1568 postulanti,
1056 1525 1112 1559 Ci-

218 1580 400 1614 stercienses
415 1579 555 1612 Abbates
569 1577 791 1619 responderint
809 1589 815 1608 :
843 1581 918 1609 Non
940 1578 1006 1608 licet
1030 1577 1111 1608 nobis

210 1633 327 1671 juvare
351 1641 525 1672 quemquam
549 1631 593 1660 ad
605 1628 727 1661 'bellum
743 1630 929 1670 gerendum,
953 1635 1009 1667 per
1034 1627 1115 1668 quod

214 1679 340 1724 sanguis
371 1674 532 1721 effunditur
556 1703 566 1718 ‚
589 1679 741 1720 praecipue
766 1676 974 1717 Christianus,
1001 1687 1037 1709 ne
1060 1678 1111 1716 ju-

216 1741 324 1764 vantes
335 1732 379 1763 ad
389 1730 439 1763 boc
451 1754 461 1770 ,
482 1737 607 1772 propter
619 1728 764 1761 horrorem
771 1726 932 1770 sanguinis
962 1728 1110 1769 irregula-

215 1781 450 1822 resefficiamur.
479 1781 527 1813 lta
551 1779 649 1813 habes
671 1779 757 1822 apud
790 1776 986 1812 Mitthaetzm
1015 1778 1110 1811 Pari·-

215 1831 365 1866 fiensem.
393 1830 646 1874 Responderunt
658 1842 699 1864 ex
722 1829 891 1864 communi
908 1840 990 1863 tunc
1019 1829 1110 1862 sensu

215 1881 377 1916 Romanae
390 1881 535 1915 Ecclefiae
549 1905 557 1912 .
587 1880 676 1914 Hinc
692 1881 785 1919 illos,
807 1880 923 1923 quibus
934 1880 1043 1915 aderat
1062 1879 1111 1914 vel

215 1933 353 1966 minima
365 1932 499 1966 casualis
509 1932 607 1965 etiam
627 1929 797 1965 homicidii
820 1931 961 1974 suspicio
976 1955 986 1969 ‚
999 1931 1111 1964 eadem

217 1983 357 2015 Ecclesia
378 1981 525 2016 censebat
549 1981 755 2025 irregulares.
786 1981 893 2013 Etiam
928 1982 1065 2014 furiosos
1103 2005 1112 2020 ‚

216 2031 437 2070 dormientes,
464 2041 501 2062 ac
522 2032 683 2062 infantes.
714 2031 757 2061 Et
778 2031 806 2060 se
820 2029 978 2061 fundabat
991 2031 1022 2061 in
1048 2030 1110 2061 lau—

217 2080 291 2115 data
304 2080 433 2124 Regula
451 2089 506 2122 per
527 2090 589 2112 tres
604 2079 640 2113 *su
648 2078 699 2122 pra
713 2088 909 2111 memoratos
921 2079 1111 2112 Pontifices.

269 2128 381 2178 Qrare
406 2131 470 2172 ipia
484 2141 549 2162 non
571 2128 617 2162 est
646 2128 834 2170 amplianda
855 2130 895 2160 ad
910 2139 1025 2161 omnes
1053 2140 1106 2161 no·

216 2179 295 2213 ssras
306 2181 463 2212 afflones.
497 2178 702 2211 Moderanda
718 2177 764 2210 est
778 2189 831 2219 per
854 2176 1018 2210 laudatam
1042 2189 1103 2211 ma-

216 2230 275 2274 gni
288 2229 398 2263 Caroli
415 2222 595 2272 Regulam.
626 2227 784 2261 Notanda
798 2229 871 2260 sunt
886 2226 952 2269 ejus
977 2228 1070 2261 verba
1099 2242 1105 2260 :

217 2278 595 2321 interparessememias.
624 2278 703 2310 Hoc
715 2278 760 2311 est
775 2301 784 2315 ‚
802 2280 890 2322 aeque'
908 2278 1104 2321 probabiles,

218 2330 294 2363 licet
319 2330 416 2363 altera
441 2328 477 2361 fit
514 2329 641 2365 tutior,
667 2329 826 2366 sanetior,
853 2338 908 2361 aut
934 2327 1070 2372 rigidior
1096 2354 1105 2368 ‚

218 2381 382 2424 possumus
392 2379 570 2422 oppofitam
583 2379 717 2422 eligere.
744 2378 831 2424 Qia
847 2377 961 2420 nempe
979 2379 1010 2412 ἀ
1038 2378 1104 2411 haec

185 2431 253 2467 1st
267 2441 356 2470 tuta,
382 2442 420 2463 ac
435 2431 555 2469 fausta,
586 2430 661 2471 quia
676 2428 830 2478 immunis
852 2429 868 2460 a
893 2428 1038 2470 periculo
1063 2430 1101 2462 la·

210 2481 310 2517 bendi
335 2480 533 2513 mortaliter.
564 2479 630 2512 Res
642 2479 811 2512 manifesta
835 2480 878 2512 est
892 2491 931 2511 ex
945 2481 1033 2519 supra
1047 2480 1102 2512 ad·

210 2533 314 2567 duelis
327 2531 503 2571 exemplis.
531 2529 604 2562 Nec
616 2529 706 2562 aliud
729 2531 856 2562 censuit
883 2530 1009 2562 sanctus
1032 2530 1094 2562 Au-

210 2582 380 2626 gustinus.
410 2579 486 2627 Egit
514 2569 604 2621 juxt⁴a
634 2580 687 2611 sua
710 2579 877 2612 reclinium
904 2580 1062 2621 principia
1090 2605 1097 2612 .

210 2630 415 2666 Sententiam
429 2630 519 2662 illam
533 2652 542 2667 ‚
568 2641 639 2672 quae
653 2629 806 2662 asserebat
822 2641 874 2671 per
898 2630 1095 2663 adulterium

211 2681 292 2720 solvi
320 2680 496 2723 conjugale
535 2679 723 2717 vinculum,
753 2680 863 2712 falsam
889 2681 1038 2718 censuit,
1064 2681 1095 2713 &

210 2730 342 2767 modice
354 2730 573 2772 probabilem.
604 2730 645 2762 Et
659 2730 894 2762 reciecensuit.
923 2730 1093 2763 Hincom·

212 2781 308 2816 nibus
321 2782 410 2814 suasit
424 2803 433 2818 ‚
462 2791 501 2813 ne
523 2780 594 2822 quis
609 2790 662 2821 per
682 2790 781 2812 novas
792 2782 922 2822 nuptias
937 2782 965 2813 se
989 2781 1093 2822 praci-

211 2833 328 2876 pitaret
357 2833 389 2863 in
416 2830 616 2873 periculum.
645 2829 744 2874 Qod
766 2830 868 2872 ipsum
894 2831 926 2863 in
944 2830 1034 2864 libris
1054 2829 1092 2863 de

209 2882 318 2916 laicali
333 2880 543 2914 Institutione
555 2880 631 2913 fecit
645 2879 836 2912 venerabilis
848 2880 945 2922 Jonas
960 2881 1090 2923 Episco-

211 2943 269 2976 pus
285 2931 544 2964 Aurelianensis:
575 2938 635 2966 Hoc
647 2935 738 2973 igitur
750 2939 867 2962 tantum
887 2930 976 2972 nefas
988 2940 1091 2962 contra

211 2985 396 3022 Praeceptum
426 2984 563 3019 Domini,
593 2982 626 3012 Θ·
647 2981 815 3012 salvatoris
836 2979 922 3018 nostri
944 2982 958 3024 J
975 2981 1001 3012 E
1014 2982 1034 3013 S
1049 2981 1087 3015 U

210 3031 321 3071 Christi
332 3056 343 3071 ,
371 3032 406 3064 de
419 3033 606 3063 dimittendis
619 3030 758 3062 uxoribus
771 3032 804 3064 (θ’
818 3033 886 3062 aliis
909 3032 1052 3063 ducendis
1078 3055 1087 3069 ,

211 3084 277 3115 idea
296 3082 440 3123 inolevisse
466 3092 522 3113 non
549 3080 672 3112 dubium
700 3080 758 3119 est,
784 3086 924 3122 quoniam
962 3080 1088 3120 nefandi

209 3137 291 3164 tanti
309 3137 443 3165 crimmis
461 3139 629 3173 operatores
640 3129 818 3172 severiffima
831 3136 972 3163 canonica
985 3130 1086 3172 censu-

209 3193 266 3220 ra,
293 3190 468 3226 inoperta,
496 3193 552 3213 non
575 3182 790 3222 percelluntur.
820 3181 952 3214 Santslus
978 3182 1074 3224 Augu

209 3230 312 3263 stinus
331 3231 391 3264 fuit
405 3231 505 3275 longe
517 3231 645 3265 mitior.
677 3231 862 3264 Istiusmodi
875 3232 1086 3264 matrimonia

38 1679 148 1715 Anno

39 1739 146 1782 1242.

39 3149 111 3188 Lib.
134 3158 165 3183 2.

40 3200 121 3244 Cap.
137 3209 151 3234 1
159 3210 187 3247 3.

209 3279 359 3314 inchoari
382 3292 446 3315 non
460 3281 588 3324 penitus
602 3281 725 3320 vetuit,
756 3280 807 3314 sed
829 3281 1001 3314 dumtaxat
1020 3280 1087 3314 dis-

209 3330 330 3371 sualit;
358 3329 541 3372 perbonam
564 3332 662 3364 fidem
681 3333 845 3364 contrat‘ia
870 3332 1007 3374 permisit
1030 3331 1087 3364 im-

208 3380 317 3424 'partiri
330 3380 541 3413 sacramentis
554 3381 714 3414 Ecclesiae.
745 3381 869 3415 Eodem
893 3382 994 3415 modo
1018 3382 1085 3414 san-

208 3432 274 3464 stus
289 3429 475 3472 Cyprianus
486 3430 576 3463 suum
592 3430 839 3473 Rebaptismum
854 3456 863 3470 ‚
891 3432 981 3472 quod
1003 3432 1084 3464 secu-

203 3488 283 3524 ‘tum
297 3491 333 3513 ac
348 3480 476 3512 firmum
489 3479 647 3519 crederet,
667 3480 821 3518 omuibus
845 3483 959 3523 suafit,·
986 3492 1087 3525 oppo-

242 3545 245 3547 >
291 3528 398 3571 Christ.
413 3533 493 3572 Lupi
503 3533 600 3573 Opera
610 3532 689 3564 Tam.
701 3532 758 3562 XI.

1962 151 2026 199 27

1174 223 1264 256 fitam
1277 233 1384 256 tamen
1394 220 1611 263 sententiam,
1637 219 1712 256 licet
1737 220 1931 264 improbaret
1948 245 1957 260 ,
1991 232 2060 255 non

1173 273 1342 306 damnavit
1356 297 1367 313 ‚
1396 283 1454 305 nec
1467 275 1606 307 removit
1618 273 1635 307 a
1651 269 1825 308 Catholica
1841 271 2063 304 Sacramentu-

1174 335 1243 356 rum
1258 323 1525 356 Communione.
1556 324 1758 363 Sententias,
1785 332 1865 364 quas
1889 320 2062 354 censebant

1175 374 1290 415 pariter
1309 372 1505 415 probabiles,
1517 373 1689 405 censebant
1701 374 1733 406 &
1749 374 1864 415 pariter
1877 382 1962 406 tutas
1976 383 1981 401 :
1997 381 2063 411 pet·
2116 412 2119 414 q

1176 423 1349 457 mittebant
1376 433 1536 464 quemque
1552 423 1586 455 in
1603 427 1658 456 luo
1672 424 1760 457 sensu
1771 420 1951 457 abundate.
1978 419 2066 453 Cen-

1177 474 1286 507 sebant
1299 484 1436 514 utraque
1459 475 1491 505 in
1519 482 1605 514 parte
1629 473 1738 514 vigete
1758 484 1794 506 ac
1820 471 1967 515 operari,
1995 480 2066 513 quae

1175 523 1231 556 ista
1246 522 1438 566 ignorantiae
1451 532 1580 565 peccata
1595 523 1742 564 cooperit
1758 546 1768 561 ‚
1795 523 1858 556 Dei
1872 535 1908 559 ac
1922 519 2066 564 proximi

1174 573 1363 607 charitatem
1379 598 1386 606 .

1226 623 1327 656 Aliud
1341 624 1384 656 est
1401 621 1575 665 probabilis
1590 622 1748 656 sententia
1765 646 1775 661 ,
1803 621 1892 654 aliud
1907 620 2066 655 sententia

1174 673 1289 708 dubia.
1318 674 1371 707 De
1388 674 1447 707 hac
1462 673 1572 706 scribit
1584 673 1670 705 idem
1686 671 1893 716 Augustinus
1907 673 1938 704 in
1954 671 2068 704 litteris

1175 725 1214 758 ad
1236 723 1381 758 nobilem
1395 725 1501 757 virum
1517 721 1748 757 Publicolam:
1775 721 1806 754 si
1818 729 1886 763 quis
1899 722 2020 753 dubitat
2032 722 2068 754 de
2088 726 2237 772 Ep.154.

1174 776 1275 816 aliqua
1292 785 1383 807 carne
1395 798 1405 814 ,
1432 774 1530 807 utrum
1540 773 1734 805 immolatitia
1740 769 1779 812 fit
1792 795 1803 811 ,
1831 774 1864 805 (9·
1879 783 1936 804 non
1958 770 1994 810 est
2015 778 2069 803 im-

1175 826 1322 857 molatitia
1333 849 1343 863 ,
1363 823 1393 865 fi
1403 836 1469 857 eam
1483 829 1612 856 tenuerit
1621 827 1830 866 cogitationem
1842 844 1852 859 ,
1877 823 1958 863 quod
1969 828 2069 853 immo-

1173 876 1274 907 latitia
1299 887 1356 907 non
1372 874 1431 915 fit,
1459 875 1494 907 <9
1516 885 1552 907 ea
1564 873 1723 915 vescatur,
1752 883 1809 904 non
1821 878 1921 913 utique
1929 880 2033 913 peccat
2058 894 2065 903 .

1175 927 1260 968 ‚Quia
1263 927 1334 964 jam
1349 935 1400 957 nec
1410 924 1447 963 est
1459 948 1470 963 ,
1498 929 1692 966 necpmatur
1702 925 1897 956 immolatitia
1908 948 1917 961 ‚
1945 920 1998 962 etsi
2015 932 2070 953 an-

1174 977 1223 1008 tea
1231 975 1416 1017 putabatur.
1446 974 1555 1008 Persta
1577 983 1579 985 ’
1660 970 1668 984 ”“
1693 973 1703 981 '

1176 1124 1390 1165 factidubi0‚
1415 1126 1448 1160 δε
1480 1126 1511 1158 in
1527 1124 1631 1158 dubio
1657 1123 1753 1167 juris.
1784 1125 1824 1158 Et
1854 1123 1921 1157 haec
1946 1124 2069 1163 sanstus

1178 1176 1384 1220 Augustinus
1395 1174 1503 1218 ample
1516 1175 1737 1211 confirmatio
1760 1174 1857 1208 tertio
1880 1174 1966 1207 libro
1990 1185 2070 1210 con:-

1175 1237 1222 1259 tra
1251 1225 1486 1259 Academicos.
1514 1226 1648 1261 Horum
1676 1225 1765 1258 enim
1796 1226 1910 1258 vitium
1937 1223 1998 1256 fuit
2021 1224 2068 1259 ita

1176 1275 1345 1314 haeflrare,
1370 1276 1403 1308 &
1427 1275 1510 1307 nihil
1530 1275 1684 1308 defin-ire.
1713 1274 1900 1308 Audiamus
1927 1273 2006 1314 quid
2031 1274 2066 1306 in

1176 1324 1430 1359 Commentario
1442 1322 1481 1357 ad
1502 1323 1592 1364 supra
1606 1321 1778 1358 adductum
1794 1323 1980 1358 Clementis
2003 1319 2068 1356 ter·>

1176 1376 1213 1408 tii
1240 1374 1434 1416 Capitulum
1461 1372 1576 1406 scribat
1602 1373 1809 1415 Augustinus
1834 1371 2000 1405 Barbosa:
2029 1377 2066 1406 In

1174 1425 1262 1458 dubio
1266 1424 1349 1465 falli
1360 1423 1513 1456 homicidii
1528 1447 1538 1463 ,
1566 1425 1686 1465 quando
1691 1421 1805 1464 scilicet
1815 1432 1926 1455 certum
1937 1422 1976 1462 est
1995 1428 2070 1456 irre-

1169 1475 1427 1517 gularr'tatemeffe
1432 1476 1504 1514 jure
1525 1474 1704 1512 induciam,
1732 1486 1766 1506 ac
1789 1473 1913 1505 dubium
1937 1473 1974 1511 est
1987 1497 1997 1512 ,
2026 1482 2069 1506 tm

1175 1525 1221 1557 hic
1233 1532 1263 1556 in
1276 1537 1340 1558 eum
1353 1523 1453 1566 casum
1463 1525 1601 1556 Incideris
1610 1547 1619 1562 ‚
1645 1531 1678 1556 in
1691 1533 1812 1564 utroque
1818 1524 1890 1564 foro
1903 1522 2068 1565 censendus

1174 1575 1210 1613 est
1226 1582 1293 1617 quis
1317 1577 1491 1618 irregularis
1505 1599 1514 1614 ,
1541 1585 1606 1607 cum
1641 1575 1721 1616 secus
1743 1573 1780 1614 fit
1799 1579 1831 1605 in
1853 1573 1941 1606 dubio
1950 1577 2033 1615 JurIs
2058 1598 2065 1606 .

1176 1628 1266 1658 Multi
1275 1625 1447 1664 existimant
1457 1626 1538 1658 idem
1541 1622 1734 1667 sentiendum
1754 1624 1805 1666 esse
1818 1631 1850 1656 in
1866 1624 1996 1666 quolibet
2011 1626 2067 1658 du-

1175 1677 1326 1717 biofadli,
1355 1679 1388 1709 eo
1399 1678 1479 1718 quod
1488 1683 1564 1708 ratio
1592 1676 1741 1718 Ponttfiris
1757 1700 1766 1715 ‚
1794 1677 1930 1709 videlicet
1955 1682 1987 1708 in
2013 1676 2067 1708 du-

1175 1726 1305 1767 bmfat‘it
1319 1734 1457 1759 tutiorem
1466 1736 1587 1768 partem
1611 1725 1850 1768 ampiedlendam
1863 1728 1913 1768 effe
1926 1751 1936 1766 ,
1963 1732 1995 1758 in
2007 1737 2067 1758 om-

1175 1783 1206 1810 m'
1225 1777 1312 1810 dubio
1323 1777 1414 1811 locum
1426 1776 1534 1809 habere
1545 1779 1707 1810 videatur.
1736 1777 1796 1808 Sed
1804 1776 1857 1807 alii
1877 1776 2065 1817 probabilius

1174 1828 1348 1868 existimant
1375 1829 1578 1860 tantummodo
1605 1833 1636 1860 in
1660 1825 1909 1859 dubiohomicidti
1932 1828 2065 1868 aliquem

1174 1881 1224 1922 effe
1244 1880 1446 1921 judicandum
1471 1879 1665 1922 irregularem
1685 1901 1692 1909 .
1722 1879 1751 1908 E
1756 1888 1776 1909 x
1799 1877 1906 1919 quibus
1932 1876 2064 1917 insertur

1173 1942 1237 1963 eum
1252 1955 1262 1970 ‚
1291 1937 1343 1973 qui
1353 1930 1473 1963 dubitat
1491 1956 1500 1971 ,
1525 1942 1567 1963 an
1578 1930 1708 1973 aliquem
1722 1929 1924 1965 mutilaverit,
1954 1938 2011 1960 non
2023 1936 2064 1960 re-

1157 1980 1161 2024 }
1175 1987 1238 2013 neri
1256 1980 1288 2023 se
1301 1989 1446 2023 tanquam
1459 1983 1653 2024 irregularem
1659 1992 1762 2024 gerere
1775 2003 1786 2018 ‚
1806 1978 1924 2020 fifacqa
1938 1978 2063 2022 diligen-

1158 2036 1198 2060 ¹ti
1213 2029 1393 2071 inquifitione
1406 2031 1506 2062 adhuc
1517 2032 1662 2069 dubitat,
1689 2043 1732 2062 an
1754 2030 1940 2062 mutilaverit
1954 2052 1961 2059 .
1989 2033 2064 2062 Non

1158 2052 1250 2111 lenim
1264 2078 1402 2120 versatur
1414 2086 1446 2111 in
1459 2080 1631 2121 dubiofaffl
1655 2079 1830 2118 homicidii,
1852 2076 1952 2120 sedin
1974 2078 2063 2111 dubio

1155 2111 1371 2181 fmutilarionis
1384 2152 1394 2167 ‚
1422 2141 1492 2170 quae
1502 2140 1559 2160 non
1581 2131 1619 2167 eff
1637 2132 1757 2170 proprie
1780 2129 1985 2161 homicidium.
2016 2129 2060 2161 Et

1154 2184 1158 2243 ι
1173 2179 1204 2210 in
1219 2178 1469 2211 Commentario
1489 2181 1529 2211 ad
1543 2180 1719 2212 addussum
1734 2178 1877 2212 Honotii
1901 2178 1987 2210 tertii
2012 2190 2061 2211 ca·

1153 2228 1310 2278 lpitulum
1323 2229 1451 2261 scribit:
1478 2230 1610 2272 Intelligi
1632 2229 1718 2261 debet
1741 2230 1776 2260 de
1788 2228 1874 2260 dubio
1896 2228 2026 2268 prumea
2050 2248 2059 2260 t

1170 2281 1212 2309 Et
1224 2286 1295 2310 tunc
1306 2291 1363 2310 non
1377 2278 1413 2318 est
1425 2276 1570 2318 confilium
1581 2304 1591 2319 ,
1609 2278 1668 2321 sed
1679 2281 1748 2311 ‘ciere3
1766 2282 1950 2320 Praeceptum
1963 2303 1969 2310 .
1997 2279 2058 2311 Af-

1169 2328 1272 2362 firmat
1285 2328 1364 2361 tria.
1393 2327 1506 2362 Primo
1528 2329 1617 2371 quod
1645 2329 1701 2361 ista
1714 2330 1822 2372 regula
1849 2328 1959 2361 locum
1988 2340 2055 2361 non

1168 2377 1283 2411 habeat
1297 2401 1307 2417 ,
1334 2379 1390 2412 nisi
1407 2380 1438 2412 in
1454 2379 1557 2412 dubio
1570 2380 1645 2412 fac'li
1660 2378 1856 2412 homicidii.
1882 2377 2033 2411 Secundo
2046 2403 2056 2418 ,

1165 2427 1252 2470 quod
1263 2429 1397 2462 extendi
1421 2441 1487 2463 non
1503 2429 1595 2471 possit
1609 2430 1649 2462 ad
1673 2440 1773 2463 omne
1788 2428 1862 2462 fasti
1883 2428 2019 2461 dubium
2048 2453 2056 2461 .

1165 2478 1305 2517 Tertio,
1332 2480 1420 2522 quod
1432 2480 1571 2512 dubium
1590 2503 1599 2518 ,
1625 2479 1664 2512 ad
1680 2480 1767 2521 quod
1780 2480 1836 2512 ista
1863 2479 1974 2522 regula
1988 2479 2056 2520 pos—

1162 2529 1198 2561 sit
1210 2529 1369 2568 extendi,
1398 2531 1459 2563 effe
1471 2530 1586 2562 debeat
1596 2528 1733 2562 dubium
1748 2529 1921 2571 practicam
1939 2552 1945 2560 .
1973 2529 2054 2562 Hoc

1159 2578 1228 2618 est,
1255 2579 1395 2613 dubium
1424 2579 1687 2618 Academicum,
1714 2590 1781 2622 quo
1810 2579 1913 2612 homo
1945 2579 1974 2611 se
2000 2589 2052 2611 ne·

1159 2640 1253 2672 queat
1270 2630 1302 2662 in
1325 2631 1426 2662 ullam
1459 2640 1579 2671 partem
1604 2629 1767 2662 inflestere
1782 2654 1791 2667 ,
1819 2639 1914 2672 atquc
1929 2630 1971 2661 ita
1988 2628 2045 2661 hae·

1158 2691 1202 2713 ret
1219 2681 1249 2712 in
1265 2678 1355 2712 bivio
1370 2703 1380 2718 ,
1407 2680 1439 2712 &
1453 2681 1483 2712 se
1497 2679 1625 2721 projicit
1640 2680 1674 2712 in
1691 2679 1864 2712 fortuitum
1879 2690 2040 2712 eventum.

1157 2730 1323 2763 Sanetum
1336 2729 1492 2773 subgravi
1509 2739 1643 2772 peccato
1669 2730 1819 2772 eligenda
1847 2730 1892 2762 est
1919 2730 1969 2762 via
1998 2739 2050 2762 tu-

1155 2781 1237 2812 tior.
1266 2779 1354 2826 Qia
1369 2780 1424 2822 qui
1438 2791 1526 2812 amat
1541 2779 1722 2813 istiusmodi
1742 2780 1947 2822 periculum,
1975 2790 2045 2813 non

1145 2829 1258 2872 'potest
1275 2830 1388 2863 nonin
1404 2829 1474 2871 ipso
1487 2831 1587 2872 perite
1599 2855 1606 2861 .

1205 2880 1246 2913 Et
1259 2878 1465 2923 hicomgino
1481 2881 1540 2913 fuit
1558 2881 1663 2913 sensus
1676 2879 1774 2914 etiam
1801 2879 1896 2913 sanffi
1921 2877 2039 2923 Augu-

1152 2929 1249 2962 stini.
1275 2930 1360 2963 Sane
1381 2931 1416 2962 in
1444 2930 1530 2969 isto,
1557 2930 1597 2962 de
1620 2942 1685 2970 quo
1709 2931 1797 2973 ipse,
1824 2930 1927 2963 dubio
1963 2930 2034 2972 quis

1153 2991 1218 3013 nou
1234 2979 1340 3013 videat
1353 2981 1538 3023 eligendam
1554 2981 1615 3013 effe
1630 2982 1713 3012 viam
1727 2981 1905 3014 tutiorem?
1933 2980 2036 3026 Qiod

1151 3032 1182 3063 in
1196 3029 1358 3072 probabili
1372 3031 1530 3063 sententia
1545 3031 1576 3062 id
1591 3031 1715 3064 censeat
1731 3042 1795 3063 non
1812 3031 1942 3063 vincere
1956 3054 1965 3068 ‚
1993 3030 2038 3062 lu-

1148 3092 1197 3114 cet
1210 3093 1249 3113 ex
1265 3080 1351 3114 libro
1363 3081 1402 3113 de
1415 3081 1494 3113 Fide
1507 3080 1699 3122 &operibus
1713 3104 1722 3119 ‚
1750 3081 1803 3114 ubi
1818 3081 1910 3114 docet
1928 3080 2036 3119 illum,

1149 3132 1203 3174 qui
1219 3132 1286 3173 post
1303 3131 1465 3164 dimill‘am
1478 3131 1657 3163 adulteram
1675 3131 1760 3164 bona
1788 3129 1850 3163 fide
1871 3129 2036 3163 contraxit

1151 3192 1249 3214 novas
1286 3182 1437 3223 nuptias,
1467 3182 1553 3223 poii'e
1593 3179 1719 3214 admitti
1749 3181 1787 3213 ad
1812 3181 2038 3222 Baptismum,

1148 3230 1294 3274 adeoque
1317 3231 1414 3264 etiam
1428 3232 1515 3273 poffe
1535 3231 1711 3264 manerem
1726 3243 1814 3274 parte
1827 3231 1933 3263 minus
1955 3239 2033 3262 tuta.

1149 3281 1235 3327 Qiia
1251 3282 1282 3315 ὅ(
1297 3279 1364 3314 haec
1386 3282 1429 3315 est
1451 3291 1539 3313 tuta.
1569 3281 1704 3315 Sanetus
1742 3281 1950 3324 Augustinus
1972 3280 2033 3311 fuit

1148 3330 1268 3375 largior
1289 3331 1374 3364 circa
1396 3330 1530 3373 disparis
1554 3331 1662 3364 cultus
1684 3332 1898 3375 conjugium.
1937 3330 2032 3375 Qin

1149 3379 1251 3423 ipsum
1267 3380 1421 3414 naturalis
1433 3380 1486 3414 lex
1503 3390 1589 3414 vetet
1604 3404 1614 3419 ,
1642 3393 1740 3415 nemo
1751 3381 1843 3424 poffit
1858 3379 1956 3412 hodie
1967 3379 2032 3411 du-

1147 3431 1265 3464 bitare.
1298 3430 1847 3475 DubitavitianetusAugustinus.
1875 3428 1919 3462 Et
1943 3426 2031 3461 haud

1145 3479 1243 3515 dubie
1257 3481 1444 3515 nonsolus.
1475 3480 1522 3515 lta
1534 3493 1603 3515 non
1626 3481 1733 3515 fuiffet
1759 3478 1934 3524 probabilis
1959 3479 2032 3512 sen-⁴
2072 3530 2075 3534 ι

1619 3531 1649 3563 C
1699 3543 1720 3567 2
1919 3539 1983 3563 teu-
