2366 3736
768 92 1074 133 srA‘n

241 173 348 222 aliqui
369 172 562 218 intelligunt
583 171 625 207 de
646 171 846 207 sacramenti
863 181 903 206 ae
921 168 1025 205 Verbi
1048 183 1114 214 per.

240 227 415 271 ceptione.
443 223 749 258 Existimantotnne
771 223 802 256 S.
826 222 1027 264 Hieronymi
1040 221 1114 256 Coe-

240 276 402 315 nobium,
425 271 754 317 istiussperceptiouis
775 273 889 313 causa,
910 270 1064 305 acceffiffe
1074 273 1114 306 ad

237 323 468 360 parochialem
483 323 658 357 Ecclesiam
670 347 678 354 .
707 320 751 355 Et
763 322 807 356 ita
821 346 831 362 ‚
851 321 926 356 licet
937 319 1016 364 quid
1027 320 1116 355 aliud

239 366 369 410 tentent
393 383 569 418 emungere
591 395 603 412 ‚
640 373 782 406 fatentur
804 371 905 415 ipsum
928 381 997 403 non
1024 371 1117 405 fuiffe

211 441 214 444 ·
239 425 416 459 Rectorem
438 421 622 458 Parochiae.
650 420 698 454 At
718 422 848 465 penitus
868 421 1017 455 deviant.
1044 420 1118 455 Ete-

239 476 313 510 nim
334 475 417 519 quid
441 484 526 511 vox,
546 474 717 505 Communia
727 471 813 515 apud
838 470 926 505 istius
937 469 995 504 aevi
1006 470 1119 504 fideles

236 523 471 570 significaverit
492 531 612 555 norunt
635 521 783 556 Eruditi.
802 520 990 556 Videantur
1001 519 1119 554 Obser-

239 575 390 609 vationes
410 570 575 605 Gabrielis
598 571 790 615 Albaspinei
812 594 825 611 ‚
842 570 996 613 Episcopi
1018 569 1120 604 Aure-

239 622 393 658 lianensis
406 646 414 654 .
438 619 586 655 Laudata
598 621 699 665 igitur
717 621 921 663 Hieronymi
943 619 1039 653 verba
1052 620 1120 654 edi-

236 681 322 708 cunt
343 682 444 706 omne
464 671 533 713 ejus
556 670 820 711 Monasterium‚
846 670 924 704 licet
947 670 1067 713 Ioanni
1082 670 1120 702 E-

236 723 376 766 piscopo
399 720 522 755 shbeffe
542 720 646 754 nollet
665 745 675 761 ,
694 720 948 754 communicasse
972 718 1121 755 Ecclefiae

219 769 504 806 *Bethlehemitici
521 771 656 813 Oppidi:
679 772 924 804 Fraternitatem
937 769 971 803 &
984 768 1047 802 alia
1060 769 1120 803 Ca·

235 821 370 856 tholicae
392 820 652 855 Communionis
673 820 741 863 jura
754 820 981 861 contefferasse
994 842 1005 858 ,
1025 827 1121 861 atque

236 873 285 906 ita
327 883 396 905 non
437 870 590 905 lacerasse
621 870 800 903 Ecclesiam
819 892 828 901 .
863 867 967 915 Qod
1003 867 1120 902 iterum

236 919 304 956 alte
328 921 451 955 clamat
473 919 722 962 Hieronymum
745 929 811 952 non
836 918 934 952 fuisse
954 916 1026 951 istic
1061 917 1121 952 P-a-

234 969 417 1007 rochialem
429 967 674 1011 Presbyterum.
702 967 781 1011 Ejus
806 966 1047 1002 Monasterium
1068 967 1120 1001 de-

237 1019 338 1067 gebat
357 1018 443 1063 apud
465 1017 681 1059 Bethlehem,
708 1019 756 1052 uti
782 1029 870 1052 nunc
899 1015 1120 1054 Mendicanti-

230 1081 296 1105 -um
320 1066 482 1104 Coenobia
502 1068 537 1102 in
560 1067 728 1112 quibusvis
746 1067 951 1102 civitatibus.

289 1121 321 1154 S.
342 1117 572 1160 Hieronymus
587 1118 667 1152 dicit
684 1117 822 1162 quarto,
846 1116 934 1160 quod
946 1126 1038 1152 extra
1050 1118 1119 1154 suas

237 1168 384 1204 Cellulas
406 1166 532 1202 nullam
554 1166 685 1202 haberet
710 1167 888 1202 Ecclesiam
908 1192 915 1200 .
944 1166 1025 1201 Hoc
1048 1168 1093 1203 est
1108 1191 1119 1208 ‚

237 1220 330 1262 quod
353 1228 521 1260 tamquam
537 1217 726 1252 Monachus
750 1218 784 1251 in
808 1216 1016 1252 Monasterio
1026 1217 1118 1262 dege·

238 1279 290 1304 ret
309 1279 347 1302 ac
369 1269 482 1302 lateret
506 1291 518 1308 ,
532 1268 624 1302 acin
649 1267 717 1310 ejus
737 1268 895 1302 Oratorio
918 1268 973 1301 sua
995 1267 1118 1300 Divina

239 1329 318 1354 cum
330 1318 393 1352 suis
405 1316 636 1351 confratribus
659 1326 841 1361 perageret.
870 1317 939 1350 Hic
958 1317 1048 1350 enim
1071 1317 1116 1350 est

238 1367 346 1403 avitus
362 1379 399 1401 ac
420 1377 594 1410 perpetuus
618 1378 690 1401 mos
716 1366 986 1401 Coenobitarum.
1019 1366 1121 1414 Qiod

239 1418 357 1452 iterum
371 1417 436 1451 alte
458 1416 589 1451 testatur
604 1417 708 1459 ipsum
722 1428 790 1449 non
812 1416 907 1449 fuisse
920 1414 1105 1449 Parochum
1115 1440 1122 1447 .

238 1466 372 1515 Qinto
390 1465 473 1500 dicit
490 1489 501 1505 ‚
519 1464 608 1510 qnod
623 1468 656 1499 in
673 1465 879 1500 Monasterio
892 1466 1124 1509 ,essentquin-

238 1528 303 1562 que
325 1514 535 1559 Presbyteri,
556 1517 591 1551 δε
609 1526 726 1550 omnes
748 1517 808 1550 suo
829 1515 898 1559 jure
919 1515 1046 1559 possent
1063 1515 1123 1552 ba-

237 1577 381 1612 ptizare.

290 1614 406 1658 Sexto,
416 1614 504 1660 quqd
515 1617 560 1652 ob
574 1616 763 1662 Episcopale
776 1616 913 1662 Joannis
925 1617 1121 1655 Mandatum

238 1666 453 1701 abstinuerint
467 1666 509 1701 ab
519 1667 582 1701 isto
598 1667 795 1707 ministerio,
807 1666 975 1701 noluerint
987 1666 1122 1709 suijuris

239 1717 299 1750 usu
312 1715 404 1750 illurn
415 1716 742 1760 offendere‚ideoque
754 1718 827 1750 suos
838 1716 922 1750 Com
926 1726 1070 1759 petentes
1082 1716 1121 1749 ad

235 1766 329 1810 ejus,
353 1768 467 1808 utique
480 1764 567 1801 Paro
587 1764 711 1806 hiales,
735 1766 948 1807 Presbyteros
961 1766 1120 1798 miserint.

289 1816 437 1858 Septimo
448 1838 460 1853 ,
482 1815 572 1857 quod
587 1825 698 1848 tamen
709 1815 755 1848 ob
770 1814 853 1848 istud
863 1814 1015 1857 Episcopi
1027 1815 1122 1847 Man-

237 1865 353 1900 datum
373 1864 539 1899 noluerint
549 1865 568 1897 a
582 1863 795 1899 Catechisrno
804 1863 943 1898 cessare.
960 1863 1044 1911 Qae
1055 1875 1121 1896 om-

237 1915 295 1949 nia
317 1913 486 1959 insigniter
515 1916 647 1949 firmant
670 1915 802 1956 antiqua
832 1914 902 1957 jura
925 1913 1125 1948 Hiero-Mo-

237 1962 444 2003 nachorum,
472 1976 510 1998 ac
537 1963 754 1998 Ecclefiarum
785 1963 1026 2008 Regulatium.

289 2013 394 2059 Qod
415 2013 445 2047 S.
457 2015 687 2056 Hieronymus
698 2015 715 2047 a
730 2013 892 2056 stipularis
905 2025 980 2047 curn
994 2014 1053 2047 suo
1063 2015 1123 2048 Or-

236 2063 389 2098 dinatote
402 2063 544 2098 Paulino
565 2062 818 2098 conditionibus
834 2074 1016 2108 numquam
1026 2064 1123 2097 reces-

237 2114 336 2155 serit,
358 2112 506 2158 adeoque
529 2115 651 2158 semper
671 2113 884 2148 Monachum
905 2137 918 2154 ‚
940 2124 1121 2157 numquam

235 2162 400 2197 Curatum
420 2163 650 2207 Presbyterum
680 2163 797 2197 vixerit
810 2189 822 2205 ‚
848 2162 1059 2198 manifestum
1073 2163 1127 2197 eff

235 2224 279 2247 ex
291 2221 364 2247 toto
377 2214 451 2247 vitae
459 2214 553 2258 ipsius
563 2213 699 2247 decursu
713 2237 721 2245 .
748 2213 802 2246 Ex
814 2210 1006 2247 Christianae
1017 2212 1119 2246 erudi·

236 2263 339 2296 tionis
349 2274 461 2297 amore
474 2263 579 2296 noluit
593 2263 679 2296 intra
688 2261 789 2296 unius
799 2261 939 2307 Oppidi,
952 2262 1121 2302 Civitatis,

235 2321 292 2345 aut
318 2312 521 2356 Episcopalis
542 2310 711 2346 Parochiz
722 2311 857 2346 titulum
870 2321 926 2346 aut
938 2312 1056 2347 limites
1065 2312 1119 2346 cir·

235 2362 411 2396 cumscribi
422 2387 429 2394 .
441 2362 562 2396 Voluit
573 2362 656 2397 liber
667 2362 799 2405 quosvis
812 2361 1009 2396 Nobiliores
1025 2360 1119 2396 Chri·

235 2413 414 2445 stianorum
437 2413 596 2446 Doaores
618 2411 770 2446 accedere
794 2436 805 2452 ,
826 2411 933 2445 videre
955 2436 965 2452 ,
990 2411 1118 2445 audire.

235 2461 333 2494 Hinc
346 2462 429 2494 vixit
448 2462 564 2496 Romae
575 2486 586 2502 ,
599 2461 907 2506 Constantinopoli,
919 2460 1118 2502 Antiochiae‚

235 2509 480 2552 Hierosolymis
490 2536 501 2552 ,
515 2509 722 2544 Alexandriae
733 2536 740 2543 .
763 2512 909 2545 Omnem
922 2511 999 2545 item
1011 2511 1120 2545 lustra·

234 2561 286 2594 vit
298 2561 442 2593 Galliam
453 2585 460 2592 .
490 2560 596 2593 Etiam
609 2562 688 2593 dum
701 2559 985 2594 Bethlehemiticis
1000 2560 1116 2594 Coeno·

235 2609 299 2644 biis
313 2608 433 2653 praefuit
446 2634 456 2650 ,
477 2610 524 2643 sui
537 2609 693 2644 Videntis
706 2610 845 2652 Didymi
858 2620 969 2644 amore
991 2610 1117 2644 accessit

234 2659 476 2694 Alexandriam
490 2683 501 2700 ,
517 2659 550 2693 δε
563 2660 677 2694 ευηᾶα
692 2659 793 2702 Syriae
805 2661 889 2693 sacra
902 2660 977 2693 loca
988 2658 1032 2692 est
1046 2671 1116 2703 per-

233 2710 410 2744 scrutatus.
439 2710 482 2743 Et
501 2720 606 2743 annos
632 2709 811 2751 impendit.
838 2709 941 2754 Quod
964 2709 1116 2744 Parocho

231 2770 305 2795 non
321 2759 478 2793 licuisset.
510 2759 553 2793 Et
564 2758 626 2802 jam
636 2758 721 2802 apud
744 2757 940 2794 Bethlehem
962 2759 1059 2793 senex
1079 2760 1112 2793 in

232 2808 422 2853 praesatione
434 2807 473 2842 ad
484 2808 655 2852 septimum
680 2809 775 2842 suum
790 2809 908 2843 librum
926 2810 1018 2852 super
1035 2810 1115 2843 Eze-

232 2858 374 2893 chielem
387 2856 584 2902 Prophetam
599 2858 717 2901 scripsit
731 2859 771 2893 ad
793 2859 824 2893 S.
847 2858 1024 2903 Virginem
1049 2859 1113 2892 Eu-

231 2907 419 2943 ssochium:
447 2909 543 2942 Nulla
553 2908 647 2950 bora,
664 2909 836 2952 nullumque
855 2916 1031 2942 momentum
1053 2909 1111 2950 est,

231 2963 267 2993 dn
280 2971 335 3001 quo
345 2971 402 2992 non
415 2963 562 2991 Fratrum
574 2970 759 2992 occurramus
771 2959 866 2992 turbis
877 2982 887 2997 ‚
897 2959 932 2995 (a,
943 2958 1114 2998 Monastertr

228 3007 422 3052 solitudinem
434 3007 582 3051 hospitum
589 3008 761 3051 frequentia
771 3017 977 3042 commutemus
991 3033 999 3040 .
1025 3008 1065 3042 Et
1078 3010 1110 3041 in

230 3058 349 3092 litteris
357 3057 397 3092 ad
412 3058 667 3104 SAugufflnum
687 3072 697 3091 .-
710 3062 757 3091 Me
769 3068 867 3092 autem
876 3064 978 3092 aetatls
985 3059 1110 3099 ultimae‚

230 3108 268 3141 ό·
284 3110 360 3149 pene
382 3108 558 3150 decrepitum
570 3131 581 3149 ‚
604 3120 637 3141 ac
661 3108 826 3148 Monasteru
848 3120 883 3142 ac
901 3114 980 3141 ruric
994 3110 1109 3142 secreta

227 3155 390 3200 servantem
405 3181 414 3197 ‚
431 3165 523 3201 parvi·
541 3160 680 3200 pendunt
706 3184 712 3190 .
751 3158 864 3192 Palam
886 3159 1055 3201 profitetur
1076 3158 1108 3192 se

229 3206 317 3250 apud
330 3206 524 3242 Bethlehem
538 3208 633 3244 fuisse
643 3207 853 3242 Monachum
863 3219 900 3242 ac
913 3208 1103 3249 Eremitam,

228 3256 417 3291 nullatenus
427 3256 651 3292 parochialem
667 3258 894 3301 Presbyterum
905 3282 911 3289 .

280 3305 392 3340 Restat
403 3307 548 3349 quaeffio,
558 3308 740 3353 Qomodo
754 3309 784 3342 S.
799 3308 957 3351 Sulpitius
969 3309 1105 3343 Severus

225 3356 384 3399 scripserit
395 3354 435 3389 de
449 3355 640 3390 Bethlehem
650 3358 807 3401 Oppido:
828 3361 896 3391 Loci
904 3360 983 3391 illius
1007 3360 1103 3392 Eccle-

225 3403 296 3446 li'am
311 3410 499 3445 Hieronymus
515 3407 668 3445 Presther
679 3413 752 3450 regtt
765 3408 780 3439 ?
802 3406 999 3452 Respondeo
1009 3419 1047 3443 ae
1058 3419 1103 3444 re-

320 3454 427 3497 christ.
439 3459 517 3499 Lupa
530 3459 630 3499 Opera
640 3459 718 3508 Tom.
731 3459 789 3491 XI.

1231 100 1257 132 L

1328 100 1566 133 Irin

1933 107 2024 151 313

1176 172 1328 216 petojam
1341 173 1468 208 laudata
1486 175 1569 208 senis
1581 164 1787 217 Hieronymi
1811 173 1925 208 verba:
1951 180 2055 210 Mona·

1144 101 1162 133 1

1158 181 1310 493 ¹flerir,ac
1328 229 1406 255 ruris
1429 225 1545 257 secreta
1555 222 1720 266 sedantem
1741 249 1749 257 .
1777 224 1920 258 Proinde
1942 226 2059 260 Hiero-

1178 283 1297 315 nymus
1310 283 1378 306 non
1393 272 1508 316 inipso
1522 272 1795 309 Bethlehemitico
1808 274 1967 308 habitavit
1990 278 2057 319 Op-

1178 322 1283 366 pido,
1305 323 1358 356 sed
1381 323 1415 355 in
1437 322 1507 365 ejus
1518 324 1638 358 secreto
1657 336 1748 358 rure.
1778 325 1815 358 ln
1837 325 2060 359 suoisticMo-

1180 371 1320 406 nasterio
1332 396 1339 404 .
1368 371 1564 414 Istiusmodi,
1585 385 1652 408 non
1666 385 1775 408 autem
1787 374 1944 409 urbanum
1963 374 2060 408 litum

1181 421 1290 466 paffim
1314 422 1406 455 fuiffe
1430 423 1574 465 antiquis
1601 424 1792 462 coenobiis,
1814 436 1935 458 norunt
1957 424 2060 458 Periti

1179 483 1284 506 rerum
1296 471 1552 505 Monasticarum
1564 497 1571 504 .
1599 474 1630 508 S.
1643 473 1843 514 Hieronymi
1856 473 2058 509 Coenobium

1178 521 1243 557 fuit
1265 521 1305 554 ad
1320 520 1537 555 suburbanam
1547 533 1584 555 ac
1603 523 1830 557 sacrosanctam
1845 524 1997 567 specum,
2018 524 2055 558 in

1181 583 1245 615 qua
1255 571 1348 604 Deus
1361 569 1505 604 Verbum
1517 571 1535 604 ὲ
1546 571 1639 605 Sacra
1653 572 1792 616 Virgine
1812 584 1888 607 caro
1914 573 2034 617 prodiit
2043 597 2055 615 ,

1181 620 1309 664 &apud
1322 631 1418 665 quam
1429 621 1460 654 S.
1483 621 1608 665 Angeli
1632 622 1724 655 bonae
1747 622 1922 656 voluntatis
1943 634 2056 665 pacem

1181 669 1432 705 omnihumano
1443 682 1551 715 generi
1574 670 1807 705 occinuerunt.
1834 672 1909 706 Istic
1930 672 2060 708 illustris

1181 732 1219 756 ac
1240 721 1398 764 opulenta
1421 721 1650 755 Romanorum
1672 720 1826 755 Matrona
1849 721 1950 755 Paula
1961 722 2058 757 aedifi-

1182 771 1267 805 cavit
1278 781 1417 814 quatuor
1429 770 1590 805 Coenobia
1601 796 1611 811 ,
1635 771 1668 804 &
1678 781 1817 813 quatuor
1829 771 2059 807 xenodochia:

1180 820 1263 854 Tria
1275 822 1432 854 sacrarum
1444 819 1624 865 Virginum
1637 819 1800 855 Coenobia
1810 844 1821 859 ‚
1836 831 1986 863 quartum
2001 821 2059 856 Vi-

1182 881 1290 904 rorum
1302 894 1310 902 .
1339 871 1381 904 Et
1396 869 1460 905 haec
1472 870 1618 905 sanstitas
1631 870 1715 904 adeo
1723 871 1871 913 profecit,
1895 881 1930 903 ut
1943 871 2061 905 incolis

1180 921 1213 955 &
1223 919 1356 954 advenis
1364 931 1433 954 non
1446 921 1615 955 sufficeret.
1640 920 1732 953 Hinc
1747 919 2007 963 S.Hieronymus
2019 931 2061 954 ex

1182 970 1317 1004 vendito
1328 981 1380 1013 per
1392 971 1520 1004 fratrem
1533 971 1625 1004 suurn
1649 970 1881 1004 Paulinianum
1909 970 2063 1012 patrimo-
2110 990 2113 992 >

1183 1020 1240 1054 nio
1254 1018 1381 1054 addidit
1395 1020 1569 1063 quintum:
1601 1020 1640 1053 Et
1653 1019 1851 1054 Coenobium
1861 1020 1894 1053 ὅ(
1908 1019 2064 1055 Xenodo-

1182 1069 1293 1104 chium
1303 1092 1312 1100 .
1337 1069 1404 1103 Pro
1415 1069 1492 1103 viris
1505 1094 1512 1102 .
1540 1070 1580 1103 Et
1604 1069 1670 1104 haec
1683 1070 1798 1104 omnia
1812 1070 1878 1112 ipse
1890 1069 1981 1103 rexit.
1999 1069 2063 1103 Re-

1182 1121 1231 1155 xit
1252 1119 1318 1153 loci
1338 1119 1427 1154 illius
1450 1119 1623 1154 Ecclesiam
1636 1145 1643 1155 ,
1670 1119 1739 1153 Hic
1749 1120 1792 1153 est
1806 1120 1912 1154 sensus
1933 1119 2066 1162 Sulpitii

1184 1169 1291 1203 Severi
1306 1194 1312 1200 .
1342 1170 1473 1203 Etenim
1487 1168 1576 1213 quod
1588 1172 1720 1211 antiqua
1732 1194 1741 1208 ,
1754 1169 1951 1213 quandoque
1961 1180 2064 1203 unum

1182 1219 1340 1263 singulare
1350 1244 1361 1260 ‚
1371 1220 1572 1263 quandoque
1585 1220 1673 1262 plura
1685 1219 1777 1253 fimul
1786 1219 1895 1262 juncta
1907 1244 1918 1258 ,
1941 1219 2065 1254 Coeno·

1185 1270 1236 1303 bia
1258 1268 1429 1303 habuerint
1452 1271 1540 1304 suam
1565 1270 1724 1312 propriam
1750 1269 1947 1313 Ecclesiam,
1971 1269 2067 1302 suum

1185 1319 1413 1360 Presbyterum
1423 1344 1434 1359 ,
1466 1321 1557 1352 suum
1570 1318 1704 1352 Clerum
1715 1342 1727 1358 ,
1739 1318 1851 1357 imo&
1863 1319 1955 1351 suum
1970 1318 2060 1360 Epis-

1184 1379 1304 1412 copum
1323 1392 1335 1408 ‚
1361 1367 1493 1403 abunde
1516 1367 1692 1404 monstravi
1716 1367 1882 1400 adversum
1904 1367 2065 1409 Joannem

1187 1420 1387 1453 Frontonem
1400 1444 1407 1451 .
1436 1418 1491 1454 Est
1505 1429 1553 1452 res
1566 1417 1728 1452 noriffima
1740 1415 1856 1454 Peritis
1867 1426 1972 1453 rerum
1984 1416 2068 1452 Mo-

1188 1469 1379 1504 naslicatum
1394 1493 1400 1500 .

1237 1518 1634 1562 EjusmodiMonachales
1651 1518 1806 1553 Ecclefias
1826 1518 1938 1554 laudat
1961 1518 2063 1552 etiam

1188 1567 1346 1611 Ephefina
1358 1569 1529 1612 Synodus.
1559 1569 1694 1602 Etenim
1706 1567 1746 1603 ad
1766 1569 2009 1612 Pragmaticum
2024 1567 2068 1600 E.-

1185 1619 1308 1652 dictum
1319 1644 1329 1659 ,
1351 1618 1612 1662 qualmperator
1624 1616 1831 1651 Theodosius
1841 1617 2008 1652 damnavit
2030 1616 2068 1651 li-

1187 1668 1259 1701 bros
1281 1668 1449 1709 Nestorii,
1478 1668 1644 1710 subjunxit
1671 1668 1755 1700 hanc
1781 1667 2068 1701 subnotationem:

1187 1717 1355 1759 Lec‘lasunt
1367 1717 1430 1750 baec
1442 1723 1474 1750 in
1488 1716 1613 1756 Ecclesia
1626 1715 1838 1749 nonachorum
1850 1738 1860 1754 ‚
1881 1718 1914 1749 ln
1935 1714 2070 1757 Desertis

1186 1770 1361 1809 degentium.
1378 1766 1514 1800 Easdem
1530 1765 1638 1799 laudat
1651 1767 1683 1798 in
1697 1765 1794 1799 Prato
1807 1765 2000 1809 spiritualis.
2013 1767 2070 1800 So·
2086 1770 2124 1805 L.
2165 1781 2198 1818 3
2216 1784 2248 1808 c,

1189 1817 1346 1859 phrornus
1358 1815 1543 1851 Patriarcha
1558 1816 1886 1858 Hierosolymitanus
1897 1840 1907 1855 ‚
1919 1827 2014 1857 atque
2026 1817 2071 1850 af·
2088 1818 2146 1867 48.

1185 1866 1291 1901 firmat
1304 1866 1412 1909 plura.
1442 1864 1556 1899 Primi>
1569 1891 1581 1906 ,
1601 1866 1688 1905 quod
1701 1865 1781 1908 ipsas
1801 1877 1866 1899 non
1893 1866 2067 1900 solummo-

1185 1915 1228 1950 do
1239 1916 1380 1959 adjuncti
1406 1915 1562 1950 Coenobii
1583 1916 1707 1950 Fratres
1731 1916 1990 1957 frequentarint,
2018 1914 2069 1950 sed
2085 1919 2122 1953 C.
2152 1920 2214 1965 85«

1184 1968 1284 2000 etiam
1298 1966 1399 2001 vicini
1411 1964 1817 2005 Anachoretae.Secundo‚
1831 1965 1919 2009 quod
1930 1966 1995 1999 istae
2012 1967 2070 2000 Ec·
2091 1980 2167 2017 177.

1185 2015 1283 2050 clefiae
1294 2015 1506 2060 regerentur&
1528 2015 1724 2058 Presbytero
1748 2015 1963 2049 Monasterii.
1986 2016 2070 2050 Ter·

1185 2065 1335 2111 tio,quod
1348 2065 1501 2099 haberent
1516 2066 1588 2099 suos
1599 2065 1805 2099 parochiales
1817 2066 1946 2099 limites.
1963 2066 2072 2113 Quar-

1184 2118 1221 2150 to
1237 2141 1248 2156 ,
1280 2116 1372 2158 quod
1386 2116 1472 2159 ipsos
1484 2126 1581 2150 nemo
1594 2126 1700 2149 novus
1711 2126 1765 2148 aut
1786 2126 1955 2149 extraneus
1979 2118 2072 2151 Ana-

1183 2163 1316 2200 choreta
1327 2164 1559 2200 inhabitandos
1571 2167 1691 2199 intrare
1704 2166 1803 2207 posset
1813 2189 1822 2205 ,
1836 2166 1892 2199 nili
1904 2168 1922 2199 a
1934 2164 2072 2208 Presby-

1184 2225 1255 2250 tero
1276 2214 1450 2256 admistus,
1472 2217 1507 2250 &
1525 2216 1654 2249 Cellam
1681 2216 1842 2257 accipiens
1866 2239 1873 2246 .
1915 2213 2069 2260 Qinto,

1184 2265 1274 2309 quod
1292 2265 1424 2299 advenae
1445 2264 1537 2299 istam
1566 2262 1794 2299 admistionem
1815 2263 1910 2298 flexis
1929 2264 2069 2309 genibus

1181 2315 1199 2348 ὲ
1213 2314 1405 2358 Presbytero
1418 2315 1629 2357 supplicarint
1639 2339 1648 2348 .
1897 2321 1902 2324 '

1234 2365 1275 2397 Et
1286 2364 1326 2398 de
1337 2365 1367 2398 S.
1382 2364 1486 2399 Sabba
1501 2364 1633 2398 Abbate
1645 2363 1752 2398 scribit
1762 2365 1795 2397 in
1819 2364 1885 2406 ejus
1909 2363 1975 2398 vita
1999 2363 2068 2407 Cy-

1182 2414 1273 2448 rillus
1293 2413 1506 2448 Monachus.-
1532 2418 1608 2446 Cum
1632 2414 1751 2456 vidisset
1773 2412 1931 2446 Monachus
1955 2424 2066 2458 magna

1179 2465 1310 2506 undique
1318 2469 1417 2505 premi
1427 2468 1529 2505 Inopia
1540 2487 1550 2502 ,
1564 2465 1643 2505 quod
1653 2474 1742 2504 neque
1765 2462 1903 2499 baberent
1915 2489 1924 2503 ,
1951 2469 2002 2505 qul
2023 2475 2067 2497 eo-

1179 2525 1245 2547 rum
1254 2525 1353 2546 curam
1362 2521 1478 2557 gereret
1491 2537 1500 2552 ,
1528 2524 1620 2554 neque
1631 2518 1672 2545 ets
1690 2519 1820 2546 vicinum
1831 2514 1899 2555 esset
1913 2513 2069 2554 Templum

1179 2565 1223 2596 ad
1231 2565 1376 2596 orandum
1387 2587 1397 2603 ,
1416 2561 1512 2604 sedin
1526 2561 1729 2603 Prophetiam
1737 2563 1852 2595 AEdem
1865 2574 1932 2604 quae
1944 2562 1979 2602 est
1992 2562 2066 2597 The·

1177 2619 1238 2646 culs
1250 2637 1260 2653 ‚
1281 2611 1404 2655 singulis
1417 2611 1628 2654 adscenderene
1641 2613 1803 2645 Dominicis
1816 2636 1827 2652 ‚
1845 2618 2062 2655 participaturi

1179 2666 1296 2696 Dtvlna
1314 2664 1504 2695 sacramenta
1517 2686 1528 2701 ,
1547 2663 1580 2695 Ca·
1591 2663 1660 2694 inde
1668 2673 1713 2695 eos
1725 2663 1830 2695 deinde
1849 2665 1929 2696 inter
1945 2662 1981 2705 se
2003 2664 2059 2696 de·

1176 2722 1289 2745 certare
1299 2735 1309 2750 ,
1333 2713 1513 2754 implerique
1524 2712 1650 2745 tumultu
1665 2712 1934 2753 &perturbatione
1946 2737 1956 2752 ,
1979 2714 2059 2753 quod

1175 2761 1325 2803 effentfine
1335 2764 1406 2795 duce
1417 2786 1427 2802 ‚
1445 2764 1478 2796 <tt
1489 2763 1566 2795 nulli
1575 2771 1714 2804 parerent
1725 2761 1840 2793 ReHori
1851 2762 1883 2794 <9⁶
1896 2761 2055 2802 PraefeHo,

1176 2811 1270 2853 refert
1280 2819 1377 2845 omnia
1388 2813 1432 2844 ad
1445 2811 1655 2845 patriarcham
1666 2836 1676 2850 ,
1699 2813 1732 2844 (⁶5
1745 2809 1929 2844 vehementer
1952 2821 2048 2854 rogat,

1176 2871 1208 2894 ut
1225 2872 1269 2894 eos
1280 2870 1429 2905 congreget
1441 2863 1475 2896 (9‘
1486 2863 1613 2895 conciliet
1624 2886 1633 2901 ‚
1655 2863 1688 2894 (9
1710 2867 1754 2893 eis
1774 2867 1872 2893 omm'a
1892 2861 2028 2901 praebeat
2038 2884 2053 2903 ,

1175 2910 1280 2953 quibus
1291 2913 1427 2955 indigent
1438 2935 1446 2944 .
1472 2913 1525 2944 Ille
1536 2914 1605 2944 vero
1625 2912 1706 2943 datls
1728 2912 1748 2942 5
1750 2910 1835 2943 abbae
1853 2909 2049 2955 septuaginta

1173 2967 1269 2994 aureis
1279 2983 1290 2999 ‚
1313 2967 1339 2994 el
1347 2963 1475 2995 concedit
1487 2965 1654 2993 Dominium
1667 2962 1699 2992 (τ
1710 2971 1757 2992 res
1769 2960 1976 2994 Monacborum
1987 2985 1995 2993 .
2015 2964 2049 2993 Is

1173 3022 1271 3044 autem
1281 3022 1344 3044 cum
1355 3022 1452 3050 rerum
1462 3035 1472 3051 ‚
1485 3022 1552 3053 quae
1563 3010 1621 3043 illic
1632 3020 1719 3043 erant
1726 3032 1736 3047 ,
1754 3008 1899 3050 sicfat‘lut
1911 3011 1976 3052 effer
1991 3013 2048 3044 Do-

1172 3067 1272 3094 minus
1286 3086 1297 3101 ‚
1317 3067 1449 3103 prtmum
1460 3062 1578 3102 quidem
1591 3065 1633 3092 ers
1642 3061 1782 3100 providet
1795 3070 1840 3092 res
1855 3061 2022 3103 neceffarias
2032 3085 2045 3101 ,

1170 3119 1203 3143 ut
1225 3110 1354 3144 nihileis
1370 3110 1502 3150 deficeret
1512 3135 1521 3150 ,
1539 3108 1598 3152 sed
1608 3116 1707 3141 omnia
1713 3108 1903 3151 suppeterent
1916 3134 1923 3142 .
1952 3114 2044 3143 Dem-

1170 3162 1207 3194 de
1227 3162 1379 3203 Templum
1389 3170 1498 3201 quoque
1510 3165 1551 3193 etr
1561 3160 1713 3202 magnifice>
1725 3160 1867 3201 aedtficat.

1219 3210 1302 3255 Agit
1316 3210 1356 3243 de
1370 3210 1479 3243 nescio
1491 3208 1607 3252 quibus
1619 3209 1652 3241 in
1666 3210 1760 3252 Syria
1771 3209 1856 3252 apud
1870 3207 2044 3245 Thecuam

1171 3258 1408 3299 Anachorctis,
1425 3260 1458 3293 δι
1472 3259 1579 3293 scribit
1594 3259 1681 3294 varia
1694 3284 1701 3292 .
1727 3258 1841 3292 Primo
1852 3282 1862 3297 ,
1885 3258 1973 3300 quod
1984 3259 2045 3293 fin-

1169 3371 1243 3394 nem
1257 3359 1462 3393 Praefectum.
1493 3357 1642 3393 Secundo
1655 3384 1665 3400 ‚
1689 3358 1777 3399 quod
1792 3367 1849 3389 nec
1862 3356 1919 3389 ulli
1934 3357 2048 3393 Caeno-

1168 3408 1223 3446 bio
1234 3411 1334 3445 effent
1348 3407 1451 3444 uniti.
1475 3408 1596 3444 Tertio
1610 3432 1621 3447 ,
1642 3407 1731 3452 quod
1743 3406 1925 3442 laborarent
1936 3408 2050 3451 inopia

1147 2717 1352 3451 lgueiient
1366 3307 1550 3352 Acephali,
1579 3310 1691 3344 &non
1715 3307 1869 3342 haberent
1893 3319 2047 3343 commu-

1574 3459 1608 3492 D
1620 3458 1642 3492 d
1919 3465 2018 3498 atque
