2366 3736
932 124 961 152 A
1032 124 1055 152 B

748 126 770 155 δ
1126 123 1143 154 Ι

225 194 450 237 'monasticam
472 197 573 232 vitam
594 207 664 230 non
685 202 843 229 exuerent
865 217 877 233 ‚
910 189 959 225 eis
977 190 1106 225 manda·

230 261 320 286 verat
339 251 482 294 Magnus
492 246 686 293 Gregorius.
716 245 761 277 Et
782 255 852 277 non
864 249 1038 276 exuerunt.
1067 241 1104 276 In

230 302 298 344 ipsa
314 301 415 334 etiam
438 295 680 335 Cantuariensi,
706 293 857 328 omnium
880 290 1105 333 Metropolita-

228 362 272 386 na
285 375 296 391 ,
318 350 459 384 Ecclesia
473 360 540 383 non
551 343 712 381 Clericale
723 342 912 386 Collegium
922 351 1105 382 erexerunt,

229 400 283 434 sed
308 398 502 434 Cathedrale
526 394 782 430 Monasterium.
809 393 894 440 Qae
917 390 1028 424 omnia
1037 402 1106 434 pro·

229 450 320 485 bavit
340 462 378 484 ac
400 448 539 483 firmavit
572 444 720 478 laudatus
744 442 921 486 Gregorius
943 465 951 473 .
979 440 1104 476 Verum

218 500 301 543 -post
321 500 388 543 ejus
411 507 548 532 mortem
571 506 651 529 natae
673 495 746 528 sunt
771 492 850 527 hinc
882 491 1071 535 quaestiones
1096 516 1104 524 .

229 550 378 596 Qidam
391 547 512 581 Clerici
533 546 564 578 δε
576 544 670 581 Laici
682 568 693 585 ,
719 554 757 579 ac
769 542 939 586 praesertim
960 540 1104 575 libertini

231 599 408 633 Britonum
427 596 579 640 Episcopi
605 594 670 628 haec
691 591 914 635 improbarunt
934 614 946 630 ,
970 590 1104 625 blatera-

232 659 308 683 rnnt
322 646 511 680 Monachos
522 657 591 679 non
606 645 668 679 esse
682 642 862 686 Episcopos
873 650 930 675 aut
938 640 1084 677 Clericos
1094 664 1104 681 ‚

229 710 299 731 non
320 697 406 738 posse
429 694 612 740 praedicare,
644 702 701 727 aut
718 691 781 726 alia
796 691 918 725 Divina
941 690 1104 724 ministra-

228 759 279 781 re.
306 747 384 780 Haec
406 747 517 780 omnia
543 742 698 788 privative
719 743 855 786 spestare
879 740 919 774 ad
934 740 1067 773 Clerum
1095 765 1102 772 .

226 796 310 832 Non
334 797 530 830 blaterarunt
542 795 720 839 Episcopus
730 801 785 825 aut
796 789 943 824 Clericos
955 800 1023 824 non
1035 791 1102 833 pos-

226 849 259 881 se
280 847 393 881 assumi
410 846 427 879 ὲ
440 843 640 884 Monachis,
667 840 720 879 sed
734 842 964 885 perseverantes
987 841 1022 873 in
1048 841 1101 874 sua

226 896 422 941 professione
450 892 641 929 Monachos
669 902 738 925 non
765 890 856 933 posse
877 888 959 922 stare
983 889 1103 923 inistis

226 946 445 990 dignitatibus
466 956 523 979 aut
542 940 780 978 functionibus.
806 937 1020 982 Neophytam
1034 940 1103 973 An·

225 996 356 1041 giorum
379 994 555 1028 Ecclesiam
575 991 714 1036 graviter
731 989 955 1032 inquietarunt
973 1014 980 1021 .
1008 989 1102 1023 Hinc

224 1044 436 1079 Athelbertus
453 1045 527 1078 Rex
547 1043 692 1076 sandium
704 1039 876 1076 Mellitum
888 1064 898 1079 ,
924 1039 1102 1073 Orientalis

223 1095 376 1130 Saxoniae
387 1094 608 1138 Episcopum,
634 1091 760 1135 legavit
782 1088 823 1123 ad
832 1089 949 1124 Sedem
962 1087 1101 1132 Aposto-

222 1145 321 1178 licam
334 1169 345 1184 ‚
372 1144 544 1188 exquirens
561 1142 665 1186 quarti
679 1139 844 1174 Bonifacii
855 1139 1025 1173 oraculum
1038 1164 1046 1171 .
1059 1140 1101 1173 Et

222 1192 382 1230 Pontifex
404 1193 612 1238 Synodaliter
641 1189 807 1233 respondit
827 1189 894 1222 duo
916 1214 923 1221 .
950 1187 1064 1223 Primo
1090 1213 1101 1229 ,

222 1243 313 1288 quod
325 1243 563 1278 Cantuariensis
576 1266 586 1282 ,
613 1252 665 1284 per
689 1240 719 1274 S.
735 1238 957 1283 Augustinum
980 1241 1100 1280 erebia,

223 1294 261 1328 &
281 1304 361 1328 tunc
382 1305 436 1338 per
459 1293 527 1336 ejus
549 1291 770 1326 Successorem
791 1290 822 1322 S.
833 1289 1046 1325 Laurentium
1057 1288 1100 1322 di-

222 1345 330 1383 resta,
356 1343 498 1377 Ecclesia
519 1343 627 1386 posset
647 1341 714 1374 esse
735 1339 909 1383 Regularis
926 1350 963 1372 ac
974 1338 1099 1372 Mona-

221 1389 342 1427 chalis.
371 1387 526 1433 Deinde,
551 1389 642 1435 quod
654 1389 711 1424 ista
724 1390 828 1423 forma
843 1390 948 1430 posset
959 1400 997 1422 ac
1006 1388 1099 1422 debe-

220 1452 270 1477 ret
281 1444 396 1477 servari
409 1444 443 1478 in
461 1451 651 1487 perpetuum
663 1464 671 1472 .
699 1437 790 1471 Audi
810 1439 959 1472 causam.-
986 1437 1047 1479 1in
1054 1449 1099 1471 ve-

215 1491 289 1534 strae
306 1491 414 1535 salutis
426 1494 640 1526 Praedicatores
651 1486 808 1527 monachi,
836 1488 897 1520 διε.
921 1487 963 1522 Et
985 1487 1099 1528 adjecit

219 1542 240 1577 ὲ
262 1552 315 1576 me
336 1543 513 1577 adductum
524 1541 721 1575 Decretum.
748 1537 875 1571 Contra
892 1536 1100 1571 Monachalis

218 1590 436 1636 Episcopatus
450 1617 460 1633 ,
488 1588 805 1628 Praedicationis‚ac
817 1586 958 1630 cujusvis
967 1587 1098 1622 alterius

216 1641 397 1677 Ministerii
412 1642 660 1677 obtressatores.

267 1691 499 1726 illustriffimus
521 1701 558 1724 ac
581 1686 820 1725 Eruditiffimus
837 1685 882 1719 D.
893 1686 998 1720 Lucas
1016 1685 1098 1719 Hol-

215 1736 362 1782 stenius,
387 1750 564 1783 antequam
586 1737 643 1772 has
669 1734 910 1770 litteras&hoc
922 1737 1096 1769 Decretum

215 1790 389 1836 vulgaret,
415 1789 568 1825 evocatus
579 1788 623 1821 est
638 1787 677 1820 ad
691 1785 859 1818 meliorem
874 1786 972 1817 vitam
985 1809 992 1815 .
1007 1785 1098 1818 Hinc

214 1840 283 1883 ipsa
314 1839 481 1883 vulgavit,
509 1849 546 1871 ac
563 1836 693 1879 optimae
714 1834 821 1868 Mem.
843 1833 1001 1867 Pontifici
1022 1833 1097 1867 Ale-

215 1888 343 1923 xandro
366 1888 440 1922 Vll.
464 1886 619 1929 inscripsit
635 1882 914 1920 Eminentiflimns
929 1893 966 1916 ac
984 1883 1095 1918 Erudi-

215 1938 352 1972 tiffirnus
375 1939 419 1973 D,
442 1937 631 1972 Franciscus
656 1933 840 1968 Cardinalis
867 1933 1063 1967 Barberinus
1091 1958 1099 1966 .

214 1987 287 2031 Ipsa
318 1988 440 2031 scripsit
469 1988 536 2021 esse
559 1982 758 2026 Ecclefiasticae
782 1987 974 2025 antiquitatis
995 1994 1094 2016 monu-

214 2048 318 2072 menta
337 2037 489 2080 pretiosa,
515 2034 670 2079 adjunxit
690 2034 723 2068 &
743 2033 806 2067 alia
832 2034 974 2075 ipsorum
997 2044 1093 2067 enco-

838 127 864 154 T

1213 121 1238 152 Ι.
1309 123 1327 152 1
1397 123 1423 152 T
1491 123 1547 156 Aa·
1920 126 2017 173 317

1165 192 1200 226 &
1226 188 1422 226 authenticis
1433 190 1571 225 archivis
1585 191 1731 226 Ecclesiae
1745 216 1751 223 .
1765 192 1809 226 Et
1830 190 1966 235 quisunt
1977 196 2042 239 epi-

1165 241 1252 275 stolae
1265 242 1408 275 errores?
1435 242 1519 290 Qae
1532 244 1646 285 puncta
1660 241 1780 276 ,diversi
1793 241 1867 284 styli
1882 243 1898 273 ἒ
1923 245 1955 277 ὅ(
1975 257 2042 288 quo

1168 291 1202 323 in
1223 291 1298 324 loco
1311 290 1477 327 Dominus
1489 292 1655 327 Robertus
1669 292 1852 326 Cardinalis
1875 292 2043 328 Bellartni-

1166 351 1226 375 nus
1241 339 1351 376 scribit
1367 352 1422 374 aut
1445 341 1610 375 Bonifacii
1633 345 1831 382 Decretum,
1856 353 1912 376 aut
1941 344 2041 376 sanffl

1165 389 1252 424 Petri
1274 390 1517 432 epistolamesse
1529 392 1657 434 spuria.>
1683 391 2041 436 Demonstratorigno-

1165 440 1248 474 ranti
1272 440 1402 473 Lestori
1424 442 1532 474 vendit
1555 442 1680 474 fumum
1703 467 1710 474 .
1738 442 1904 476 Dominus
1926 441 2041 478 Cardi-

1166 490 1249 525 nalis
1272 490 1489 524 Bellarminns
1509 491 1661 525 &cunctis
1672 493 1768 526 sanai
1782 492 1868 526 Petri
1882 492 2040 527 Damiani

1164 539 1330 582 epistolis,
1355 540 1433 574 licet
1457 541 1668 583 quarumdam
1680 553 1759 584 quas
1770 543 1957 577 assertiones
1976 553 2041 578 ηο-

1164 598 1235 629 tet,
1262 588 1387 623 nullam
1410 591 1517 634 arguit
1539 589 1579 622 de
1600 591 1715 633 spuriis
1740 591 1899 626 natalibus
1916 618 1923 624 .
1950 592 2041 626 Huic

1165 638 1278 675 nostrae
1291 637 1375 674 nihil
1388 640 1516 682 penitus
1530 640 1639 683 infigit
1659 641 1810 675 Censurae
1821 666 1828 673 .

1214 690 1517 723 Demonstratorem
1551 688 1634 722 nihil
1658 689 1745 732 aeque
1766 701 1896 734 torquet
1917 703 1954 724 ac
1975 692 2041 726 Ne-

1164 739 1335 773 mausensis
1356 740 1510 782 synodus
1534 739 1667 773 Urbani
1685 740 1725 772 11.
1741 740 1871 774 Etenim
1885 740 1965 774 ame
1986 742 2041 775 ad-

1163 788 1401 825 dustusCanon
1414 789 1511 823 habet
1526 788 1610 822 hanc
1623 788 1830 833 Epigraphen
1844 802 1851 821 2
1879 792 1970 833 ,Quod
1979 795 2041 823 Mo-

1164 838 1251 871 nacbi
1261 840 1440 872 sacerdotali
1451 839 1609 879 Minister-io
1619 839 1726 872 recqius
1731 839 1825 883 fungi
1837 843 1939 881 poffint
1950 853 2040 881 quam

1164 888 1328 931 Presbyteri
1349 888 1525 931 saeculares.
1552 889 1651 923 Hanc
1672 891 1701 922 ei
1726 889 1805 923 dant
1837 890 2041 924 eruditissimi

1163 938 1235 972 Viri
1249 963 1260 978 ‚
1269 939 1442 983 Philippus
1454 939 1610 974 Labbaeus
1622 964 1632 980 ‚
1646 951 1683 973 ac
1695 938 1828 973 Gabriel
1841 941 2021 975 Cossartius
2031 962 2042 972 .

1162 989 1205 1021 Et
1226 989 1344 1022 Canon
1361 990 1473 1023 diserte
1497 990 1604 1024 sanxit
1624 990 1665 1023 de
1686 989 2042 1032 praedicandiMinisie-

1161 1038 1210 1071 rio
1222 1062 1230 1069 .
1257 1040 1290 1072 O
1301 1039 1452 1073 acerbum
1464 1039 1654 1073 Canonem!
1671 1039 1724 1072 Est
1738 1050 1847 1073 tamen
1861 1052 1927 1072 non
1943 1040 2042 1074 solius

1163 1086 1298 1124 Urbani
1320 1089 1518 1129 Pontificis‚
1545 1089 1738 1131 sedinsuper
1752 1090 2042 1125 totiusGallicanae

1162 1138 1324 1176 Ecclesiae.
1353 1139 1443 1173 Audi
1467 1139 1731 1180 Demonstratorem
1743 1140 1933 1174 rodentem.-
1959 1142 2041 1183 ,ραις

1160 1187 1195 1221 de
1208 1187 1401 1231 Nemausenfi
1417 1189 1555 1230 synodo
1576 1190 1609 1223 δε
1635 1188 1767 1223 Urbani
1785 1187 1934 1232 sententia
1953 1188 2040 1230 adfe-

1159 1247 1268 1271 runtur
1292 1263 1302 1277 ‚
1326 1240 1454 1272 redolent
1474 1235 1748 1281 Pseudo-Damiani
1770 1238 1916 1280 epistolam
1940 1263 1947 1270 .
1976 1243 2041 1272 Ne-

1159 1298 1217 1331 que
1239 1288 1361 1320 dubium
1383 1288 1420 1328 est
1440 1314 1451 1329 ‚
1480 1294 1512 1320 in
1534 1290 1695 1332 spicilegiis
1712 1289 1908 1321 Dacherianis
1931 1290 2038 1321 multos

1153 1336 1243 1377 fimul
1262 1337 1386 1370 tribulos
1406 1339 1456 1380 effe
1478 1338 1603 1378 collecios
1615 1362 1627 1378 ,
1654 1340 1738 1378 cujus
1756 1340 1883 1379 proinde
1894 1338 2043 1379 compila-

1159 1392 1232 1420 toris
1253 1388 1317 1420 nolo
1335 1387 1517 1421 authoritate
1531 1394 1646 1429 premi.
1677 1385 1768 1434 Qiis>
1783 1397 1852 1421 non
1876 1387 1982 1421 videat
2004 1399 2042 1422 ac

1159 1436 1325 1471 miseretur
1343 1436 1489 1472 hominis
1500 1439 1686 1482 angustias?

1211 1486 1302 1520 Errat
1323 1487 1427 1522 varie.
1458 1488 1571 1522 Primo
1595 1512 1606 1528 ,
1623 1485 1712 1531 quod
1739 1487 1965 1521 Nemausenfis
1986 1489 2044 1530 Sy-

1161 1535 1267 1571 nodus
1279 1535 1391 1570 laudet
1403 1538 1432 1570 S.
1445 1537 1534 1570 Petri
1547 1537 1706 1571 Damiani
1717 1537 1884 1579 epistolam
1898 1562 1907 1577 ‚
1934 1548 1988 1570 aut
2002 1537 2044 1571 ab

1160 1645 1231 1668 turn
1253 1637 1356 1678 quarti
1381 1634 1545 1669 Bonifacii
1567 1659 1575 1667 .
1615 1634 1767 1673 Secundo
1790 1635 2043 1670 Demonstrator

1143 1695 1240 1738 ¹errat
1253 1709 1264 1727 ,
1288 1683 1376 1728 quod
1396 1684 1624 1718 eruditiffimus
1637 1685 1743 1718 Lucas
1755 1684 1936 1719 Dacherius
1948 1686 2042 1719 simul

1143 1743 1232 1769 *cum
1256 1735 1352 1778 spicis
1362 1732 1699 1777 collegerittribulos.
1725 1734 1778 1768 Sic
1792 1745 1859 1767 non
1874 1734 2040 1777 soiimihi,

1141 1773 1211 1823 ised
1231 1783 1328 1818 etiam
1352 1794 1446 1817 tanto
1473 1783 1556 1817 Viro
1580 1782 1743 1816 benedicit
1768 1806 1776 1814 .
1803 1783 1899 1817 Certe
1918 1783 1958 1818 de
1980 1784 2040 1819 illo

1158 1831 1257 1877 longe
1279 1832 1367 1867 aliud
1394 1832 1488 1867 sentit
1511 1833 1620 1867 omnis
1632 1832 1790 1867 Ecclesia.
1819 1832 1918 1867 Illum
1931 1844 2042 1869 nurne-

1157 1893 1203 1917 rat
1226 1884 1310 1916 inter
1331 1882 1491 1926 puriffima
1516 1883 1617 1916 nostri
1628 1883 1731 1916 saeculi
1744 1883 1935 1917 luminaria.
1963 1884 2041 1919 Deo

1157 1932 1244 1973 laus,
1273 1933 1361 1976 quod
1385 1933 1635 1968 Demonstrator
1656 1944 1723 1966 non
1749 1932 1865 1968 audeat
1887 1933 2040 1967 Nemau-

1156 1984 1275 2017 sensem
1288 1983 1461 2027 Synodum
1485 1983 1689 2026 pertinaciter
1700 1983 1873 2028 abnegare.
1901 1983 2038 2019 Interim

1154 2032 1250 2067 tertio
1269 2043 1374 2074 errat,
1400 2033 1489 2076 quod
1510 2033 1551 2067 de
1573 2033 1641 2077 ejus
1663 2034 1798 2068 veritate
1809 2044 1877 2068 non
1890 2036 2035 2069 vereatur

1141 1560 1147 1715 Ι
1160 1587 1225 1629 ipsa
1237 1584 1392 1628 pendeat.
1424 1584 1551 1619 Laudat
1563 1596 1600 1619 ac
1616 1585 1726 1619 firmat
1736 1585 1909 1619 adductum
1923 1587 2049 1632 Decres

215 2088 304 2127 mia,
325 2087 546 2121 &conclusitx
573 2086 679 2119 Verum
701 2083 736 2115 de
747 2084 879 2117 utilitate
900 2082 1093 2124 acpraestan-
1153 2082 1319 2118 dubitare.

213 2143 261 2171 tia
282 2138 382 2170 borum
410 2138 542 2170 Actorum
563 2147 621 2168 non
643 2135 730 2167 aliud
749 2134 954 2175 requirendum
967 2131 1092 2171 testimo-

213 2193 298 2219 nium
319 2187 356 2228 est
373 2186 436 2229 post
448 2187 647 2231 gravifflmum
669 2186 740 2216 Tuae
764 2186 925 2223 sapientia
944 2185 1091 2224 pra-judi-

213 2242 287 2269 cium
300 2261 310 2276 ‚
340 2248 394 2279 quo
406 2237 458 2270 illa
470 2242 549 2268 tanti
560 2233 682 2272 habuisti
697 2257 707 2272 ,
732 2241 766 2266 ut
777 2235 858 2268 AEre
869 2241 916 2265 tuo
940 2238 972 2264 in
993 2234 1092 2265 editio-

211 2290 262 2319 m's
279 2292 413 2328 pretium
434 2285 595 2319 liberaliter
618 2281 703 2325 effuso
716 2307 725 2323 ,
748 2281 974 2323 publicationem
993 2293 1089 2316 eorum

209 2336 374 2379 urgendum
395 2337 532 2369 duxeris.
561 2335 605 2368 Et
629 2344 705 2367 ecce
718 2334 824 2366 nescio
837 2333 908 2374 quis
918 2332 1087 2367 adversum

209 2394 300 2420 tanta
320 2384 505 2421 testimonia
527 2394 595 2418 non
619 2392 743 2419 veretur
767 2381 894 2415 effutire
908 2383 1085 2416 Decretum

206 2433 297 2469 istud
307 2437 372 2468 esse
383 2433 544 2477 spurium,
571 2433 659 2467 &ita
671 2432 786 2466 sentire
797 2442 912 2466 omnes
922 2432 1065 2467 eruditos
1075 2458 1082 2466 .

258 2484 304 2517 Et
326 2484 504 2518 Decretum
526 2483 740 2525 &epistolam
759 2481 912 2521 laudant,
937 2482 971 2516 ὅ(
992 2483 1085 2516 novis

207 2533 503 2568 Ecclefiasticarum
523 2531 732 2574 synodorum
764 2532 862 2564 tornis
883 2530 1082 2565 inseruerunt

207 2582 285 2619 Viri
302 2584 400 2617 etiam
423 2581 643 2622 eruditissimi,
671 2579 841 2622 Philippus
852 2578 1027 2619 Labbaeus,
1048 2582 1081 2616 ἀ

207 2632 344 2666 Gabriel
364 2632 548 2666 Cossartius
561 2655 568 2662 .
589 2631 631 2663 Et
643 2629 728 2673 prior
739 2628 829 2663 dedit
853 2631 995 2663 Decreto
1017 2628 1080 2663 hoc

206 2682 367 2716 Scholion
381 2695 388 2714 τ
417 2681 495 2716 Illud
504 2686 583 2714 enim
597 2684 753 2713 Decretum
767 2680 904 2717 synodale
922 2680 1078 2722 ‹i'Bontfa-

205 2738 248 2766 clo
260 2735 349 2774 Papa
362 2736 416 2765 JV.
425 2732 646 2773 promuhgatum
656 2734 689 2762 in
700 2730 826 2762 concilio
837 2733 969 2763 Romano
979 2755 989 2770 ‚
1000 2743 1079 2764 anno

200 2781 403 2827 sexcentefimo
425 2783 532 2814 decimo
556 2804 568 2819 ,
586 2782 656 2821 jam
678 2780 797 2820 pridem
821 2777 1019 2821 descripsimus
1040 2791 1078 2813 ex

204 2840 305 2866 vetere
315 2833 419 2864 Codice
430 2832 455 2863 5.
468 2829 671 2872 symphoriani
682 2828 819 2880 §setensis
829 2853 839 2868 ,
866 2835 916 2871 qui
937 2831 1020 2863 modo
1032 2836 1077 2863 vi-

197 2880 274 2925 fitur
295 2886 327 2914 in
351 2879 535 2915 Bibliotheca
544 2883 609 2913 Viri
633 2880 1040 2918 Clariffimiclaudiiliardii
1066 2905 1076 2919 ,

202 2929 368 2973 Parifienfis
378 2933 526 2965 Senator-is
537 2930 732 2968 Eruditiffimi
745 2952 752 2959 .
779 2929 873 2970 ,Quod
881 2939 947 2961 cum
957 2929 996 2961 ab
1007 2931 1076 2962 Hol-

197 2978 328 3021 fleniano
347 2985 379 3014 in
399 2979 573 3023 quibusdam
580 2980 742 3021 plurimum
753 2977 873 3019 differre
884 2980 1075 3011 animadver-

177 3072 180 3076 Δ
200 3037 310 3071 terem,
335 3030 543 3074 ambigendum
564 3028 640 3062 mihi
658 3039 715 3061 non
732 3033 845 3068 putav}
870 3051 882 3066 ,
907 3034 977 3069 quin
998 3030 1077 3061 illud

198 3085 291 3114 etiam
310 3078 365 3114 tibi
387 3080 491 3113 Ledor
510 3078 659 3120 offerrem.
688 3077 883 3111 Differenria
904 3086 1012 3111 tamen
1027 3079 1072 3112 est

195 3129 331 3163 modica
343 3153 350 3161 .
374 3129 463 3163 Idem
476 3128 651 3173 Philippus
664 3126 805 3169 epistolae
816 3127 871 3160 dat
883 3124 946 3160 hoc
958 3129 1073 3171 margi-

197 3178 272 3212 nale
283 3177 455 3212 Scholion:
472 3182 527 3214 Ex
537 3188 638 3214 vetere
644 3176 752 3221 ftbeda
762 3175 992 3218 membranacea,
1004 3189 1072 3220 quae

198 3228 283 3271 apud
298 3239 342 3260 me
351 3227 387 3266 est
399 3253 407 3260 .

247 3278 357 3311 Etiam
374 3277 392 3310 ὲ
416 3288 466 3311 me
486 3275 620 3313 adducta
632 3278 661 3312 S.
672 3277 761 3311 Petri
772 3276 927 3312 Damiani
938 3276 1071 3321 epistola

200 3327 246 3362 est
264 3326 405 3361 omnino
416 3325 602 3360 authentica
614 3352 621 3359 .
632 3327 715 3362 Eam
725 3327 817 3361 ‘enirn
829 3328 877 3361 uti
890 3327 1071 3372 legitimam

197 3375 331 3423 reliquis
362 3377 458 3410 sancti
480 3376 635 3410 Doiioris
662 3377 815 3420 operibus
838 3377 987 3419 adjunxit
1010 3378 1071 3412 Vir

197 3425 340 3463 eruditus
359 3424 596 3463 Constantinus
616 3426 791 3469 Cajetanus
813 3452 822 3460 .
848 3426 900 3462 Ex
928 3426 1070 3473 antiquis

275 3476 381 3518 Christ.
395 3479 475 3519 Lupi
485 3479 584 3519 Opera
593 3475 738 3510 Tomxt.

1203 2134 1334 2167 Etenim
1356 2132 1440 2168 hanc
1468 2133 1640 2178 Synodum
1662 2132 1771 2168 laudat
1785 2134 1819 2169 in
1837 2133 2033 2173 authentico

1152 2183 1370 2218 instrumento
1393 2184 1542 2219 Calixtus
1561 2184 1600 2221 11.
1617 2184 1791 2218 Pontifex:
1824 2188 1888 2228 Ego
1911 2190 1942 2216 in
1957 2190 2033 2218 Con·

1149 2233 1214 2266 cilio
1236 2232 1434 2276 Nemausensi
1454 2258 1464 2274 ‚
1490 2241 1522 2267 in
1545 2245 1601 2276 quo
1619 2238 1764 2267 Dominus
1782 2237 1870 2276 Papa
1894 2235 2033 2267 Urbanus

1145 2282 1296 2325 praefuit‚
1322 2295 1387 2317 cum
1408 2286 1510 2317 mulus
1521 2286 1592 2317 aliis
1611 2283 1760 2325 interfui.
1789 2284 1940 2318 Calixtus
1962 2294 2032 2317 erat

1149 2342 1228 2367 tunc
1253 2333 1367 2367 Guido
1396 2332 1669 2377 Archiepiscopus
1696 2332 1911 2367 Viennensis.
1942 2332 2030 2367 Istud

1146 2382 1402 2419 Instrumentum
1413 2383 1516 2417 exstat
1530 2383 1614 2426 apud
1627 2383 1789 2417 Catellum
1804 2383 1838 2415 in
1851 2383 2029 2417 Commen-

1146 2432 1235 2467 tariis
1248 2433 1472 2476 Septimaniae.
1504 2433 1661 2467 Eamdem
1676 2432 1846 2474 Synodum
1861 2432 1972 2467 laudat
1992 2433 2025 2466 in

1145 2483 1260 2517 litteris
1285 2482 1326 2516 ad
1348 2483 1530 2526 Hugonem
1544 2482 1768 2526 Lugdunensis
1789 2482 1936 2516 Ecclesiae
1958 2481 2025 2516 Pri-

1144 2542 1263 2566 matem
1277 2533 1307 2566 S.
1320 2532 1378 2566 lvo
1390 2532 1596 2565 Carnutensis
1610 2531 1805 2575 Episcopus:
1820 2531 1947 2575 Causam
1958 2535 2025 2566 Bel-

1141 2581 1277 2623 luacenfis
1291 2582 1387 2616 Ele&
1397 2590 1491 2621 nuper
1513 2582 1599 2622 apud
1612 2579 1795 2624 Nemausum
1815 2593 1912 2615 coram
1927 2586 2025 2616 Domi-

1141 2643 1177 2663 no
1200 2635 1289 2674 Papa
1302 2631 1499 2674 familiariter
1520 2632 1662 2664 ventilari
1673 2630 1771 2671 vestra
1783 2634 1957 2666 Paternitas
1968 2645 2021 2666 au-

1139 2683 1221 2714 divit
1234 2706 1242 2715 .
1272 2681 1430 2714 Eamdem
1453 2680 1563 2716 laudat
1575 2680 1794 2715 Malleacense
1806 2682 1998 2716 Chronicon
2012 2696 2020 2716 :

2044 2459 2118 2495 Lib.
2141 2466 2175 2509 5:

2042 2509 2194 2557 F01.878.

1140 2729 1289 2772 Reversus
1301 2729 1338 2771 est
1352 2730 1488 2763 Urbanus
1501 2733 1649 2763 santonas
1664 2755 1675 2771 ,
1686 2733 1719 2764 (τ
1728 2731 1888 2764 celebravit
1902 2732 1942 2763 ibi
1948 2731 2018 2774 scm-
2038 2724 2099 2768 Ep-
2136 2736 2193 2772 55.

1139 2781 1215 2813 cium
1239 2779 1356 2823 Pascha
1367 2805 1378 2820 ,
1406 2782 1439 2813 ό*
1451 2782 1520 2814 inde
1531 2787 1676 2814 remeavit
1690 2785 1812 2812 Romam
1826 2806 1837 2820 ,
1863 2783 1896 2814 (r
1907 2787 1937 2813 in
1950 2794 2021 2815 eun·

1137 2831 1173 2862 do
1196 2835 1342 2864 remeavit
1366 2828 1549 2872 Nemausum
1572 2837 1724 2862 civitatem
1735 2855 1744 2869 ,
1772 2830 1821 2861 ubi
1833 2837 1904 2863 item
1916 2836 2020 2865 Conci-

1140 2882 1210 2913 lium
1220 2885 1318 2914 tenuit
1335 2903 1345 2919 ,
1356 2881 1390 2914 (θ’
1400 2881 1598 2913 reconciliavit
1613 2880 1785 2920 Philippum
1797 2883 1902 2923 Regem
1917 2885 2017 2915 Fran-

1135 2941 1231 2963 corum
1241 2953 1251 2968 ,
1262 2936 1538 2963 excommunicatum
1548 2929 1581 2961 ob
1588 2938 1708 2970 pravas
1721 2934 1839 2969 nuptias
1850 2953 1858 2962 .
1888 2930 1928 2965 Et
1943 2932 2017 2966 Ber.

2059 2925 2160 2960 Anno

1136 2979 1243 3013 tholdi
1254 2979 1511 3015 Constantiensis
1522 2978 1702 3020 Presbyteri
1718 2979 1908 3014 Chronicon
1924 2994 1930 3013 :
1945 2981 2015 3014 Phi·
2037 2975 2135 3021 1096.

1134 3031 1229 3071 lippus
1250 3030 1415 3063 Galliarum
1438 3033 1504 3060 Rex
1519 3030 1589 3068 jam
1612 3030 1723 3060 dudum
1745 3036 1798 3068 pro
1809 3031 1953 3063 adulterio
1965 3043 2016 3065 ex-

1134 3085 1360 3113 communicatus
1371 3104 1381 3119 ‚
1407 3080 1528 3110 tandem
1543 3081 1636 3119 Papa
1645 3102 1656 3118 ‚
1670 3079 1740 3110 dum
1751 3079 1847 3111 adhuc
1858 3085 1890 3112 in
1904 3083 2013 3114 Galliis

1135 3138 1295 3163 moraretur
1309 3154 1319 3169 ‚
1343 3128 1421 3171 satis
1445 3127 1591 3160 humiliter
1612 3129 1655 3160 ad
1663 3126 1902 3171 satisfadlionem
1915 3136 2013 3171 venit,

1134 3180 1167 3212 <5
1180 3179 1321 3220 abjurata
1333 3180 1471 3211 adultera
1483 3182 1514 3208 in
1524 3183 1660 3220 gratiam
1673 3187 1804 3219 receptus
1814 3179 1851 3220 est
1865 3205 1871 3211 .
1884 3181 1933 3213 Ex
1945 3191 2013 3221 quo

1134 3229 1220 3263 lucet
1238 3240 1339 3263 errare
1359 3228 1434 3261 illos
1446 3251 1457 3266 ‚
1485 3229 1541 3270 qui
1553 3224 1699 3271 Philippi
1711 3228 1814 3273 Regis
1825 3229 2014 3263 reconcilia-

1133 3279 1257 3314 tionem
1269 3279 1401 3312 censent
1412 3278 1527 3311 saetam
1540 3276 1573 3310 in
1586 3277 1723 3319 synodo
1735 3279 1915 3312 Turonensi
1931 3302 1938 3309 .
1950 3278 2012 3312 Eo-

1132 3327 1204 3363 dem
1231 3328 1361 3363 interim
1383 3338 1473 3361 anno
1497 3327 1577 3361 fasta
1603 3327 1667 3361 fuit
1680 3338 1815 3370 utraque
1827 3326 1978 3368 synodus
2003 3353 2012 3361 .

1131 3378 1225 3412 Istius
1248 3376 1398 3412 meminit
1424 3377 1502 3410 item
1527 3377 1594 3420 ipse
1619 3377 1776 3412 Urbanus
1794 3376 1950 3411 Pontifex
1975 3376 2011 3417 in

1132 3427 1245 3466 litteris
1254 3427 1296 3464 arl
1307 3425 1500 3463 Richerium
1514 3427 1734 3462 Senonensem
1745 3450 1757 3467 ,
1778 3426 1811 3460 ἀ
1824 3426 1904 3462 alios
1913 3428 1939 3462 F
1941 3438 2010 3462 ran-

1491 3476 1526 3510 D
1551 3476 1573 3511 d
1623 3486 1644 3524 3
1854 3486 1967 3513 corum
