2366 3736
653 100 720 130 Dia
758 84 969 130 Sirenis
1002 84 1552 131 Pizocssssmmssus.

212 171 260 205 lta
271 171 453 206 audivimus
474 166 562 211 supra
581 164 599 200 ὲ
623 168 652 201 S.
668 168 795 212 Joanne
819 164 1080 208 Chrysostomo.

212 222 359 256 Eandem
373 221 406 253 in
428 220 489 253 suis
502 216 743 261 Capitularibus
765 216 1001 250 confirmarunt
1023 216 1083 250 Ca-

210 271 298 305 rolus
310 271 453 314 Magnus
464 293 476 310 ,
503 267 690 303 Ludovicus
717 264 794 300 Pius
807 290 818 306 ,
840 264 960 304 aliique
971 264 1082 299 similis

210 320 386 362 disciplinae
415 317 579 361 Principes
596 341 604 349 .
626 314 730 349 Porro
756 315 842 348 nulla
865 313 948 357 apud
974 314 1082 349 Deum

210 368 411 413 supplicatio
423 369 467 403 est
484 365 651 412 potentior
666 365 783 408 ,quam
797 365 870 409 ista,
880 363 931 398 cui
944 362 1082 398 substan-

210 420 331 453 tialiter
344 420 429 455 adest
441 417 512 457 ille,
522 416 563 450 de
576 415 688 458 quoin
701 415 794 448 omni
806 414 956 448 oratione
967 414 1083 448 clama-

209 463 354 504 muszPer
366 472 523 502 Dominum
535 465 660 506 nostrum
661 468 690 508 J
695 462 732 508 es.
748 463 854 503 christ.
866 463 979 496 Filium
991 472 1081 496 tuum.

259 520 427 553 Dominus
437 515 620 551 Cardinalis
633 514 871 548 Granvellanus
897 514 954 547 suo
979 513 1084 547 decre-

208 577 245 603 to
257 571 339 603 recte
348 566 491 601 addidit:
516 566 568 599 Vel
588 566 731 598 utilitatis
745 588 752 596 .
782 563 914 606 Utique
927 563 1083 606 quoniam

207 618 255 652 ita
268 620 388 660 semper
399 616 581 651 observavit
591 614 739 648 Ecclesia·
758 612 889 646 Etenim
902 612 1025 657 Anglia
1039 612 1083 647 ita

206 667 284 701 fecit
297 670 328 700 in
340 667 520 700 Ciu-iratum
535 661 824 698 Dedicationibus.
852 661 1087 698 Christianiffi—

205 728 280 751 mus
302 717 485 751 Galliarum
499 717 573 749 Rex
585 714 773 748 Franciscus
785 713 912 746 Primus
938 713 1024 745 idem
1040 714 1086 746 so·

206 766 398 801 lemniffime
411 767 487 800 fecit
499 791 508 805 ‚
520 766 598 798 dum
613 764 721 807 Regni
737 763 783 796 sui
797 762 1084 797 constantissimam

206 817 320 850 contra
344 815 610 852 Calvinianarum
634 811 905 856 blasphemiarum
923 812 1087 845 novitates

205 866 304 900 fidem
319 867 421 900 voluit
434 866 495 899 toti
510 864 635 897 mundo
657 861 876 897 demonstrare
887 885 898 901 ‚
925 873 962 895 ac
977 861 1086 904 praedi-

205 928 295 950 care.
322 916 526 961 Moguntina
541 913 679 959 Ecclesia
702 911 786 944 istud
813 911 915 953 ipsum
930 913 1030 945 servat
1054 912 1087 944 in

207 966 349 1009 Jubilaeis
363 990 374 1006 ‚
401 978 438 1000 ac
451 965 486 998 in
512 964 584 998 aliis
595 960 746 1004 plenariis
761 960 844 1003 apud
858 958 1086 999 Cathedralem

202 1015 376 1056 Basilicam
390 1012 611 1057 Indulgentiis
625 1035 633 1044 .
660 1010 746 1044 istud
760 1011 862 1054 ipsum
874 1011 966 1045 omni
980 1011 1088 1044 mense

204 1067 310 1100 servat
332 1078 373 1099 ex
391 1065 496 1099 S'anffl
521 1062 633 1096 Caroli
657 1061 808 1094 instituto
835 1061 1089 1095 Mediolanensis

204 1115 366 1149 Ecclesia.
396 1113 520 1147 Eadem
544 1110 656 1145 omnia
679 1112 842 1144 servantur
854 1112 936 1154 apud
952 1112 1088 1155 Belgas,

194 1175 383 1205 ·numquam
398 1163 545 1206 impetita
555 1186 566 1202 ,
595 1171 651 1195 aut
663 1160 843 1204 improbata
856 1173 909 1204 per
921 1161 1087 1196 laudatum

204 1215 417 1257 Cardinalem
443 1211 698 1246 Granvellanum
722 1235 733 1250 ‚
759 1221 815 1245 aut
836 1211 939 1244 ullum
952 1212 1042 1253 ipsius
1055 1210 1087 1243 in

205 1262 438 1297 Meclilinieusi
452 1262 598 1295 Throno
609 1262 824 1295 successorem
838 1285 845 1292 .
874 1262 1005 1304 Insuper
1029 1261 1089 1294 Ca-

205 1313 369 1354 thedrales
382 1312 525 1346 Basilicae
538 1335 548 1351 ‚
574 1309 781 1345 Parochiales
796 1311 943 1344 Ecciefiae
954 1335 964 1349 ,
977 1323 1014 1344 ac
1029 1311 1087 1353 ple-

205 1374 303 1407 raque
316 1363 517 1397 Monasseria
531 1361 639 1405 passim
651 1359 772 1394 habent
784 1361 918 1393 suorum
932 1360 1088 1394 Patrono-

206 1425 278 1448 rum
292 1413 451 1447 solemnia
464 1413 557 1446 Festa
570 1422 646 1444 cum
658 1410 831 1444 numeroso
843 1410 877 1444 δε
887 1411 943 1453 pio
954 1421 1086 1444 concur-

206 1465 242 1498 su
254 1462 388 1506 populi:
418 1462 451 1496 &
477 1461 628 1506 pietatem
653 1471 718 1493 non
732 1469 844 1503 parurn
857 1470 951 1503 auget
963 1461 1088 1503 proces-

205 1513 369 1547 fionaliter
382 1512 505 1557 gestata
516 1510 733 1545 Eucharistia.
762 1508 946 1543 Istiusmodi
968 1511 1091 1552 proces-

206 1563 337 1603 siones,
362 1562 438 1595 licet
462 1572 529 1595 non
554 1563 676 1602 semper
698 1559 742 1592 ob
752 1558 915 1602 publicam
927 1559 1090 1592 neceffita-

206 1623 273 1646 tem
287 1613 366 1646 fiant
378 1635 388 1652 ,
402 1613 526 1654 semper
537 1620 647 1644 tamen
660 1611 744 1644 fiunt
755 1621 830 1642 cum
843 1609 960 1653 insigni
972 1609 1089 1643 utilita-

206 1673 238 1696 te
251 1686 258 1693 .
272 1661 324 1696 Ad
338 1662 420 1706 ipsas
433 1660 532 1706 igitur
540 1659 748 1694 stabiliendas
759 1658 944 1691 Cardinalis
957 1655 1090 1691 Archie-

205 1713 353 1754 pist-opus
360 1712 501 1754 praefatas
514 1719 608 1742 voces
619 1706 745 1741 addidit
757 1729 765 1738 .
794 1706 936 1749 Joannes
948 1705 1090 1741 Aureliae

204 1762 388 1804 Episcopus
399 1759 596 1794 menstruam
612 1757 704 1790 istam
727 1755 958 1798 processionem
982 1756 1089 1789 voluit

204 1823 274 1844 nou
291 1821 343 1852 per
353 1811 472 1851 plateas
485 1830 494 1845 ‚
522 1806 575 1839 sed
599 1805 667 1837 fieri
691 1804 774 1836 intra
787 1803 1000 1837 Ecclefiarum
1022 1815 1088 1848 gre·

204 1861 309 1893 mium
324 1883 330 1889 .
358 1856 461 1903 Qod
473 1856 573 1898 ipsum
598 1855 665 1898 agit
678 1852 840 1887 Vaticana
865 1851 1003 1886 Ecclesia
1014 1877 1021 1884 .
1050 1854 1087 1887 E-

205 1909 284 1943 tiam
318 1907 493 1951 Regulares
521 1903 748 1937 Mendicantes
782 1902 891 1945 passim
919 1913 997 1937 tunc
1020 1915 1086 1936 non

204 1957 385 2002 procedunt
399 1982 409 1996 ,
438 1956 493 1990 nifi
511 1955 594 1988 intra
608 1954 661 1988 sua
674 1951 820 1987 Claustra
831 1977 843 1995 ,
868 1962 924 1987 aut
936 1952 1021 1987 certe
1034 1952 1087 1988 iu-

204 2019 252 2043 tra
269 2008 388 2041 limites
398 2005 592 2040 Monasterii
605 2028 613 2036 .

253 2058 401 2092 Secunda
423 2055 551 2098 quaestio
563 2055 605 2088 est
620 2078 631 2094 ‚
661 2052 715 2086 An
727 2050 880 2096 expediat
901 2052 1085 2089 istiusmodi

204 2107 421 2151 processiones
443 2107 509 2139 fieri
533 2104 647 2151 diebu-s
673 2103 861 2137 ferialibus?
888 2102 1086 2147 Respondeo

151 2157 153 2161 '
205 2158 316 2200 paffiin
334 2168 400 2191 riori
413 2155 582 2199 expedire.
604 2153 698 2187 Hinc
708 2154 797 2187 enim
810 2153 973 2187 Dominus
987 2153 1086 2188 Nico-

205 2209 273 2240 laus
287 2207 474 2241 Cardinalis
497 2205 645 2238 Cusanus
668 2204 748 2246 ipsas
760 2204 828 2236 fieri
845 2204 952 2237 noluit
965 2203 997 2236 in
1011 2215 1086 2237 orn-

205 2258 300 2291 nibus
313 2258 435 2301 quintis
446 2256 551 2289 feriis.
567 2253 633 2288 Uti
644 2254 684 2287 ad
697 2251 905 2298 Eucharistiae
925 2254 1087 2287 consecra-

205 2307 333 2341 tionem
354 2317 410 2341 aut
436 2303 676 2348 sumptionem,
703 2303 747 2337 ita
772 2302 869 2336 etiam
882 2303 920 2336 ad
943 2302 1085 2344 ejusdem

205 2355 471 2400 proceffionalem
482 2353 823 2396 circumgestationem
834 2363 918 2387 certa
939 2354 972 2386 ἀ
999 2354 1085 2387 varia

204 2414 452 2450 praeparamenta
472 2402 747 2438 suntneceffaria:
777 2402 886 2436 Etiam
909 2401 962 2435 hic
973 2402 1084 2436 locum

205 2455 304 2490 habet
314 2454 514 2488 Mandatum
529 2451 682 2495 Apostoli
696 2466 706 2485 :
720 2451 827 2485 Probet
837 2461 938 2485 autem
944 2451 978 2494 se
990 2450 1086 2494 ipsum

205 2504 288 2539 bomo
307 2530 313 2537 .
342 2504 397 2538 Ad
425 2504 507 2537 tanti
530 2502 691 2545 Principis
714 2501 879 2536 transitum
902 2500 1084 2535 adhibenda

205 2557 280 2589 sunt
293 2554 383 2598 plura
395 2562 585 2587 ornamenta
598 2575 605 2583 .
634 2552 769 2596 Qanta
782 2551 960 2583 reverentia
982 2552 1083 2584 nostri

204 2606 286 2639 olim
299 2604 440 2646 Maiores
452 2601 677 2636 Domesticam
694 2599 928 2633 Eucharistiam
941 2599 973 2632 iii
988 2601 1084 2633 secre-

205 2656 247 2689 tis
256 2656 354 2689 etiam
366 2653 525 2687 cubiculis
535 2653 747 2685 tractaverunt
760 2673 771 2688 ,
797 2649 1021 2683 demonstrant
1032 2661 1085 2684 au-

203 2704 349 2739 thentica
364 2703 444 2737 Asta
456 2704 485 2736 S.
500 2703 594 2735 Lucae
607 2698 819 2733 Anachoretae
837 2699 871 2732 ὅ(
881 2699 1083 2733 Taumatur-

203 2755 260 2799 gi.
288 2754 421 2787 Etenim
444 2750 694 2785 Corinthiorum
719 2748 976 2792 Archiepiscopo
998 2751 1081 2783 circa

205 2805 271 2847 ejus
295 2802 454 2837 sumendae
477 2799 611 2834 modum
636 2800 801 2843 proposuit
829 2798 913 2832 hanc
936 2800 1081 2842 quaestio-

204 2866 302 2889 nem:
333 2852 464 2891 Amabo,
491 2855 506 2884 ὁ
529 2854 676 2889 Domine,
700 2859 760 2892 qua
782 2855 895 2882 ratione
916 2860 969 2882 nos
992 2874 1003 2889 ‚
1030 2855 1081 2892 qui

204 2912 320 2946 propter
332 2904 428 2936 multa
438 2911 561 2944 peccata
583 2901 675 2941 noslra
695 2900 810 2933 colimus
822 2908 931 2932 montes
943 2901 975 2932 <st
984 2898 1078 2941 solitu-

205 2955 292 2987 dines
307 2979 317 2994 ,
345 2952 490 2986 horrenda
502 2950 634 2990 Mystert'a
642 2951 772 2992 possimus
791 2954 937 2990 percipere
950 2950 965 2980 ,ἕ
994 2951 1081 2982 Vides

200 3010 283 3038 enim
296 3028 306 3043 ,
331 3012 364 3036 ut
378 3014 413 3036 ne
426 3003 496 3035 dum
507 2996 633 3034 collee‘la
647 3024 657 3039 ,
679 2998 735 3042 sed
747 3010 836 3041 neque
855 3000 992 3032 sacerdos
1011 2998 1081 3041 sup-

202 3060 307 3096 petat.
336 3051 378 3086 Et
390 3051 661 3094 Archiepiscopus
673 3049 837 3091 respondit
849 3062 859 3081 .·
881 3051 963 3082 Bene
978 3051 1081 3089 Pater,

205 3114 240 3136 ac
262 3105 299 3134 de
325 3102 398 3134 bona
410 3099 839 3141 redarmaximainterrogaffl.
871 3103 953 3131 Nam
975 3097 1080 3131 bonum

205 3162 337 3195 quoque,
364 3160 397 3184 ut
419 3154 528 3192 ajunt,
553 3162 608 3184 non
630 3150 733 3183 bonum
752 3148 788 3188 est
803 3173 813 3187 ,
828 3146 918 3188 finon
930 3148 996 3179 bene
1012 3148 1078 3189 fieri

206 3208 369 3244 contingat.
397 3203 498 3233 Primo
515 3207 605 3245 igitur
629 3212 660 3233 ac
678 3199 885 3241 principaliter
897 3199 1080 3231 sacerdotem

207 3252 298 3295 adesse
310 3252 390 3283 decet
401 3276 407 3282 .
430 3251 521 3293 ,Quod
524 3250 551 3291 fi
556 3253 604 3284 ille
615 3250 767 3292 necessaria
777 3250 891 3280 omnino
905 3253 1021 3282 ratione
1029 3249 1079 3281 ab·

203 3303 240 3344 fit
250 3327 260 3342 ‚
286 3302 493 3342 imponendum
514 3297 607 3342 sacrae
630 3297 741 3341 Mensae
764 3296 1079 3341 Praesam‘lificatorum

206 3350 354 3394 vasculum
365 3375 375 3390 ,
397 3349 545 3391 siquidem
556 3349 591 3387 est
605 3354 772 3382 oratorium
784 3373 794 3388 ‚
816 3347 861 3390 fin
875 3357 972 3380 autem
985 3351 1055 3381 cella
1064 3372 1075 3389 ,

203 3400 322 3446 [camno
342 3397 534 3439 mundi'ffimo.
561 3402 635 3431 Tum
656 3401 811 3440 explicans
823 3400 922 3434 velum
939 3403 1038 3434 minus
1065 3423 1078 3443 ,

289 3449 481 3493 Christ.Lupi
491 3452 589 3493 Opera
599 3451 738 3483 Tom.XI.

1091 2893 1101 3402 l

1896 102 1986 149 353

1139 173 1282 207 propones
1296 170 1327 198 in
1339 178 1368 199 eo
1375 164 1479 208 sacras
1491 166 1657 200 Particulas
1670 189 1680 207 ,
1705 166 1875 211 accenfhque
1887 172 2020 212 Thimlass

1143 223 1222 248 mate
1233 240 1243 255 ,
1270 218 1438 257 Typicorum
1452 214 1584 259 Psalmos
1594 241 1605 256 ,
1619 225 1672 250 aut
1683 221 1825 256 Hymnum
1835 220 1922 258 ‚Ter
1934 224 2018 256 San-2

1142 266 1209 297 Cius
1221 288 1232 304 ,
1260 265 1395 298 cantabis
1406 277 1471 298 cum
1478 264 1601 308 symbolo
1607 267 1679 307 fidei
1690 291 1702 307 ,
1726 274 1864 310 trinaque
1884 271 2022 311 genu-fle-

1145 320 1229 347 xione
1240 315 1384 354 adorans,
1412 326 1518 347 manus
1531 318 1648 357 quidem
1659 317 1813 350 contrahes
1830 341 1840 357 ,
1865 328 1911 351 ore
1922 328 2020 353 autem

1142 362 1259 407 sacrum
1266 364 1386 405 pretiosi
1393 365 1502 404 Christi
1514 376 1547 397 ac
1560 370 1617 400 Dei*
1626 366 1711 403 nostri
1723 372 1836 409 Corpus
1843 367 1941 410 sumes
1957 392 1964 399 .
1979 369 2021 402 Et

1146 414 1186 448 de
1214 413 1421 449 Eucharistiae
1446 416 1486 447 ad
1514 415 1661 449 infirmos
1683 417 1849 451 delatione
1869 417 1975 451 sanxit
1987 418 2023 451 in

1147 465 1200 497 sua
1211 463 1333 498 Ostava
1345 465 1429 507 apud
1439 463 1702 499 Pisce-Bambam
1716 467 1873 501 celebrata
1885 466 2023 509 Synodo

1145 510 1352 547 Venerabilis
1379 512 1564 547 Thoribius
1592 513 1781 558 Alphonsus
1808 517 2023 561 Mogroveius

1147 561 1421 605 Archiepiscopus
1442 562 1599 596 Limensis
1613 578 1621 596 ε
1648 569 1725 597 Cum
1747 569 1834 598 corda
1845 572 1972 599 contrita
1989 569 2024 602 ὁ·

1148 612 1304 646 humiliata
1316 615 1375 645 Deo
1379 612 1439 654 fint
1447 612 1561 652 placita
1572 636 1582 652 ,
1603 614 1634 646 (ν
1643 625 1841 648 creaturarum
1852 629 1920 660 erga
1932 621 2023 650 Crea-

1148 673 1239 696 torem
1250 664 1359 695 devota
1361 664 1518 706 gratitudo
1530 686 1540 701 ,
1567 674 1663 695 omnes
1679 666 1782 697 Clerici
1806 665 2024 701 Parachialium

1150 711 1342 753 Ecclestarum
1364 712 1452 752 hujus
1474 712 1560 750 nostri
1573 711 1842 754 Archiepiscopatus
1853 740 1862 754 ‚
1891 726 1955 747 cum
1976 718 2024 748 55.

1150 764 1168 794 5
1170 771 1371 795 aeramentum
1396 765 1441 796 ad
1462 762 1640 802 infirmorum
1667 766 1814 795 Viancum
1841 764 1990 805 deferetur
2016 788 2027 804 ,

1149 810 1270 853 quisque
1282 817 1313 844 in
1319 810 1377 854 sua
1390 811 1534 845 Parocbia
1546 835 1556 850 ,
1571 813 1624 844 vel
1633 818 1683 855 qui
1692 818 1784 846 etiam
1797 819 1829 846 in
1839 817 1936 847 aliena
1942 824 2023 856 prae·

1146 860 1372 903 sentesfuerint
1385 887 1395 903 ,
1422 862 1518 905 ipsum
1523 861 1741 904 superpelliciis
1751 865 1849 896 induti
1860 874 2026 898 reverenter

1150 912 1365 944 comitabuntur
1378 937 1389 951 ‚
1418 914 1470 946 vel
1484 910 1691 953 firstentabunt
1714 917 1877 955 Conopeum
1889 927 1943 956 quo
1955 919 2028 959 tegi-

1151 970 1200 992 tur
1211 986 1218 993 .
1246 961 1389 994 Proinde
1417 962 1571 995 solemnis
1596 973 1634 994 ac
1657 963 1896 1005 processionalis
1907 965 2029 998 delatio

1152 1011 1218 1044 fieri
1239 1010 1333 1045 debet
1344 1023 1418 1045 cum
1431 1012 1531 1055 longe
1541 1011 1655 1053 majori
1668 1010 1853 1048 humilitate
1863 1013 2031 1048 contritio-

1153 1072 1192 1094 ne
1205 1071 1240 1093 ac
1250 1063 1443 1095 reverentia:
1471 1061 1602 1095 interna
1623 1072 1720 1106 atque
1740 1073 1891 1098 externa.
1920 1065 2032 1099 Exter-

1152 1121 1230 1143 nam.
1248 1109 1395 1144 describit
1421 1111 1657 1146 Ceremonialis
1686 1112 1764 1146 liber
1777 1113 2030 1157 Episcoporum:

1152 1164 1261 1192 Omnia
1284 1162 1418 1194 decenter
1441 1163 1474 1195 (τ’
1490 1162 1646 1205 diligenter
1653 1170 1863 1204 praeparentur
1875 1165 2030 1205 &pra-vi·
2052 1146 2130 1191 Gap·
2143 1157 2195 1194 ¹3·

1149 1210 1277 1242 deantur
1291 1235 1298 1242 .
1327 1213 1443 1253 Nempe*
1455 1220 1487 1244 ut
1501 1218 1562 1244 viae
1576 1235 1585 1250 ‚
1609 1220 1665 1253 per
1676 1225 1751 1254 quas
1759 1214 1886 1255 proceffio
1905 1213 2028 1255 transtro

1151 1259 1268 1293 debebit
1277 1284 1287 1300 ‚
1314 1262 1496 1295 mundentur
1507 1262 1540 1294 (θ’
1550 1270 1686 1295 ornentur
1702 1264 1796 1296 aulei's
1808 1288 1818 1302 ,
1827 1268 1942 1305 pannIs
1953 1288 1963 1303 ‚
1983 1268 2030 1305 pi-

1150 1308 1241 1341 elaris
1253 1333 1264 1349 ‚
1287 1309 1406 1351 floribus
1420 1335 1430 1350 ,
1444 1310 1662 1353 frondibusque
1684 1314 1849 1346 virentibus
1865 1310 2030 1354 secundam

1148 1358 1222 1401 poffe
1244 1360 1277 1391 (9
1299 1362 1474 1402 qualitatem
1495 1363 1563 1394 loci.
1594 1363 1640 1395 At
1651 1362 1726 1396 vero
1737 1362 1849 1397 diebus
1862 1362 2031 1396 ferialibus

1154 1409 1291 1452 populus
1303 1411 1382 1444 &in
1395 1411 1456 1444 suis
1468 1410 1620 1446 Officinis
1634 1436 1645 1451 ,
1670 1412 1702 1446 δε
1725 1412 1836 1455 plateis
1844 1412 2030 1447 distrahitur

1152 1459 1191 1492 ad
1213 1459 1290 1491 alia.
1318 1460 1429 1495 Etiam
1453 1462 1565 1504 plateae
1586 1459 1668 1495 tunc
1688 1460 1805 1497 habere
1829 1475 1896 1497 non
1911 1463 2031 1505 poffint

1155 1508 1278 1550 praefata
1286 1520 1496 1545 ornamenta.
1526 1505 1623 1545 Niliil
1636 1512 1679 1546 est
1693 1512 1880 1555 dispositum
1893 1512 1932 1548 ad
1948 1522 2032 1547 tran-

1153 1558 1249 1591 situm
1264 1558 1400 1600 supremi
1419 1558 1581 1602 Principis
1595 1584 1602 1591 .

1204 1607 1331 1650 Excipe
1342 1618 1448 1641 tamen
1463 1608 1555 1641 ferias
1566 1610 1696 1642 ostavas
1706 1610 1906 1645 Sacrosanffl
1926 1612 2033 1645 Sacra-

1154 1657 1254 1688 meuti
1266 1680 1273 1686 .
1300 1655 1404 1690 Tunc
1414 1658 1502 1691 enim
1514 1669 1554 1691 ex
1567 1657 1699 1701 antiqua
1708 1659 1828 1701 pietate
1850 1661 1986 1703 populus
1996 1662 2032 1696 &

1154 1704 1387 1747 semet-ipsum,
1418 1707 1528 1739 &suas
1539 1706 1677 1744 domos,
1705 1709 1874 1751 &plateas
1896 1721 2033 1753 compo-

1154 1755 1221 1790 nit,
1247 1765 1301 1787 aut
1323 1756 1407 1788 certe
1426 1754 1519 1788 debet
1532 1767 1740 1799 componere.
1769 1758 1894 1801 Spebtat
1907 1759 1945 1792 ad
1961 1771 2031 1802 pro-

1154 1802 1331 1838 videntiam
1355 1805 1525 1848 Episcopi.
1554 1805 1646 1840 Hinc
1669 1807 1794 1840 easdem
1807 1809 1900 1842 ferias
1914 1809 2032 1843 Domi-

1152 1862 1210 1885 nus
1224 1851 1382 1887 Nicolaus
1394 1854 1576 1888 Cardinalis
1589 1855 1734 1890 Cusanus
1744 1858 1890 1900 excepit.
1913 1859 1945 1891 Si
1958 1859 2031 1902 quis

1153 1902 1329 1946 Episcopus
1352 1904 1425 1939 aliis
1445 1906 1543 1940 etiam
1556 1906 1657 1941 Feriis
1668 1904 1725 1940 has
1738 1909 1949 1949 processiones
1961 1909 2031 1943 fieri.

1151 1953 1316 1995 permittat
1337 1966 1393 1989 aut
1415 1956 1493 1989 velit
1507 1981 1517 1996 ,
1543 1955 1640 1990 etiam
1660 1956 1909 1992 debebitdebita
1923 1957 2031 1993 homi-

1152 2014 1230 2035 num
1244 2014 1280 2037 ac
1291 2004 1468 2046 platearum
1483 2017 1731 2049 praeparamenta
1757 2009 1936 2050 providere.
1967 2009 2028 2043 Ec-

1148 2051 1239 2086 clesia
1252 2052 1383 2096 iprensis
1396 2066 1440 2100 29
1466 2055 1561 2098 hujus
1574 2056 1678 2090 saeculi
1693 2069 1782 2092 anno
1793 2059 1898 2092 edidit
1912 2059 2030 2093 saluta-

1127 2102 1132 2148 Ι
1148 2114 1180 2135 re
1191 2102 1356 2137 decretum
1370 2118 1377 2136 :
1412 2105 1655 2148 Consuetudinem
1666 2109 1856 2151 quorumdam
1877 2110 2004 2142 locorum
2016 2134 2029 2150 ‚

1126 2153 1132 2186 l
1147 2152 1301 2193 deferendi
1314 2155 1414 2195 paffim
1424 2161 1457 2195 in
1480 2156 1611 2189 omnibus
1630 2158 1846 2198 proceffiom'bur
1858 2158 2028 2191 Venerabile

1126 2201 1132 2271 Ι
1148 2204 1370 2237 sacramentum
1382 2229 1391 2243 ‚
1417 2204 1555 2249 abrogari
1565 2213 1697 2248 cupimus
1715 2232 1721 2239 .
1748 2212 1784 2240 N
1787 2220 1816 2240 ec
1828 2211 1861 2240 id
1866 2209 1952 2249 fierI,
1975 2207 2033 2249 nlfi

1127 2252 1249 2286 -diebur
1265 2252 1481 2295 solemntoribus
1506 2258 1556 2288 vel
1568 2256 1695 2297 publica»
1718 2259 1888 2296 neceffitatis
1910 2256 1997 2300 causa
2018 2283 2026 2291 .

1147 2302 1259 2336 sancit
1272 2304 1331 2337 tria
1344 2330 1351 2336 .
1379 2304 1492 2338 Primo
1505 2305 1583 2338 tales
1595 2305 1805 2347 processiones
1818 2309 1885 2342 fieri
1899 2308 2029 2348 permit-

1147 2353 1186 2385 tit
1211 2364 1277 2385 non
1303 2354 1336 2386 in
1351 2354 1420 2386 solo
1433 2355 1770 2398 DominiciCorporis
1781 2356 1877 2394 festo,
1911 2357 1959 2389 sed
1988 2357 2025 2391 in

1146 2401 1301 2435 omnibus
1327 2403 1439 2437 diebus
1467 2404 1714 2437 solemnioribus
1730 2429 1738 2436 .
1766 2405 1917 2439 Secundo.
1941 2406 2025 2448 ipsas

1147 2452 1212 2484 fieri
1241 2450 1389 2493 prohibet
1415 2453 1530 2486 diebus
1551 2453 1732 2487 ferialibus:
1765 2455 1892 2497 Excipit
1909 2466 2020 2490 tamen

1147 2500 1217 2533 illas
1240 2511 1310 2543 quae
1331 2501 1414 2534 fiunt
1423 2513 1461 2534 ex
1473 2504 1565 2535 causa
1578 2502 1709 2545 publicae
1723 2505 1931 2539 necessitatis.
1960 2504 2024 2540 Re-

1145 2550 1293 2584 &iffime.
1321 2550 1451 2585 Etenim
1463 2552 1588 2594 publica
1603 2554 1765 2587 necessitas
1788 2555 1886 2588 etiam
1907 2553 2025 2595 diebus,

1146 2601 1266 2634 feriatis
1286 2603 1378 2646 cogit
1399 2601 1437 2635 ad
1458 2603 1610 2636 devotam
1626 2604 1745 2637 mentis
1757 2604 1981 2638 collectionem
2007 2629 2023 2646 ‚

1146 2651 1281 2694 ideoque
1295 2662 1401 2693 aptam
1416 2651 1482 2685 istis
1493 2653 1746 2695 processionibus
1755 2676 1762 2683 -
1779 2653 1859 2688 Haec
1870 2655 2020 2697 exceptio

1144 2700 1187 2733 est
1202 2701 1294 2733 tertia
1310 2702 1430 2734 sanstio
1442 2702 1562 2736 laudati
1579 2703 1710 2736 Decreti
1728 2727 1736 2734 .

1195 2749 1340 2796 Qiaestio
1350 2752 1442 2785 tertia
1455 2751 1498 2784 est
1510 2777 1519 2792 ,
1532 2751 1586 2785 An
1601 2752 1647 2785 hae
1657 2753 1865 2795 processiones
1873 2753 2020 2796 congrue

1144 2800 1223 2832 fiant
1241 2801 1338 2834 etiarn
1351 2801 1418 2843 post
1433 2802 1599 2836 meridiem
1612 2803 1623 2834 ἓ
1635 2802 1809 2836 Praesertim
1822 2803 1935 2836 diebus
1948 2804 2016 2837 Do·

1145 2850 1335 2883 minicisaut
1349 2851 1450 2884 Festis
1463 2876 1470 2884 .
1496 2852 1638 2898 Qidam
1651 2861 1789 2896 negant.
1818 2852 2016 2896 Respondet>

1141 2909 1250 2932 tamen
1263 2900 1468 2934 affirmative.
1501 2901 1632 2934 Etenim
1646 2902 1737 2944 supra
1751 2901 1897 2936 laudatus
1918 2905 2016 2946 Joan-

1144 2959 1195 2982 nes
1223 2950 1459 2984 Aurelianensis
1484 2951 1660 2992 Episcopus
1684 2950 1817 2984 mandat
1842 2953 1922 2995 ipsas
1944 2952 2016 2986 fieri

1142 2998 1209 3041 post
1234 3000 1402 3034 meridiem
1427 3026 1433 3031 .
1462 3001 1533 3033 Nec
1555 3000 1621 3033 fine
1647 3001 1850 3035 rationibus.
1882 3002 2014 3036 Etenim

1140 3046 1342 3084 Christianus
1354 3049 1490 3093 populus
1504 3051 1614 3083 multis
1627 3050 1659 3083 in
1675 3051 1755 3085 locis
1767 3053 1934 3085 consuevit
1943 3051 2013 3094 post

1139 3099 1331 3133 meridianas
1357 3098 1609 3133 Dominicorum
1629 3109 1683 3133 aut
1696 3101 1864 3135 Festorum
1885 3102 2010 3136 dierum

1139 3147 1232 3182 horas
1260 3149 1389 3183 ludicris
1411 3160 1447 3182 ac
1470 3152 1562 3182 vanis
1584 3151 1788 3193 impendere:
1816 3152 2010 3194 quandoque

1137 3199 1235 3232 etiam
1247 3199 1354 3233 noxiis
1366 3223 1373 3230 .
1404 3199 1580 3232 Praesertim
1595 3199 1700 3234 versus
1715 3202 1985 3244 Septemtrionem
1996 3223 2008 3240 ‚

1138 3249 1191 3281 ubi
1207 3250 1284 3284 solet
1296 3249 1421 3291 grassari
1436 3248 1581 3283 ebrietas.
1598 3250 1641 3283 At
1657 3251 1731 3284 vero
1745 3253 1835 3284 sacrae
1848 3261 1920 3283 cum
1933 3251 2008 3283 San-

1135 3299 1268 3333 ‹stiffimo
1292 3299 1499 3333 Sacramento
1521 3301 1731 3341 processiones
1751 3300 1814 3333 haec
1827 3299 2008 3341 impediunt

1137 3359 1172 3382 ac
1184 3350 1369 3382 divertunt.
1394 3347 1555 3382 Plurimos
1576 3360 1765 3392 permovent
1784 3348 1822 3380 ad
1845 3348 2006 3382 ornandas

1134 3398 1271 3444 plateas,
1290 3398 1330 3434 ad
1350 3397 1501 3443 erigenda
1519 3398 1669 3439 Altaria,
1694 3399 1733 3435 ad
1754 3398 2005 3443 comparendum

1531 3449 1563 3482 G
1588 3460 1611 3494 g
1663 3459 1682 3495 3
1884 3457 1958 3482 cum
