2366 3736
58 1569 140 1615 Cap.
159 1579 216 1617 25.

63 2526 144 2563 Psal.
164 2536 221 2575 99-

648 130 732 175 Dr.
769 128 1032 174 §tuomst
1067 123 1623 187 Mouasrfialonum.

222 232 280 258 aut
301 216 562 257 defraudaverint
581 240 592 257 ,
630 217 691 250 effe
721 224 789 247 non
817 209 1026 244 solummodo
1064 209 1110 242 fu-

223 285 272 308 res
293 295 304 312 ,
334 269 387 304 sed
411 268 540 310 insuper
563 266 733 308 sacrilegos
757 287 763 294 .
796 260 896 306 Quod
921 269 1037 301 nempe
1058 260 1109 292 de-

223 324 352 356 tineant
376 330 424 353 res
440 315 652 352 Monasterii.
680 310 991 353 Tertioiupponit,
1019 309 1108 352 quod

224 372 345 406 horum
380 369 543 403 bonorum
573 363 759 398 distributio
794 362 865 395 fieri
900 371 968 392 non
994 358 1109 392 debeat

223 433 280 466 per
301 422 408 465 ipsum
432 415 611 453 Professum
638 411 847 447 Monachum
870 435 877 442 .
914 408 1003 456 Qia
1024 410 1113 443 vide-

224 472 302 505 licet
322 471 375 504 hic
393 470 459 513 jam
479 462 603 499 excidit
621 464 713 498 omni
739 466 806 507 jure
818 460 972 495 translato
986 461 1018 492 in
1034 460 1109 492 Μο-

225 514 416 556 misterium.¹
441 516 572 562 Qarto
597 514 707 549 suadet
729 513 814 547 hanc
845 509 1107 544 distributionem

224 583 294 605 non
318 569 386 603 fieri
410 567 445 600 in
479 565 645 609 praesentia
678 564 768 598 istius
789 558 952 595 Monachi
974 584 981 591 .
1020 559 1109 604 Qia

227 630 344 662 nempe
366 616 445 650 hinc
467 615 517 649 illi
542 615 637 658 poffit
662 615 748 649 nasci
769 612 894 647 occafio
926 610 1078 652 superbiae
1098 634 1109 650 ,

224 680 288 713 qua
309 670 340 701 se
362 667 470 701 efferat
493 666 582 708 supra
608 664 700 704 illos,
728 666 784 707 qui
809 674 849 696 ex
863 663 965 695 saeculi
980 671 1119 713 pauper--

222 727 290 754 tate
321 717 361 751 ad
395 717 488 750 istam
521 716 660 749 sanctam
694 715 884 747 societatem
917 720 1077 745 venerunt
1100 734 1106 741 .

223 768 332 803 Addit
354 766 533 801 elationem
558 764 643 798 hanc
668 765 731 798 effe
753 764 890 796 similem
915 758 1107 796 Corinthio-

223 830 297 853 rum
317 816 458 857 delicto,
484 815 525 849 de
544 825 610 858 quo
633 815 759 848 sanstus
783 812 905 846 Paulus
931 825 941 845 .·
967 808 1107 850 Confun-

230 871 311 902 ditis
322 879 390 908 eos,
410 872 530 910 quinon
549 863 673 897 habent.
710 864 842 911 Qinto
864 861 999 896 mandat
1014 860 1106 893 istam

225 902 492 953 distributionem
513 915 582 949 fieri
605 925 661 957 per
684 913 874 948 Ptaefestum
891 910 1108 945 Monasterii.

226 967 426 1003 Dummodo
460 976 571 1000 tamen
604 965 704 998 fuerit
730 965 854 1008 petitus
885 960 1108 996 administrare

225 1015 434 1061 temporalia.
463 1014 577 1049 Palam
600 1015 755 1059 supponit
779 1015 892 1048 omnia
907 1011 1041 1046 Profeffi
1054 1011 1108 1044 bo-

225 1078 266 1102 na
280 1090 291 1106 ,
316 1078 386 1101 non
407 1066 470 1100 effe
491 1063 662 1100 retinenda
685 1078 703 1100 a
723 1063 952 1103 Monasterio,
978 1063 1029 1096 sed
1054 1060 1109 1095 ali·

224 1128 289 1162 qua
311 1115 533 1152 distribuenda
557 1115 592 1149 in
616 1126 786 1158 pauperes.

278 1166 428 1201 Eandem
453 1168 594 1200 formam
622 1167 748 1199 secutus
771 1164 817 1198 est
843 1165 875 1198 in
905 1164 958 1197 sua
981 1162 1110 1206 Regula

227 1217 362 1252 Sanetus
386 1216 594 1261 Augustinus
606 1229 617 1248 .·
644 1220 772 1250 Fratres
777 1216 921 1256 studeam
934 1224 990 1246 non
1001 1214 1038 1245 de
1053 1216 1110 1244 Pa-

229 1277 346 1302 rentum
369 1268 502 1300 divitum
522 1267 670 1309 dignitate
688 1291 698 1306 ,
722 1265 780 1308 sed
802 1267 840 1298 de
861 1273 1027 1306 pauperum
1044 1262 1111 1303 fra·

228 1326 311 1351 trum
328 1315 467 1360 societate
486 1317 627 1360 gloriari.
659 1321 725 1349 Nec
748 1315 929 1348 extollantur
944 1313 973 1354 fi
987 1324 1112 1345 commu-

230 1372 263 1400 ni
289 1372 365 1402 vitae
395 1367 431 1399 de
450 1365 513 1409 suis
532 1365 738 1407 facultatibus
758 1366 877 1405 aliquid
910 1363 1107 1396 contulerint:

230 1421 298 1449 Nec
319 1418 357 1448 de
372 1414 436 1457 suis
459 1417 580 1446 divitiis
602 1420 698 1456 magis
716 1413 892 1455 superbiant
902 1419 974 1454 quia
984 1423 1036 1444 eas
1048 1415 1110 1443 Mo·

230 1465 352 1505 nasterio
371 1468 547 1506 partiuntur
559 1487 569 1502 ,
597 1474 686 1505 quam
696 1462 729 1503 fi
741 1474 792 1496 eas
803 1464 835 1495 s'n
850 1460 958 1504 saeculo
971 1461 1111 1502 frueren-

231 1526 279 1549 tur
299 1540 307 1548 .
334 1513 492 1548 Notanda
517 1515 590 1547 sunt
614 1512 709 1547 verba
729 1526 740 1546 .·
775 1514 898 1555 Aliquid
913 1512 1085 1545 contulerint
1103 1536 1111 1543 .

235 1568 299 1598 Eas
324 1563 491 1606 Monasterio
509 1568 682 1607 partiuntur
709 1589 716 1596 .
754 1563 918 1597 Laudavit
942 1563 1017 1596 illos
1041 1573 1108 1595 non

230 1616 287 1661 qui
309 1625 416 1650 totum
434 1639 443 1656 ,
474 1616 526 1649 sed
549 1614 606 1658 qui
627 1615 751 1658 aliquid
773 1614 921 1649 dederint
947 1613 1111 1646 Monaste-

231 1667 283 1702 tio
306 1692 313 1701 .
350 1666 393 1701 Et
417 1667 450 1699 in
471 1665 555 1699 libro
581 1666 623 1699 de
646 1664 891 1700 Monaehorum
915 1673 1012 1707 opere
1033 1663 1110 1695 affir·

232 1728 300 1750 mat
320 1717 448 1759 aliquos
470 1727 513 1749 ex
545 1715 648 1750 saeculi
673 1717 783 1759 inopia
803 1741 814 1756 ,
851 1716 979 1759 aliquos
1009 1713 1112 1747 relic‘la

230 1768 284 1803 vel
302 1765 460 1806 distributa
481 1791 491 1807 ,
511 1765 575 1807 five
596 1768 698 1808 ampla
715 1791 725 1805 ,
747 1766 811 1808 five
833 1767 1028 1809 qualicunque
1049 1772 1112 1807 opu·

232 1819 315 1851 lenta
330 1816 486 1858 facultate
503 1839 514 1855 ‚
538 1818 741 1851 controverti
766 1818 804 1850 ad
821 1818 1022 1852 Monasteria
1045 1842 1055 1858 ,
1082 1818 1113 1851 ὃς

238 1865 330 1901 addit
348 1877 464 1901 omnes
486 1867 545 1900 suo
562 1865 662 1901 modo
673 1867 813 1911 obligari
827 1866 865 1900 ad
880 1866 1029 1901 manibus
1041 1878 1113 1909 ope·

238 1915 376 1951 tandum
388 1941 398 1957 ‚
415 1916 544 1950 &infra
556 1916 721 1961 subjungit
737 1931 748 1950 .·
776 1922 840 1949 Nec
851 1919 1063 1950 attendendum
1076 1915 1114 1956 est

239 1971 272 1998 in
283 1966 389 2008 quibus
401 1965 652 2007 Monasteriis‚vel
661 1974 692 1999 in
708 1979 763 2008 quo
773 1969 830 2000 loco
839 1966 1040 2011 indigentibus
1046 1967 1114 2008 fra·

241 2014 338 2049 eribus
357 2014 480 2059 quisque
495 2017 530 2047 id
538 2040 548 2055 ‚
573 2018 654 2056 quod
663 2016 792 2049 babebat
805 2040 817 2055 ,
832 2019 1011 2058 impenderit
1024 2040 1031 2047 .
1058 2018 1116 2050 Af·

241 2065 369 2098 firmate
387 2065 536 2103 videtur,
561 2065 651 2106 quod
673 2065 873 2099 Profeffurus
897 2078 963 2099 non
988 2065 1116 2099 dumta-

240 2125 301 2148 xat
318 2114 422 2148 saeculi
445 2113 635 2157 pauperibus
654 2136 665 2152 ‚
702 2114 754 2148 sed
775 2115 849 2148 aliis
877 2116 976 2149 etiam
997 2116 1116 2148 Mona·

241 2163 447 2206 steriispoffit
457 2163 606 2207 elargiri.
635 2163 747 2204 Dico,
773 2166 912 2198 videtur.
940 2164 1112 2198 Aliienim

240 2214 373 2248 censent
397 2213 439 2246 ab
461 2212 522 2246 illo
543 2213 654 2254 afferi,
680 2214 768 2256 quod
793 2214 850 2248 ista
871 2215 1023 2260 elargitio
1046 2226 1112 2248 non

240 2263 357 2298 debeat
378 2262 413 2296 in
437 2262 602 2306 proprium
627 2287 638 2303 ,
674 2263 727 2297 sed
751 2263 819 2297 fieri
841 2265 936 2308 poffit
959 2266 992 2298 in
1015 2265 1113 2308 quod-

241 2324 383 2355 cumque
406 2311 645 2349 Monasterium
667 2338 675 2346 .
705 2314 748 2347 Et
768 2325 855 2348 certe
876 2314 964 2348 hunc
987 2316 1113 2348 sensum

241 2364 372 2399 videtur
392 2363 515 2399 tradere
531 2363 630 2397 etiam
651 2364 684 2396 in
707 2364 808 2399 literis
824 2364 865 2398 ad
877 2366 1029 2399 Sanctum
1045 2365 1112 2399 Ali·

241 2414 332 2458 pium
354 2412 554 2456 Episcopum
573 2412 822 2458 Tagastensem.
858 2415 1029 2461 Quidquid
1058 2416 1116 2456 sit,

240 2463 283 2498 de
307 2463 368 2497 hac
390 2463 628 2500 consuetudine
649 2464 758 2498 scribit
780 2465 879 2498 etiam
910 2466 943 2498 in
972 2465 1115 2500 Psalmo-

242 2525 314 2547 rum
334 2514 597 2547 commentariis:
627 2514 782 2547 Laborant
806 2516 943 2548 manibus
953 2514 1040 2558 suis,
1069 2520 1113 2547 in-

242 2565 280 2596 de
298 2561 331 2605 se
350 2561 515 2606 transigunt
529 2587 540 2603 ,
566 2575 622 2596 non
632 2575 727 2597 avare
737 2566 854 2606 aliquid
861 2574 969 2606 petunt
981 2591 988 2598 .
1016 2567 1113 2610 ,Quid-

242 2614 318 2656 quid
337 2616 380 2645 eis
402 2610 533 2653 infertur
556 2625 576 2646 a
598 2618 660 2654 piis
675 2612 828 2655 fratribus
853 2627 917 2648 cum
942 2614 1114 2658 sufficientia

242 2666 278 2697 e·
298 2661 444 2696 charitate
465 2671 608 2698 utuntur.
637 2665 718 2707 Agit
738 2664 779 2698 de
802 2670 869 2697 vita
886 2672 1031 2698 commum·
1046 2666 1113 2708 fra-

241 2721 344 2752 trum,
370 2722 436 2754 quae
459 2712 497 2753 est
519 2718 561 2745 im
581 2714 772 2754 Monasterio.
799 2715 927 2749 Laudat
949 2727 995 2750 res
1009 2717 1115 2750 illatas

242 2774 261 2798 a
282 2762 534 2796 profitentibus.

293 2813 447 2855 Ejusdem
481 2812 599 2847 mentis
626 2814 688 2847 fuit
722 2815 856 2849 Sanctus
875 2815 1030 2850 Caesarius
1054 2815 1113 2850 At-

240 2860 466 2906 chiepiscopus
485 2862 698 2898 Arelatensis.
730 2864 808 2907 Ejus
837 2866 870 2898 in
894 2866 1022 2911 Regula
1049 2865 1114 2901 hoc

238 2911 284 2946 est
306 2913 446 2956 primum
467 2923 586 2956 caput:
613 2915 656 2946 ad
675 2914 885 2956 conversionem
907 2922 1041 2949 venienti
1063 2929 1115 2951 ve-

235 2961 375 3001 stimenta
395 2964 473 2997 laica
485 2964 552 3008 {non
572 2974 720 2997 mutentur
742 2990 752 3005 ‚
781 2964 836 3007 nisi
852 2975 944 2999 antea
966 2969 1003 3000 de
1017 2967 1113 3008 facul-

238 3021 302 3046 rate
315 3011 372 3055 sua
393 3012 515 3047 chartas
537 3016 719 3047 venditionis
735 3014 838 3056 faciat
851 3040 860 3055 ,
881 3014 953 3057 ficut
968 3020 1112 3050 Dominus

236 3069 380 3105 praecepit
399 3065 498 3096 dicens
512 3088 523 3104 ‚
549 3065 568 3096 fi
583 3064 628 3097 vis
641 3064 794 3107 perfectus
804 3067 865 3100 esse
877 3091 887 3105 ‚
916 3068 1015 3104 vade,
1042 3079 1114 3101 ven-

241 3113 280 3145 de
299 3114 410 3147 omnia
433 3124 503 3155 qua:
526 3112 626 3148 habes
639 3139 649 3154 ,
676 3116 714 3149 da
733 3115 947 3158 pauperibus,
973 3118 1006 3151 δε
1021 3118 1092 3150 veni
1107 3142 1117 3155 ,

242 3161 370 3202 sequere
394 3175 465 3198 me.
493 3167 583 3198 Certe
597 3165 626 3206 fi
643 3177 698 3197 non
720 3167 786 3198 vuit
796 3167 924 3199 vendere
940 3191 950 3206 ,
979 3168 1099 3199 donatio

243 3215 291 3243 nis
310 3211 427 3245 chartas
452 3223 505 3247 aut
524 3215 701 3248 Parentibus
726 3225 778 3247 aut
799 3215 970 3254 Monasterio
988 3217 1087 3258 faciat
1101 3231 1111 3250 .·

242 3261 397 3294 dummoda
417 3263 491 3296 liber
506 3263 545 3305 fit
570 3289 577 3297 .
605 3267 636 3297 si
658 3276 728 3298 vero
750 3269 843 3299 Pater
862 3269 928 3306 ejus
952 3278 1004 3302 aut
1015 3272 1114 3300 Mater

243 3315 337 3344 vivat
360 3312 394 3344 (ν
415 3322 472 3345 non
495 3312 582 3348 babet
597 3315 768 3356 potestatem
787 3316 928 3358 faciendi
950 3342 959 3358 ‚
994 3312 1133 3360 quando}

241 3361 285 3393 ilii
308 3367 529 3404 migraverint,
556 3373 672 3410 cogatur
681 3365 803 3407 facere.
832 3367 1038 3401 Venerabilis
1062 3358 1133 3401 Biz-⁸

239 3410 386 3444 nedictus
411 3411 603 3447 Anianenfis
634 3416 668 3449 in
703 3416 812 3450 Gallia
844 3417 1002 3451 Coenobii
1025 3430 1116 3451 nono

240 3458 365 3497 Christi
386 3460 502 3498 saeculo
520 3463 632 3499 Abbas
643 3465 728 3502 hauc
745 3466 908 3512 Regulam
919 3468 1035 3505 Sansto
1049 3468 1118 3506 Q:-

1171 205 1254 239 sario
1274 230 1284 246 ,
1311 205 1369 239 alii
1390 205 1576 241 adscribunt
1597 206 1663 250 ejus
1689 206 1798 250 nepoti
1822 217 1858 239 ac
1881 206 2050 253 Presbyte-

1156 244 1209 300 ito
1233 254 1418 289 Tetradio:
1447 256 1558 290 Ambo
1581 259 1683 291 reste.
1714 258 1793 291 Eam
1816 257 1974 292 enimille
1986 273 2049 295 cre-

1170 305 1258 340 ditur
1283 305 1362 339 huic
1386 305 1515 339 dictasse
1538 331 1545 338 .
1583 308 1626 340 Et
1648 307 1721 342 sane
1741 307 1894 342 Caesarius
1916 307 2000 342 istud
2024 312 2048 343 i-

1172 357 1261 399 psum
1283 356 1399 398 repetit
1425 356 1458 388 in
1484 356 1776 391 sanctimonialium
1791 357 1938 402 Regula:
1969 361 2048 401 ,Quae
2065 366 2195 415 Cap.·4.

1170 408 1214 439 ad
1234 405 1439 443 Monasterium
1463 412 1591 438 veniunt
1610 429 1619 444 ,
1658 421 1712 441 non
1736 415 1924 450 excipiemtur
1949 433 1959 448 ,
1996 409 2048 452 nist

1170 467 1241 491 ante
1266 458 1302 489 de
1322 462 1402 488 omni
1414 455 1596 497 facultatula
1612 455 1669 497 sua
1691 482 1701 496 ‚
1728 467 1771 491 cui
1794 461 1942 492 voluerint
1961 459 2048 493 cbar-

1170 516 1240 547 tas,
1262 515 1316 539 aut
1341 508 1537 545 donationes,
1564 515 1618 538 aut
1642 512 1826 541 venditiones
1835 509 1973 553 faciant.
2004 510 2047 544 Et

1172 558 1204 589 in
1226 558 1279 590 sua
1302 555 1549 589 monachorum
1587 557 1715 600 Regula
1752 560 1884 592 Sanctus
1910 560 2050 595 Isidorus

1172 606 1446 648 Archiepiscopus
1471 606 1685 648 Hispalentis:
1718 614 1769 649 qui
1786 609 2049 650 relit‘losaecuload

1169 658 1309 689 militiam
1333 656 1446 696 Christi
1461 663 1518 696 pia
1540 658 1573 689 (Ὗ
1591 655 1706 699 salubri
1730 658 1898 691 humilitate
1922 671 2049 693 conver·-
2066 649 2147 693 ΕΆΡ·
2166 658 2198 694 4·

1169 717 1294 747 tantur,
1320 713 1419 739 omnia
1438 705 1496 748 sua
1512 712 1643 747 primum
1667 731 1677 745 ,
1705 717 1756 739 aut
1779 709 1984 752 indigentibus
2006 712 2049 742 di·

1170 758 1306 796 vidant,
1331 767 1385 789 aut
1409 756 1582 796 Monasterio
1604 757 1777 798 conferant.
1809 759 1850 792 Et
1870 759 1968 792 infra:
1999 766 2050 803 qui

1169 809 1288 848 aliquid
1297 805 1442 840 babentes
1458 813 1490 838 in
1497 804 1608 849 saeculo
1623 816 1839 841 convertuntur
1854 830 1865 846 ,
1890 821 1948 842 non
1961 813 2051 843 extol-

1168 857 1271 889 lantur
1296 881 1308 896 ,
1327 856 1357 898 fi
1372 859 1410 892 de
1427 856 1494 900 suis
1516 856 1717 898 facultatibus
1738 860 1923 900 quodcunque
1944 863 2053 892 Mona-

1164 907 1251 947 sterio
1271 909 1468 945 contulerint,
1490 906 1550 950 sed
1564 914 1669 950 potius
1693 915 1839 947 timeant,
1865 921 1901 942 ne
1918 917 1971 950 per
1990 909 2053 944 haec

1169 963 1202 990 in
1217 956 1389 1000 superbiam
1410 957 1572 996 labantur,
1600 960 1634 992 ό·
1653 968 1780 1000 pereant
1792 984 1802 1000 ‚
1830 959 1936 1001 quibus
1948 962 2052 993 melius·

1169 1008 1235 1051 effer
1248 1033 1258 1048 ,
1277 1007 1308 1049 fi
1325 1009 1448 1041 divitiis
1465 1019 1529 1040 cum
1555 1008 1722 1042 bumilitate
1743 1016 1775 1042 in
1793 1008 1901 1052 saeculo
1918 1010 2053 1052 perfrue-

1170 1068 1296 1098 rentur,
1322 1070 1414 1102 quam
1434 1068 1467 1090 ut
1483 1067 1631 1100 pauperes
1651 1060 1745 1099 effer‘li
1771 1063 1807 1093 de
1828 1072 1932 1094 earum
1956 1059 2056 1100 distri-

1172 1109 1307 1147 butione,
1332 1110 1458 1142 elatione
1475 1107 1624 1151 superbiae
1635 1110 1839 1143 extollantur.
1868 1111 1972 1149 Haec,
2001 1110 2050 1144 uti

1171 1160 1205 1192 δε
1230 1159 1320 1201 plura
1343 1161 1402 1193 suae
1425 1159 1559 1204 Regula}
1589 1159 1653 1194 alia
1677 1162 1809 1195 Sanetus
1838 1161 1976 1195 Isidorus
2004 1161 2051 1195 est

1173 1218 1339 1242 mutuatus
1361 1221 1402 1242 ex
1421 1209 1549 1253 Regula
1570 1209 1678 1244 Sancti
1703 1212 1883 1255 Augustini
1899 1237 1906 1244 .
1939 1213 2050 1249 Etiam

1174 1261 1206 1292 in
1227 1259 1280 1291 sua
1305 1259 1433 1302 Regula
1455 1260 1590 1293 Santstus
1615 1260 1807 1294 Beneditstus
1819 1262 1948 1295 statuit:
1978 1264 2050 1294 Pro-

1165 1308 1295 1350 sessurus
1316 1319 1385 1348 res,
1405 1308 1435 1348 fi
1452 1320 1528 1349 quas
1554 1308 1664 1346 babet,
1689 1317 1741 1341 aut
1760 1319 1856 1352 eroget
1876 1317 1964 1351 prius
1971 1319 2047 1351 pau-

1169 1358 1290 1399 peribus
1313 1381 1324 1397 ‚
1360 1366 1414 1390 aut
1425 1356 1517 1398 fac‘Ia
1534 1356 1704 1400 solemniter
1725 1360 1894 1392 Donatione
1913 1360 2047 1401 conferat
2067 1360 2147 1405 Cap.
2171 1358 2226 1407 58.

1174 1406 1344 1447 Monasterto
1367 1406 1504 1449 nibilfibi
1517 1407 1676 1449 reservans
1688 1420 1726 1440 ex
1739 1409 1872 1441 omnibus
1885 1435 1892 1442 .
1923 1411 1964 1443 Et
1982 1412 2014 1444 N
2017 1422 2050 1443 o·

1175 1457 1294 1491 bilibus
1308 1482 1318 1498 ‚
1345 1457 1431 1492 filios
1450 1459 1522 1492 suos
1543 1458 1746 1492 Monasterio
1757 1460 1956 1494 tradentibus
1970 1460 2050 1494 serio

1176 1508 1332 1548 mandat,
1359 1519 1400 1541 ne
1419 1508 1484 1541 illis
1507 1519 1650 1551 unquam
1673 1508 1797 1553 aliquid
1819 1511 1968 1551 donent,
1996 1522 2048 1545 at-

1177 1570 1240 1602 que
1264 1556 1443 1592 itafaciant
1455 1557 1712 1602 proprietarios,
1739 1561 1772 1593 ὅς
1797 1560 1970 1605 adjungit:
1999 1563 2054 1595 Vel
2071 1565 2150 1611 Cap,
2174 1577 2228 1613 59,

1173 1618 1248 1641 certe
1265 1607 1294 1650 fi
1312 1607 1363 1641 boc
1380 1607 1483 1651 facere
1506 1609 1652 1642 noluerint
1664 1633 1673 1648 ,
1701 1611 1735 1643 (9·
1752 1611 1871 1652 aliquid
1888 1611 1989 1652 offerre
2003 1624 2051 1645 vo-

1174 1661 1241 1692 lunt
1260 1663 1293 1691 in
1315 1657 1517 1701 eleemosinam
1538 1659 1710 1698 Monasterio
1738 1667 1792 1699 pro
1818 1664 1945 1695 mercede
1968 1660 2025 1703 sua
2042 1686 2052 1700 ,

1169 1710 1289 1752 faciant
1311 1721 1348 1744 ex
1369 1709 1455 1743 rebus
1468 1734 1477 1749 ,
1503 1721 1578 1751 quas
1596 1712 1671 1742 dare
1692 1711 1796 1743 volunt
1813 1713 1984 1752 Monasterio
1999 1717 2055 1745 Do-

1178 1767 1345 1801 nationem,
1371 1758 1521 1802 reservato
1533 1758 1591 1800 fibi
1613 1783 1623 1799 ,
1643 1758 1673 1800 fi
1685 1766 1728 1792 lta
1748 1762 1916 1802 voluerint,
1938 1762 2055 1805 usufru-

1177 1814 1290 1849 ‹fluario
1310 1836 1317 1846 .
1356 1810 1483 1849 Pallam
1506 1811 1662 1855 supponit
1678 1836 1689 1853 ‚
1716 1811 1804 1860 quod
1827 1812 1950 1861 aliquid
1976 1814 2056 1851 dent

1178 1864 1383 1899 Monasterio
1396 1890 1403 1898 .

1225 1916 1477 1950 Sant'iustamen
1497 1913 1697 1950 Pachomius
1722 1916 1785 1950 suis
1798 1916 2007 1951 Monassetiis
2026 1917 2060 1949 fi-

1178 1966 1226 2000 xit
1247 1967 1342 1999 aliam
1355 1967 1514 2000 formam.
1541 1967 1645 2009 Ipsam
1675 1968 1706 1999 in
1736 1969 1878 2001 secundo
1901 1967 2062 2000 Monasti-

1179 2027 1288 2049 carum
1303 2017 1546 2049 institutionum
1561 2016 1644 2050 libro
1664 2018 1802 2058 exponit
1826 2018 1967 2060 Joannes
1987 2017 2066 2050 Cas-

1180 2066 1301 2098 sianus.
1328 2066 1539 2099 Demonstrat
1550 2064 1761 2108 Proprietatis
1783 2066 1898 2100 vitium
1913 2068 1975 2100 else
1997 2068 2063 2110 pes-

1179 2116 1288 2148 simam
1301 2115 1416 2147 nostrae
1430 2115 1644 2148 Profeffionis
1665 2116 1824 2156 scabIem‚
1851 2117 1943 2150 addit
1962 2118 1980 2150 ὲ
2005 2117 2064 2149 Pa-

1179 2164 1364 2198 chomianis
1376 2175 1437 2197 nec
1460 2175 1561 2197 unum
1584 2164 1721 2197 obulum
1747 2166 1810 2198 suis
1832 2167 1988 2207 permixti,
2017 2178 2062 2200 at-

1180 2226 1243 2258 que
1266 2214 1486 2256 prosequitur:
1515 2216 1616 2246 Sciunt
1640 2220 1718 2247 enim
1731 2225 1794 2247 eum
1813 2214 1871 2258 sub
1894 2216 2061 2253 monasterii

1180 2263 1336 2306 disciplina
1345 2264 1521 2296 diuturnum
1533 2264 1586 2306 esse
1598 2276 1654 2296 non
1662 2265 1737 2306 posse
1747 2289 1757 2303 ,
1779 2264 1839 2308 sed
1851 2278 1885 2298 ne
1911 2267 2060 2299 bumilita-

1178 2321 1217 2345 tis
1238 2315 1356 2356 quidem
1377 2323 1430 2346 aut
1451 2314 1623 2347 obedientia-
1647 2314 1900 2357 apprehensurum
1933 2320 1982 2358 effe
1999 2318 2062 2350 vlr-

1179 2374 1272 2397 tutem
1286 2389 1296 2403 ,
1324 2376 1376 2398 nec
1399 2365 1452 2396 illa
1475 2365 1606 2397 Coenobii
1626 2373 1805 2405 paupertate
1831 2378 1866 2398 ac
1886 2367 2063 2406 districtione

1178 2423 1346 2448 contentum
1362 2414 1452 2456 fore,
1472 2413 1502 2454 fi
1517 2419 1549 2447 in
1562 2413 1737 2456 conscientia
1748 2418 1812 2455 ejur
1823 2425 1955 2456 pecuniae
1968 2429 2063 2457 quan-

1179 2466 1388 2506 tulumcunque
1407 2466 1581 2497 latitaverit
1602 2477 1615 2505 ;
1648 2463 1706 2506 sed
1737 2465 1786 2497 ubi
1805 2467 1936 2506 primum
1957 2478 2061 2500 exorta

1172 2516 1269 2556 fuerit
1289 2515 1420 2556 qualibet
1442 2514 1578 2556 occafione
1602 2522 1769 2552 commotio,
1790 2514 1900 2556 fiducia
1917 2517 2002 2557 stipis
2028 2520 2062 2549 il-

1180 2567 1239 2598 lius
1261 2570 1448 2604 animatum,
1476 2567 1612 2597 continuo
1625 2566 1660 2597 de
1672 2565 1845 2602 Monasi'erio
1862 2591 1870 2605 ‚
1902 2567 2061 2608 veluefim-

1180 2617 1221 2647 da
1232 2625 1350 2647 rotante
1361 2638 1370 2653 ‚
1391 2614 1564 2658 fugiturum
1574 2639 1582 2646 .
1611 2618 1656 2646 Et
1668 2616 1775 2647 idcirco
1787 2628 1822 2648 ne
1833 2615 1925 2657 ufit'ms
1940 2620 2059 2658 quidem

1180 2667 1314 2699 Coenobii
1328 2665 1508 2706 profuturas
1525 2662 1673 2706 suscipere
1698 2666 1735 2696 ab
1757 2674 1934 2707 eopecum‘as
1949 2674 2061 2709 acquie-

1177 2715 1282 2757 scunt.
1313 2716 1449 2747 Primum
1471 2726 1507 2746 ne
1523 2714 1702 2755 confidentia
1721 2716 1810 2754 buius
1832 2717 1987 2750 oblationis
2009 2725 2060 2751 in-

1176 2765 1267 2805 flatus
1286 2776 1474 2807 nequaquam
1488 2763 1520 2807 se
1545 2767 1736 2806 Pauperculis
1752 2766 1907 2807 fratribus
1929 2779 2064 2808 coaequa-

1180 2827 1211 2848 re
1233 2817 1373 2859 dignetur
1395 2839 1400 2845 .
1438 2819 1512 2847 Tum
1536 2827 1571 2849 ne
1592 2824 1647 2856 per
1667 2815 1741 2849 banc
1761 2818 1915 2849 elationem
1935 2819 2060 2851 mellate-

1179 2867 1234 2898 nus
1252 2867 1296 2898 ad
1315 2865 1517 2899 bumilitatem
1530 2865 1638 2903 christi
1658 2865 1836 2908 descendens
1847 2878 1911 2899 cum
1921 2867 1974 2909 sub
1985 2872 2058 2900 (Σαε-

1178 2915 1257 2949 nobit
1275 2913 1434 2958 disciplina
1456 2928 1515 2948 non
1542 2921 1673 2957 potuerit
1698 2918 1866 2957 perdurare
1889 2942 1900 2957 ,
1933 2920 2056 2961 egressus

1175 2967 1286 2999 exinde
1307 2978 1342 2998 ea
1354 2990 1364 3005 ‚
1388 2978 1456 3007 quae
1469 2972 1502 2998 in
1515 2971 1660 3007 principio
1672 2970 1911 2999 Renuntiationis
1920 2967 1984 3009 suae
1992 2969 2056 3010 spi·

1178 3017 1261 3049 vitali
1281 3015 1409 3058 fervore
1425 3014 1581 3059 succensus
1601 3017 1744 3050 intulerat
1762 3042 1771 3057 ,
1812 3017 1979 3059 tepefat‘lus
1998 3028 2058 3059 po·

1173 3066 1236 3107 flea
1254 3078 1312 3100 non
1328 3066 1390 3108 fine
1411 3069 1524 3107 injuria
1547 3066 1716 3105 Monaflerii
1735 3092 1745 3108 ,
1779 3066 1924 3111 sacrilego
1943 3065 2058 3111 spiritu

1178 3122 1304 3158 recipere
1327 3128 1416 3159 atque
1438 3122 1554 3159 exigere
1574 3117 1711 3150 moliatur
1730 3143 1737 3150 .
1770 3120 1862 3160 ,Quod
1882 3122 2056 3151 omnimodis

1179 3166 1330 3210 observari
1351 3168 1453 3201 debere
1467 3168 1572 3199 multis
1588 3165 1660 3209 fient
1681 3174 1893 3209 experimentis
1915 3170 2056 3210 frequen-

1179 3228 1224 3251 ter
1242 3218 1356 3251 edocit.
1385 3222 1470 3249 Nam
1483 3225 1538 3257 per
1561 3218 1623 3250 alia
1645 3225 1744 3251 minus
1771 3230 1859 3252 caum
1880 3220 2056 3256 Mon-isleria

1178 3267 1341 3309 simpliciter
1362 3269 1486 3309 quidam
1508 3266 1656 3310 suscepti,
1683 3281 1780 3302 eorum
1792 3281 1856 3311 quae
1870 3271 2054 3309 intulerant,

1179 3329 1302 3360 quaeque
1324 3323 1355 3350 in
1383 3321 1438 3349 Dei
1455 3326 1537 3359 opere
1555 3318 1681 3362 fuerant
1705 3318 1899 3362 dispensata,
1929 3330 1993 3349 cum
2012 3325 2061 3351 in-

1174 3375 1258 3412 genti
1279 3368 1340 3410 post
1361 3367 1548 3410 blasphemia
1575 3369 1804 3403 redhibitionem
1825 3369 1939 3411 pofiere
1959 3376 2059 3401 tenta-

1180 3428 1308 3453 verunt.

1239 3468 1385 3504 Eandem
1413 3469 1613 3505 sanctitatem
1635 3468 1766 3505 scitatus
1786 3468 1847 3502 fuit
1870 3468 2061 3551 veneXzbilis

1982 3530 2013 3551 n.

2078 2231 2158 2275 Cap.
2180 2243 2208 2279 3.
