2366 3736
159 1310 241 1346 Can.
258 1324 311 1364 25.

767 85 783 95 Q

391 89 484 135 352

351 410 406 454 fi‘r
432 420 484 443 aut
508 418 610 443 contra
636 421 726 443 mores
739 409 808 444 binc
833 413 885 446 vel
906 414 978 446 inde
1001 413 1155 447 meliores.
1180 415 1235 445 His

350 467 432 496 enim
457 457 566 501 caufis,
592 460 630 493 id
653 459 709 500 est,
735 471 786 494 aut
794 470 917 503 propter
938 462 1057 505 fidem,
1086 472 1142 497 aut
1164 471 1234 505 pro·

345 518 418 554 pter
440 519 557 547 mores,
585 511 637 547 vel
659 513 814 544 emendari
839 522 953 554 oportet
974 515 1055 557 quod
1073 521 1234 556 perperam

341 559 521 604 fiebat‚vel
546 557 660 599 institui
684 562 766 602 quod
791 573 850 596 non
871 564 986 608 fiebat.
1023 562 1095 607 Ipsa
1119 575 1215 607 quoqu

1217 573 1233 597 e

345 616 473 644 mutatio
493 607 742 652 consuetudinis,
769 617 861 646 etlam
887 626 955 657 quae
980 614 1114 653 adjuvat
1138 615 1230 648 utili—

344 669 410 693 tate
422 684 434 700 ‚
461 665 598 695 novitate
613 661 776 703 perturbat
797 688 805 696 .
844 665 1040 706 ,Quapropter
1059 675 1125 706 quae
1146 665 1229 698 utilia·

343 721 403 743 non
429 709 469 750 est
494 735 505 751 ‚
538 711 766 754 perturbatione
805 712 988 757 infruciuosa
1022 713 1228 757 consequenter

343 765 435 794 noxia
454 760 508 801 eli.
542 761 622 796 Haec
634 761 838 797 saluberrima
860 763 990 808 Regula
1012 763 1153 798 omnino
1169 764 1214 799 ob

342 810 428 844 tinet
451 812 536 845 circa
557 812 648 847 usum
672 811 840 846 sacrarum
865 813 1055 858 Imaginum
1070 828 1081 848 .·
1104 815 1211 857 praeser

340 860 402 895 tim
421 859 455 894 in
482 860 707 905 Regiouibus‚
732 873 801 906 quae
823 861 1028 898 Lutheranos
1057 865 1091 899 ἀ
1117 865 1224 898 Calvi-

340 911 439 946 nistas
461 909 580 944 habent
603 910 770 946 admixtos
805 923 862 947 aut
887 914 1016 949 vicinos
1040 938 1047 946 .
1080 914 1221 958 Ipsarum

338 959 356 995 ὲ
375 961 469 995 sacris
491 959 758 996 Proceffionibus
776 973 890 998 contra
909 964 1048 1007 priorem
1072 965 1217 1000 Consue-

337 1011 487 1045 tudinem
518 1012 711 1056 proscriptio
722 1012 857 1056 simplici
878 1013 973 1048 isthic
987 1014 1120 1058 Populo
1133 1016 1218 1050 scan—

335 1060 471 1100 dalum,
495 1061 564 1095 istis
584 1074 691 1097 autem
715 1063 895 1098 Erronibus
921 1064 1039 1107 praebet
1051 1066 1218 1099 materiam

334 1110 370 1145 ὅτ
394 1112 504 1145 ansam
525 1112 787 1147 calumniarum.
816 1113 857 1148 Et
881 1114 969 1148 certe
991 1115 1081 1158 plura
1094 1115 1217 1149 Divina

334 1159 495 1204 Prcecepta
519 1160 621 1195 hodie
659 1163 766 1198 minus
799 1174 953 1199 curantur
975 1164 992 1199 ὲ
1028 1163 1218 1199 Christiano

333 1209 489 1254 Populo:
511 1211 548 1244 ln
571 1211 640 1254 ejus
663 1212 809 1246 moribus
830 1215 1011 1257 grassantur
1031 1216 1122 1257 plura
1148 1227 1218 1260 gra-

331 1261 423 1295 viora
445 1261 525 1294 vitia
539 1286 546 1293 .
569 1261 790 1299 Permovendi
802 1265 876 1299 sunt
889 1264 1063 1308 Episcopi,
1079 1276 1114 1299 ut
1128 1265 1216 1300 hisce

331 1311 534 1346 eradicandis
560 1322 695 1346 omnem
723 1312 915 1356 impendant
936 1325 1091 1358 operam,
1114 1325 1151 1349 ac
1165 1316 1215 1350 de-

330 1362 437 1397 fiuant
456 1362 543 1396 ciere
568 1363 760 1407 quaestiones
785 1363 827 1398 de
848 1363 942 1399 rebus
965 1363 1188 1410 Adiaphoris.

546 1461 831 1499 CAPUT
896 1462 992 1501 Vll.

351 1563 567 1609 Expediuntur
590 1563 703 1606 aliquot
724 1564 897 1606 quaestiones
933 1565 1012 1598 ca‘rca
1033 1565 1188 1608 praefatat

664 1614 854 1654 Prooeffiones
868 1636 877 1647 .

430 1709 686 1752 Uaestioprima
707 1693 777 1750 est,
799 1709 854 1744 An
867 1713 958 1745 saerae
978 1723 1055 1747 cum
1078 1713 1211 1748 Sanctis-

446 1760 528 1792 simo
560 1759 774 1793 sacramento
802 1759 1027 1795 Proceffiones
1062 1761 1212 1804 expediat

323 1811 388 1847 effe
405 1820 511 1849 raras,
537 1820 579 1843 an
602 1809 815 1850 frequentes?
836 1809 1036 1853 Respondeo
1059 1809 1143 1845 hanc
1155 1812 1211 1844 eti·

324 1870 379 1896 am
403 1861 557 1905 pietatem
580 1869 634 1902 per
654 1859 728 1893 ioca
757 1869 913 1895 tertarum
935 1861 968 1894 ἀ
983 1860 1152 1903 Regiones
1163 1871 1211 1894 va-

325 1910 402 1944 riari
426 1934 437 1950 ‚
458 1909 601 1953 ideoque
629 1909 663 1942 in
685 1909 789 1952 ipsam
821 1921 1003 1956 congruere
1025 1911 1189 1955 Regulam
1203 1935 1213 1950 ‚

326 1970 427 2004 quam
449 1959 490 1995 ad
515 1958 680 2004 praefatum
704 1959 894 2003 Ianuarium
927 1963 1012 1995 circa
1046 1970 1151 1995 raram
1181 1962 1212 1995 ἀ

326 2012 533 2057 frequentem
560 2008 774 2044 Eucharistiae
797 2009 1015 2046 oblationem
1052 2011 1088 2046 ἀ
1112 2021 1213 2053 perce·

327 2061 479 2104 ptionem
501 2059 621 2102 icripfit
645 2058 796 2093 laudatus
818 2059 1046 2105 Augustinus:
1067 2062 1127 2095 Alit
1149 2072 1212 2104 quo-

326 2112 404 2147 tidie*
429 2115 645 2148 communicant
670 2112 795 2151 Corpori
821 2112 856 2146 6*
883 2112 1028 2155 sanguini
1051 2114 1215 2151 Dominico,

329 2162 383 2194 alii
411 2165 501 2195 certis
528 2159 632 2194 diebus
657 2165 828 2200 accipiunt.
859 2161 938 2194 Alibi
965 2161 1064 2194 nullus
1091 2163 1211 2195 diesin·

328 2216 532 2250 remittitur,
558 2220 616 2252 quo
627 2219 685 2242 non
696 2209 858 2251 offeratur,
885 2210 959 2244 alibi
979 2209 1129 2253 sabbatho
1148 2219 1214 2244 tan-

328 2260 394 2295 tum
421 2261 455 2293 (ν
480 2258 621 2293 dominico
634 2283 644 2298 ‚
670 2259 743 2293 alibi
769 2261 889 2295 tantum
916 2264 1080 2294 Dominico.
1110 2264 1215 2296 Totum

329 2308 381 2344 boc
397 2319 494 2352 genus
521 2318 619 2341 rerum
638 2308 753 2342 liberas
779 2309 871 2344 babet
883 2310 1120 2353 observationes.
1150 2315 1217 2344 Nec

334 2356 503 2400 Disciplina
529 2357 591 2392 ulla
616 2357 655 2399 est
681 2362 713 2390 tn
741 2357 792 2391 bis
819 2361 918 2392 melior
939 2366 1036 2405 gravi
1058 2362 1213 2402 prudenti·

331 2419 386 2451 que
412 2406 604 2447 Christicino,
631 2403 723 2450 q'uam
749 2417 782 2441 ut
793 2418 824 2441 eo
836 2410 919 2441 modo
945 2418 1037 2453 agat,
1065 2420 1121 2450 quo
1131 2421 1216 2451 agere

330 2459 447 2492 viderit
458 2455 618 2500 Ecclefiam
643 2457 687 2489 ad
710 2467 801 2499 quam
819 2457 904 2499 forte²
929 2460 1107 2492 devenerit.
1127 2460 1218 2501 ‚Quod

331 2511 412 2542 enim
439 2518 533 2551 neque
557 2514 658 2542 contra
680 2504 771 2549 fidem
798 2517 890 2551 neque
913 2516 1018 2540 contra
1044 2508 1130 2542 bonos
1157 2519 1216 2540 mo·

330 2565 382 2593 res
401 2559 594 2600 injungitur,
621 2555 827 2599 indiffbrenter
849 2556 887 2596 est
910 2556 1217 2599 habendum‚&pro

332 2617 430 2643 eorum
456 2612 535 2641 inter
560 2617 631 2651 quos
657 2611 778 2640 vivitur
801 2630 812 2646 ,
836 2605 976 2651 societate
1007 2606 1213 2654 ftrvandum.

332 2656 501 2700 Praecipua
522 2655 555 2690 ἃ
577 2656 706 2703 gravior
728 2656 860 2701 quaestio
876 2667 944 2692 erat
964 2657 1005 2691 de
1022 2657 1215 2699 quotidiana

330 2704 592 2742 communione.
620 2704 665 2740 Et
686 2714 821 2750 utraque
844 2718 915 2750 pars
946 2706 1142 2744 fulciebatur
1171 2719 1216 2741 ra·

332 2755 502 2792 tionibus.
523 2753 618 2791 Hinc
643 2754 850 2798 Augustinus
872 2757 1029 2800 rescripsit
1049 2770 1056 2793 :
1095 2757 1215 2793 Remus

331 2804 465 2852 fortasse
491 2809 568 2839 inter
596 2815 643 2840 eos
669 2802 819 2846 quispiam
830 2807 946 2842 dirimit
966 2809 1069 2850 litem,
1091 2813 1145 2850 qui
1158 2819 1215 2841 mo-

335 2864 387 2892 net
406 2867 438 2893 ut
457 2855 609 2899 praecipue
631 2860 665 2889 in
687 2853 797 2897 Cb‘rtsti
815 2863 892 2896 pace
911 2865 1127 2899 permaneant.
1156 2861 1215 2893 Fa-

335 2912 398 2942 ciat
419 2914 518 2940 autem
537 2902 732 2947 unusquisque
755 2906 834 2946 quod
848 2903 1019 2947 secundum·
1028 2906 1121 2952 fidem
1130 2906 1215 2948 fuam

331 2957 386 2999 pi?
411 2957 503 2991 credit
529 2956 581 2997 effe
600 2953 798 3000 faciendum.
825 2958 941 2990 Neuter
962 2962 1041 2991 em‘m
1062 2963 1216 2991 eorumin·

335 3005 461 3043 honorat
480 3009 596 3046 Corpus
622 3006 656 3039 eii·
683 3007 863 3052 sanguinem
874 3008 1015 3049 Domini,
1037 3006 1067 3048 fi
1079 3005 1216 3050 saluber-

335 3060 445 3090 rimum
469 3057 690 3090 Sacramentum
711 3060 848 3088 certatim
868 3055 1012 3089 bonorare
1021 3058 1214 3091 contendunt.

330 3107 446 3149 'Neque
466 3110 545 3139 enim
555 3106 750 3147 litigaverunt
770 3110 847 3139 inter
861 3103 895 3147 se
909 3130 919 3145 ,
931 3115 984 3140 aut
1010 3106 1164 3149 quisquam
1176 3118 1217 3140 eo-

336 3162 405 3191 rum
426 3154 460 3201 se
486 3155 572 3188 alteri
595 3153 771 3196 praeposuit,
796 3154 948 3190 Zacbaeus
973 3157 1007 3191 ό·
1033 3157 1080 3191 ille
1107 3163 1214 3191 Centu-

335 3211 405 3245 rio,
430 3215 493 3240 cum
518 3205 595 3239 alter
620 3215 716 3238 eorum
739 3207 874 3249 gaudens
900 3211 933 3239 in
966 3206 1082 3240 domum
1107 3204 1216 3248 suam,

335 3253 491 3298 susceperit
519 3257 678 3290 Dominum
693 3278 703 3293 ,
729 3257 804 3291 alter
816 3256 952 3290 dixerit.-
979 3255 1060 3291 Non
1089 3257 1156 3290 sum
1170 3256 1217 3290 di·

338 3316 445 3349 gnus,
471 3314 507 3341 ut
533 3304 631 3340 intres
657 3303 715 3338 sub
740 3307 859 3341 tedlum
889 3316 1016 3341 meum.
1045 3305 1131 3341 Ambo
1154 3309 1235 3353 Sal-¹

338 3364 475 3396 uiatorem
499 3353 743 3397 honorificantes,
771 3354 888 3398 diversit
914 3358 949 3390 t&
973 3354 1056 3398 quafi
1075 3364 1220 3389 contrario

337 3405 423 3442 modo
442 3429 450 3440 .
476 3405 570 3457 idem
593 3402 672 3453 ergo
696 3415 755 3452 per
778 3406 890 3443 omnia
916 3406 1055 3444 dixerim
1091 3405 1132 3443 de
1158 3407 1221 3444 fre·

1225 1351 1236 1772 l

952 79 1585 126 Dissenrarro

357 162 394 195 in
416 159 482 196 alia
505 156 652 201 Epistola
672 158 713 195 ad
735 158 875 195 eundem
897 160 1111 205 Januarium:
1134 161 1239 194 Deillo

360 217 450 245 tertio
474 207 766 245 Ecclefiasticarum
799 211 1087 246 Consuetudinum
1106 223 1237 257 genere,

357 264 441 306 quod
461 267 518 302 per
543 259 605 294 loca
632 259 828 303 Regionesque
854 261 1135 307 variatur‚„faciat
1158 261 1239 306 quis-

355 323 413 355 que
432 309 512 354 quod
533 313 565 343 in
590 320 625 342 ea
651 309 779 354 Ecclefia
800 335 812 353 ‚
836 317 868 344 in
891 322 983 354 quam
1009 318 1095 347 venit
1113 335 1124 352 ‚
1152 319 1238 347 inve-

353 368 454 397 nerit,
483 362 554 391 Non
578 365 656 392 enim
679 362 846 402 quidquam
868 373 969 395 eorum
992 371 1097 395 contra
1123 365 1237 398 Fidem

1298 159 1475 201 quentibus
1499 161 1533 194 ἀ
1556 161 1633 197 raris
1666 162 1852 199 sacrosancti
1891 164 2078 202 sacamenti
2110 166 2173 203 eir·

1297 211 1628 256 cumgeflationibus.
2163 246 2166 247 γ

1347 260 1390 295 Et
1408 262 1540 307 quidem
1563 261 1584 296 ss
1604 272 1718 296 omnes
1745 262 1921 298 Christiani
1943 268 2041 301 errent
2069 265 2101 299 in
2114 265 2173 300 tali

1297 309 1397 353 statu,
1419 323 1456 347 ut
1480 311 1592 346 nullus
1613 312 1653 346 ad
1677 313 1809 355 flentes,
1826 315 2012 356 audientes,
2033 325 2088 350 aut
2100 316 2175 349 sub-

1297 359 1410 397 stratos
1432 372 1606 396 mereretur
1625 363 1799 407 proscribi,
1820 364 1872 398 sed
1883 375 1999 400 omnes
2021 366 2173 411 dignies·

1296 411 1364 445 sent
1387 413 1614 455 perfectionis,
1640 425 1698 448 aut
1724 415 1836 448 saltem
1864 414 2172 459 Confistentiaegra-

1293 460 1354 502 du,
1379 462 1545 497 suaderem
1570 463 1707 497 sublime
1729 464 1811 498 istud
1836 464 2033 506 Mystetinm
2065 465 2173 508 quoti-

1291 510 1344 545 die
1363 515 1512 556 exponi,
1534 513 1568 547 ὅ(
1588 512 1806 548 circumferri.
1832 515 1873 547 Ei
1906 525 2050 558 namque
2076 514 2171 548 debe·

1292 571 1344 594 tur
1365 562 1475 597 omnis
1498 563 1606 597 honor
1627 564 1659 597 ἀ
1681 564 1803 607 gloria.
1832 563 1875 598 Et
1901 575 1982 599 tunc
2006 563 2173 607 quotidia-

1292 623 1367 644 nam
1386 612 1405 646 ὲ
1429 612 1526 648 nobis
1546 614 1703 656 acciperet
1717 615 1945 648 reverentiam.
1971 614 2095 649 Verum
2108 624 2170 648 nos

1290 662 1399 697 sumus
1417 661 1451 696 in
1475 662 1557 698 statu
1577 665 1643 698 alio
1668 687 1677 695 .
1715 663 1854 698 Ecclesia
1887 665 2035 699 militans
2074 675 2166 698 num·

1287 722 1384 752 quam
1407 713 1470 747 fuit
1491 713 1555 746 sine
1576 714 1702 748 macula
1725 723 1780 747 aut
1803 723 1879 757 ruga
1909 726 1916 746 :
1956 713 1997 747 Et
2023 725 2081 748 nos
2112 714 2168 748 de-

1289 762 1391 796 voluti
1413 763 1565 797 sumusin
1580 763 1754 806 periculosa
1778 763 2024 801 novistimorum
2036 764 2164 803 dierum

1288 820 1457 855 tempora,
1480 814 1513 846 in
1539 813 1656 857 quibus
1679 813 1822 849 abundat
1844 814 2001 857 iniquitas
2024 838 2035 855 ,
2068 816 2101 849 ὅ(
2120 826 2166 847 re-

1286 861 1427 906 frigescit
1446 860 1587 897 charitas
1609 862 1787 898 multorum
1800 889 1807 897 .
1833 864 1927 897 Hinc
1950 864 2081 907 penitus
2096 876 2166 908 pro-

1286 909 1328 945 bo
1350 913 1509 956 synodale
1537 915 1713 948 Decretum
1733 912 1872 949 Domini
1897 913 2041 947 Antonii
2054 914 2163 949 Gran-

1285 961 1404 997 vellani
1418 988 1429 1005 ,
1452 962 1635 1009 Presbyteri
1660 963 1847 998 Cardinalis
1869 962 1910 997 ad
1931 965 1961 998 S.
1991 962 2166 998 Bartholo-

1283 1023 1396 1046 maeum
1419 1014 1454 1047 in
1474 1013 1603 1054 Insula,
1625 1014 1658 1048 δε
1684 1012 1778 1056 primi
1792 1012 2081 1048 Mechlinienfium
2097 1015 2164 1047 Ar-

1280 1061 1502 1107 chiepiscopi:
1529 1062 1719 1106 sacrosanc‘la
1745 1063 1935 1101 Eucharistia
1955 1066 2008 1106 pie*
2046 1064 2080 1098 Θ
2104 1069 2165 1095 uti-

1277 1112 1346 1146 liter
1370 1114 1415 1145 ad
1433 1112 1543 1155 populi'
1560 1115 1742 1151 devotionem
1779 1116 1933 1147 interdum
1969 1120 2007 1146 in·
2032 1113 2163 1155 publicis

1263 1164 1547 1213 'supplicationibus
1573 1163 1706 1206 defertur
1722 1187 1731 1203 ,
1755 1166 1929 1206 potifflmum
1955 1166 2025 1196 verb
2049 1163 2122 1205 infe
2145 1174 2163 1196 o

1272 1211 1357 1256 sacro
1383 1212 1492 1255 christi
1510 1218 1632 1256 Corpori
1657 1213 1819 1256 consecrato
1836 1238 1847 1254 ,
1883 1211 2002 1254 ejusque
2027 1214 2159 1247 Ollaria.

1277 1265 1337 1296 Sed
1360 1275 1396 1296 ne
1422 1269 1517 1297 nimia
1533 1263 1713 1305 frequentta
1724 1269 1841 1297 minuat
1867 1267 2088 1302 reverentiam,
2112 1274 2164 1296 ra-

1277 1315 1340 1347 rius
1360 1324 1447 1347 extra
1470 1313 1622 1355 praedic‘la
1647 1322 1781 1355 tempora
1807 1314 1840 1347 id
1861 1313 1946 1355 fiat,
1973 1314 2007 1346 (⁶5
2033 1323 2090 1345 non
2109 1309 2168 1352 mfi

1276 1368 1310 1396 in
1335 1366 1443 1397 arduis
1463 1363 1553 1404 caufis
1575 1369 1682 1406 pacis,
1709 1364 1878 1404 &publicae
1899 1363 2090 1404 nesciamus,
2111 1363 2165 1398 vel

1276 1415 1438 1448 utilitatis.
1466 1418 1503 1448 In
1526 1414 1590 1448 illis
1616 1424 1718 1448 autem
1741 1414 1959 1454 Proceffionibus
1979 1436 1990 1451 ,
2017 1414 2063 1444 ad
2085 1424 2162 1452 quas

1274 1465 1400 1506 populus
1425 1462 1576 1507 consuevit
1605 1474 1662 1498 non
1690 1472 1754 1496 tam
1782 1466 1907 1503 orandi,
1929 1464 2020 1505 quam
2028 1459 2163 1504 specian-

1277 1515 1309 1546 di
1329 1519 1434 1557 gratia
1459 1514 1599 1552 confluere
1623 1539 1633 1555 ‚
1661 1513 1840 1552 abstineatur
1861 1539 1868 1546 .
1896 1518 1933 1547 In
1963 1513 2160 1546 communibus

1276 1573 1376 1597 autem
1396 1563 1663 1608 supplicationibus
1684 1565 1897 1609 circumgestarr'
1925 1571 2065 1606 poterunt
2086 1564 2161 1596 san-

1275 1611 1387 1647 c‘lorum
1407 1615 1557 1656 Reliquiae
1582 1638 1589 1647 .
1616 1613 1795 1648 Decretum
1820 1614 2020 1656 synodaliter
2042 1612 2160 1647 'confir-

1277 1665 1377 1697 mavit
1398 1675 1436 1697 ac
1459 1664 1632 1698 innovavit
1656 1664 1778 1699 laudati
1817 1659 2070 1705 Archiepiscopi
2090 1662 2163 1707 ‘suc-

1276 1714 1400 1753 ceffor,
1427 1710 1634 1746 Venerabilis
1655 1712 1817 1746 Matthias
1846 1714 1979 1747 Hovius
2000 1736 2008 1744 .
2048 1712 2160 1746 Etiam

1278 1762 1382 1803 probo
1406 1762 1584 1795 Decretum
1622 1762 1765 1806 Domini
1803 1763 1936 1794 Nicolai
1971 1760 2159 1795 cardinalis

1277 1810 1424 1848 Casani,
1450 1811 1509 1851 qui
1535 1809 1719 1843 istiusmodi
1751 1810 1972 1844 Psoceffiones
1999 1808 2159 1852 judicavit

1278 1870 1346 1894 non
1374 1858 1540 1893 faciendas
1567 1857 1601 1891 in
1627 1859 1720 1892 omni
1747 1859 1864 1903 quinta
1890 1858 1988 1892 feria.

1326 1907 1498 1952 Perplacet
1525 1908 1685 1942 sententia
1708 1909 1738 1942 S.
1757 1908 1871 1942 Caroli
1895 1903 2096 1950 Borromaei.,
2117 1908 2161 1942 F.-

1278 1954 1504 1994 minentiffinii
1525 1958 1711 1992 Cardinalis
1732 1958 1896 1992 Gabrielis
1917 1957 2082 1999 Paleotti,
2107 1959 2160 2002 Ju-

1277 2010 1374 2043 annis
1399 2007 1643 2044 Aurelianensis
1664 2008 1816 2052 Episcopi
1839 2032 1850 2048 ‚
1875 2008 1909 2042 &
1929 2007 2080 2043 similium
2100 2007 2160 2043 Pa·

1278 2070 1364 2093 trum
1387 2083 1398 2099 ,
1429 2059 1485 2102 qui
1506 2059 1701 2092 censuerunt
1724 2057 1907 2092 istiusmodi
1941 2058 2158 2101 proceffiones

1276 2107 1485 2143 celebrandas
1506 2107 1648 2142 semelin
1671 2107 1766 2142 omni
1787 2109 1915 2143 mense·
1937 2108 2039 2155 Qod
2053 2108 2158 2151 ipsum

1278 2160 1387 2194 censet
1409 2160 1444 2194 &
1471 2161 1502 2191 in
1525 2157 1689 2192 Vaticana
1713 2157 1847 2192 Basilica
1866 2157 2013 2192 observat
2037 2158 2159 2192 Roma-

1279 2222 1321 2243 na
1344 2208 1503 2244 Ecclesia.
1526 2207 1675 2242 Eandem
1689 2209 1843 2250 pietatem
1864 2207 1928 2251 jam
1950 2209 2074 2251 pridem
2088 2219 2159 2253 pro·

1279 2259 1370 2294 bavit
1393 2260 1427 2292 in
1449 2268 1589 2301 quatuor
1609 2258 1791 2294 Ordinibus
1803 2259 1951 2294 Fratrum
1964 2257 2160 2292 Mendican-

1278 2310 1384 2348 tium,
1409 2307 1610 2342 confirmans
1637 2306 1901 2342 Constitutiones
1922 2332 1933 2349 ‚
1971 2319 2041 2348 quae
2063 2320 2160 2341 men·-

1279 2360 1397 2395 struam
1419 2357 1599 2391 istiusmodi
1623 2358 1856 2401 processionem
1879 2357 2090 2400 praecipiunt.
2114 2356 2157 2390 Ec

1279 2410 1343 2451 ipsa
1364 2408 1552 2442 observatur
1572 2417 1626 2449 per
1646 2418 1779 2442 omnem
1794 2406 1852 2440 sub
1877 2406 1964 2441 coelo
1977 2405 2156 2440 Ecclesiam

1278 2468 1352 2492 cum
1374 2459 1503 2491 summo
1524 2457 1628 2490 frusto
1652 2481 1660 2490 .
1692 2455 1750 2490 Ab
1772 2454 1834 2490 hac
1866 2455 2086 2499 probatiffima
2117 2466 2157 2501 ae

1279 2506 1547 2542 universalissitna
1568 2505 1698 2549 Regula
1722 2507 1756 2540 δε
1779 2506 1869 2549 praxi
1895 2505 2156 2550 nullatenusest

1278 2557 1497 2591 recedendum
1511 2580 1519 2589 .
1548 2555 1590 2588 Et
1613 2555 1687 2597 ipfis
1708 2567 1779 2589 non
1804 2554 1910 2589 obstat
1923 2555 2159 2590 AntoniiCau

1278 2606 1397 2640 dinalis
1413 2603 1629 2640 Granvellani
1656 2605 1850 2639 Decretum.
1880 2605 1993 2639 Sancit
2014 2610 2103 2638 enim
2114 2605 2156 2639 de

1280 2655 1499 2691 Generalibus
1521 2655 1623 2687 totius
1646 2654 1735 2689 Cleri
1755 2655 1789 2689 &
1812 2654 1931 2698 Populi
1948 2654 2156 2698 processioni-

1281 2708 1358 2741 bus.
1381 2706 1424 2739 Et
1447 2703 1589 2738 omnino
1613 2715 1724 2739 verum
1744 2705 1789 2739 est
1811 2703 1900 2749 quod
1922 2703 1980 2738 has
1992 2705 2060 2739 fieri
2086 2716 2156 2739 non

1278 2755 1453 2800 expediat,
1476 2754 1532 2789 nifi
1544 2765 1586 2789 ex
1598 2756 1693 2789 causa
1714 2754 1863 2795 publica.
1893 2755 2071 2789 Decretum
2085 2766 2157 2797 prz-

1280 2807 1386 2843 sertim
1409 2805 1477 2849 agit
1497 2803 1646 2838 adversus
1666 2804 1872 2849 Belgiearum
1896 2803 2154 2839 Dedicationum

1280 2855 1516 2900 proceffiones,
1537 2865 1616 2897 quas
1637 2867 1677 2888 ex
1695 2855 1791 2891 variis
1809 2854 1992 2890 rationibus
2015 2865 2082 2888 non
2101 2864 2156 2886 ex-

1280 2906 1370 2950 pedit
1393 2905 1541 2939 comitari
1563 2905 1580 2937 a
1600 2904 2037 2939 SanffiffimoSacramemo.
2061 2902 2156 2938 Hinc

1279 2958 1402 2993 sanstus
1413 2953 1550 2988 Carolus
1561 2954 1764 2990 Borromaeus
1782 2955 1881 2993 etiam
1903 2954 2066 2999 generales
2078 2965 2158 2989 cum.

1278 3007 1330 3043 SS.
1351 3006 1511 3039 comitatu
1529 3003 1751 3039 Proceffiones
1772 3004 1839 3038 fieri
1858 3005 1964 3039 sanxit
1987 3004 2085 3037 semel
2119 3004 2155 3036 in

1278 3057 1405 3091 mense.
1431 3053 1608 3089 Praesertim
1623 3055 1655 3087 in
1670 3054 1806 3098 publicis
1822 3054 2036 3098 quadraginta
2062 3052 2157 3099 hora·

1278 3118 1348 3140 rum
1371 3106 1454 3140 intra
1475 3103 1706 3139 Cathedralem
1729 3104 1895 3145 Basilicam
1919 3101 2153 3137 Orationibus.

1277 3157 1388 3202 Qam
1414 3156 1567 3197 pietatem
1587 3165 1736 3188 exercent
1755 3154 1851 3188 etiam
1863 3153 2008 3196 quaedam
2033 3152 2156 3186 Cathe-

1277 3207 1381 3240 drales
1402 3205 1594 3248 Belgarum.
1618 3205 1720 3251 Qod
1743 3202 1859 3245 nempe
1894 3203 2023 3246 publica
2046 3201 2153 3247 Belgii

1280 3256 1446 3293 neceffitas
1468 3254 1486 3287 a
1505 3254 1611 3288 multo
1629 3264 1774 3300 tempore
1793 3254 1828 3287 fit
1847 3254 2005 3287 continua
2024 3277 2035 3294 ‚
2064 3253 2155 3287 ideo-

1279 3317 1344 3348 que
1366 3304 1537 3339 continuis
1557 3303 1598 3338 ad
1620 3304 1776 3338 Divinam
1799 3303 2018 3337 Clementiam
2030 3301 2154 3344 Suppli·

1281 3354 1466 3390 cationibus
1489 3352 1689 3397 mitiganda,
1710 3365 1746 3386 ac
1769 3353 1902 3387 tandem
1922 3351 2154 3394 aliquandodi-

1281 3403 1434 3443 vertenda
1447 3428 1455 3438 .
1481 3402 1562 3439 Haec
1571 3402 1615 3438 est
1636 3402 1853 3448 antiquiffima
1866 3403 2013 3440 Ecclefiae
2038 3403 2153 3487 ἐὶίτὲτα.

2080 3464 2090 3485 t
