2366 3736
179 1375 258 1420 Cap.
274 1384 328 1421 25.

177 2262 288 2307 Cap.5
308 2269 334 2295 1.

412 99 478 147 98

368 632 424 666 riis
437 634 513 668 sunt
531 636 657 669 mature
667 635 896 671 consideranda
905 661 913 669 .

970 97 1611 143 Drssnttrnrro

381 183 525 230 Reclusiis
532 186 703 228 paedixit,
728 182 809 225 quod
817 192 917 216 omnes
940 181 1030 226 huJus
1042 185 1116 218 mali
1140 187 1265 216 incento-

382 247 431 270 res
444 245 517 271 ante
525 234 715 281 septennium
727 242 906 267 morerentur
916 258 924 267 .
951 234 997 269 Et
1009 234 1092 268 infra
1104 249 1116 271 .·
1142 237 1264 271 Theodo-

378 292 461 321 ricus
473 285 640 327 Meteuſsum
651 282 814 326 Episcopus
839 284 929 325 obiit,
957 286 992 319 6·
1008 283 1169 328 secundum
1194 291 1263 322 Pro·

377 335 513 378 phetiam
524 341 584 368 viri
599 338 656 368 Dei
667 339 724 367 vix
735 335 845 378 aliquis
859 338 1031 377 Principum
1042 360 1053 376 ‚
1079 342 1131 380 qui
1152 342 1184 370 in
1205 343 1264 371 Ca-

383 385 493 420 labrico
504 385 577 417 bello
587 382 704 426 cataste,
729 385 781 419 diu
797 384 990 429 supervixit.
1018 386 1169 421 Scelerati
1198 388 1262 423 bel-

376 435 482 469 lorum
495 434 700 474 incentores,
727 434 841 479 utpote
852 436 972 470 divinae
985 436 1135 470 vindieiae
1158 440 1260 474 carni-

374 485 474 524 fices,
499 484 574 517 sunt
605 485 695 530 virga
718 484 835 520 Assur:
863 487 970 529 ipsam
989 487 1121 530 expleto
1146 488 1259 523 officio

370 532 486 567 eadem
501 535 669 568 tremenda
681 535 807 580 Justitia
819 536 951 579 projicit
962 560 974 576 ,
1000 538 1125 571 utinam
1139 550 1206 572 non
1221 540 1254 572 in

372 583 584 627 sempiternas
603 582 788 630 gehennas.
816 586 898 621 Haec
911 586 930 621 ὸ,
942 586 1075 633 Regum
1096 588 1256 624 Confiiia·

1325 183 1438 220 dierna
1457 185 1543 219 inter
1563 184 1648 228 ipsos
1671 181 1756 219 bella
1781 184 1855 222 sunt
1888 185 2038 222 deflenda
2069 188 2200 234 sangui-

1324 237 1394 273 neis
1417 234 1589 280 lacrymis.

1373 286 1500 333 Divina
1527 284 1677 325 bonitas,
1705 283 1752 318 uti
1777 283 1899 319 nullius
1921 286 2000 321 mali
2024 287 2129 331 potest
2153 289 2200 323 es-

1322 337 1353 371 se
1372 337 1484 371 auctor
1509 361 1520 376 ,
1562 337 1607 369 ita
1642 333 1795 370 omnibus
1829 334 1922 369 malis
1955 336 2036 372 bene
2059 339 2160 373 utitur
2184 365 2194 373 .

1319 387 1444 422 Maluit
1467 386 1508 419 de
1535 386 1631 420 malis
1650 385 1857 425 benefacere,
1897 383 1992 428 quam
2017 390 2107 423 nulla
2130 401 2198 423 ma-

1319 437 1349 472 la
1371 438 1575 481 permittere.
1605 436 1746 470 Nullum
1770 435 1929 479 permittit
1946 457 1958 472 ,
1984 436 2040 470 nifi
2063 439 2104 472 ad
2129 450 2196 473 tna.

1316 487 1368 531 jus
1389 487 1534 522 bonurn.
1563 483 1656 519 Hinc
1676 486 1776 519 etiam
1799 496 1839 519 ex
1864 485 1977 524 bellis,
2005 486 2080 521 licet
2103 490 2196 523 sceie-

1317 538 1503 577 ratiffimis,
1528 534 1629 570 trahit
1654 534 1750 569 nobis
1772 535 1946 569 utilitates.
1976 534 2120 571 Primam
2133 540 2196 572 uti-

1318 587 1444 621 litatem
1470 587 1608 630 exponit
1634 586 1666 617 in
1692 584 1777 619 libro
1804 586 1845 620 de
1868 586 1990 619 Anima
2014 586 2196 622 Tertullia-

1318 649 1397 671 nus:
1417 640 1501 683 Jam
1525 646 1575 670 nec
1586 633 1691 678 insulae
1712 633 1852 676 horrent,
1878 634 2046 680 necscopuli
2069 646 2192 679 terrent,

417 683 582 718 Omnium
596 684 820 721 nefandiffima
834 687 907 719 sunt
921 685 1004 721 bella
1017 687 1126 721 civilia
1137 713 1148 729 ,
1175 700 1251 723 cum
1312 688 1415 730 ubique
1432 683 1535 719 doinus
1545 710 1556 726 ,
1584 687 1691 727 ubique
1697 686 1825 727 populus
1836 710 1847 726 ‚
1874 685 1984 729 ubique
2001 685 2192 730 Respublica,

366 731 586 768 detestatione
608 736 640 769 ἀ
653 736 804 780 lacrymis
815 748 869 779 per
882 738 967 779 ipsos
979 738 1076 771 etiam
1101 737 1252 784 Paganos
1311 738 1414 780 ubique
1441 742 1528 770 vita.
1557 738 1707 769 Summum
1733 735 1926 774 testimonium
1938 736 2122 778 frequentia
2141 737 2192 772 hu-

364 781 521 823 damnata
536 809 543 818 .
570 783 606 818 In
622 785 764 820 secundo
787 784 993 820 historiarum
1021 786 1103 821 libro
1126 788 1250 823 Corne·

363 831 427 867 lius
439 834 580 872 Tacitus
591 835 744 871 describit
766 837 971 880 Imperatoris
995 837 1127 872 Vitellii
1138 837 1248 873 adver-

363 882 418 917 sus
432 885 598 919 Ottonem
612 887 716 929 praelia
729 911 741 927 ,
767 886 1019 930 conclusamque
1043 888 1208 923 victoriam
1236 913 1247 930 ‚

189 941 334 993 0²1²-45-
361 933 580 979 &adjungitz
609 940 680 968 Mox
692 936 804 979 remiffa
814 938 960 981 legatione
982 943 1092 979 patuit
1110 939 1247 972 vallum.

361 984 436 1016 Tum
448 985 523 1019 vicii
534 985 714 1030 vidoresque
724 992 757 1019 in
768 988 910 1027 lacrymas
921 987 1018 1030 efficfi,
1041 986 1151 1032 sortem
1174 996 1245 1023 civi-

356 1035 433 1066 lium
444 1046 592 1068 armorum
618 1035 726 1079 misera
750 1038 862 1070 laetitia
880 1038 1060 1078 detestantes
1073 1063 1081 1070 .
1118 1038 1245 1081 Eisdem

358 1090 494 1117 tentoriis
505 1086 558 1118 alii
562 1086 700 1127 fratrum
710 1110 720 1125 ‚
746 1089 799 1120 alii
806 1094 1039 1130 propinquorum
1054 1089 1182 1123 vulnera
1195 1089 1243 1131 fo-

358 1134 472 1166 vebant
486 1159 493 1167 .
523 1138 597 1177 spes
609 1138 642 1169 δ’
649 1144 778 1178 praemia
789 1143 823 1170 in
843 1137 979 1181 ambiguo
988 1151 1002 1178 ,-
1027 1148 1109 1170 certa
1125 1138 1242 1179 funera

356 1183 389 1215 o·
399 1184 495 1217 ludus
508 1208 516 1217 .
543 1184 612 1219 Nec
620 1185 778 1228 quisquam
788 1188 863 1219 adeo
876 1189 947 1218 mali
961 1195 1069 1228 expers
1079 1210 1090 1226 ‚
1116 1193 1239 1228 quinon

354 1234 490 1274 aliquam
508 1244 801 1278 mortemmereret.
843 1235 879 1267 ln
911 1237 1055 1279 sequenti
1080 1237 1165 1271 libro
1187 1238 1238 1271 de-

354 1283 465 1317 scribit
480 1283 593 1318 Galbae
610 1283 762 1320 adversus
775 1284 951 1319 Vitellium
976 1285 1057 1320 bella
1081 1288 1114 1320 δε
1140 1289 1239 1322 vido-

355 1333 434 1367 riam
448 1344 546 1377 atque
563 1335 733 1380 adjungit:
762 1337 809 1369 Εό
836 1335 990 1370 notabilior
1016 1339 1113 1369 caedes
1129 1337 1198 1379 fuit
1227 1363 1237 1379 ,

353 1389 426 1425 quia
436 1382 515 1424 filius
536 1393 655 1426 patrem
668 1385 835 1427 interfecit.
864 1389 940 1418 Rem
961 1392 1159 1429 nominaque,
1186 1399 1235 1422 au·

352 1433 430 1467 Hore
452 1433 592 1475 Vipsania
616 1435 770 1479 Messalla,
798 1438 920 1468 tradam
933 1460 941 1469 .
961 1437 1072 1481 Julius
1094 1436 1234 1481 Mansue-

353 1491 421 1523 tus,
451 1496 488 1517 ex
502 1484 673 1528 Hispania,
702 1489 818 1526 Rapaci
828 1486 936 1529 legioni
960 1487 1111 1527 additus,
1139 1494 1231 1530 impu-

351 1532 446 1567 berem
465 1534 563 1576 filium
585 1536 663 1567 domi
685 1536 834 1577 liquerat.
872 1538 903 1568 Is
924 1547 992 1569 mox
1012 1539 1132 1570 adultus
1154 1543 1233 1572 inter

350 1587 539 1626 septimanos
558 1588 577 1619 a
591 1586 690 1619 Galba
702 1584 900 1628 conscriptus,
927 1586 1058 1619 oblatum
1072 1587 1159 1629 forte*
1177 1597 1230 1630 pa-

351 1644 426 1667 trem
445 1660 455 1676 ,
491 1638 525 1669 ἐν
571 1638 695 1671 vulnere
725 1635 855 1676 stratum
880 1659 891 1676 ‚
912 1637 984 1668 dum
1023 1640 1234 1672 Semianimem

346 1682 519 1727 scrutatur,
544 1693 667 1732 agnitus
687 1685 917 1730 agnoscensque,
944 1687 979 1720 ὁ*
994 1698 1161 1732 exanguem
1170 1701 1231 1722 am·

347 1736 456 1777 plexus
483 1759 494 1775 ,
520 1748 589 1770 voce
607 1737 698 1777 flebili
715 1737 897 1779 precabatur
926 1741 1027 1776 piatos
1047 1745 1150 1779 patris
1173 1751 1232 1770 ma-

350 1796 423 1823 nes,
449 1797 525 1820 neve
535 1784 613 1830 seut
630 1789 819 1829 parricidam
844 1784 1032 1829 aversaretur
1045 1812 1052 1819 .
1080 1788 1233 1822 Publicum

349 1838 384 1871 id
387 1835 512 1876 facinus
522 1861 529 1869 .
558 1841 588 1869 E
591 1847 603 1868 t
614 1850 705 1870 unum
717 1839 843 1870 militem
856 1861 865 1876 ‚
892 1846 1014 1879 quotam
1026 1839 1161 1871 civilium
1184 1851 1232 1871 ar·

350 1897 462 1918 morum
495 1887 644 1928 partem?
662 1887 752 1928 fimul
770 1888 906 1919 attollere
937 1895 1041 1927 corpus
1068 1910 1078 1925 ‚
1114 1894 1234 1930 aperire

350 1935 493 1975 humum,
515 1935 652 1978 supremo
673 1948 743 1980 erga
750 1946 910 1979 parentem
931 1938 1016 1978 officio
1032 1937 1125 1981 fungi
1143 1949 1153 1980 ;
1180 1940 1224 1970 ad

351 1996 468 2020 vertere
486 1993 642 2031 proximi,
664 1988 776 2020 deinde*
794 1988 914 2027 plures.
948 1986 1025 2019 Hinc
1042 1995 1099 2027 per
1120 1998 1233 2019 omnem

351 2043 445 2068 aciem
455 2032 646 2076 miraculum,
672 2036 829 2078 &questus
853 2038 886 2068 Θ·
903 2034 1053 2076 saeviffimi
1076 2036 1145 2068 belli
1169 2047 1235 2068 exe·

351 2092 464 2118 cratio.
492 2090 559 2118 Nec
579 2089 613 2119 eo
630 2085 749 2129 segnius
771 2092 972 2127 propinquos,
994 2085 1134 2127 adfines,
1164 2085 1232 2128 fra-

352 2145 414 2168 tres
426 2138 589 2168 trucidatos
608 2135 759 2178 spoliant.
788 2135 916 2168 Fat‘Jum
928 2135 979 2175 esse
996 2132 1086 2176 scelus
1112 2136 1230 2176 loquun-

352 2194 402 2217 tur
415 2207 425 2223 ,
446 2184 645 2226 faciuntque.
676 2185 784 2217 Etiam
799 2183 882 2216 infra
898 2183 1006 2216 scribit
1018 2184 1058 2216 de
1086 2184 1176 2216 civili
1200 2186 1232 2216 in

353 2234 494 2267 Galbam
509 2234 618 2267 bello:
645 2233 854 2266 Celeberrimos
865 2231 998 2265 auchres
1020 2231 1132 2272 babeo,
1159 2240 1234 2265 tatt-

353 2293 418 2317 tam
432 2284 592 2317 villaribus
605 2285 755 2316 adversus
759 2282 816 2323 fas
843 2281 984 2323 nefasque
1005 2288 1233 2316 irreverentiam

348 2333 439 2377 fuiffe
452 2357 462 2373 ‚
490 2344 522 2367 ut
529 2340 685 2377 gregarius
722 2342 807 2374 eques
823 2356 834 2371 ‚
859 2330 976 2373 occisum
998 2334 1018 2364 ὰ
1039 2331 1071 2374 se
1088 2339 1230 2373 proxima

354 2391 416 2417 acie
431 2382 566 2425 fratrem
577 2382 734 2426 professus,
759 2387 916 2424 praemium
927 2384 945 2413 ἃ
961 2382 1087 2415 Ducibus
1102 2388 1233 2424 petierit.

357 2439 423 2473 Nec
435 2433 496 2465 illis
510 2443 564 2466 aut
583 2427 726 2466 bonorare
759 2444 824 2466 eam
841 2434 954 2476 eaedem
968 2435 1021 2472 jus
1049 2432 1198 2466 hominum
1224 2459 1235 2475 ‚

357 2493 410 2518 aut
423 2481 520 2527 ulcisci
529 2489 611 2516 ratio
629 2484 694 2517 belli
713 2482 908 2525 permittebat
919 2506 926 2514 .
942 2483 1136 2522 'Distulerunt
1159 2493 1234 2516 tam-

357 2546 449 2578 quam
460 2536 575 2574 maJ'ora
587 2539 725 2566 meritum
739 2556 749 2571 ,
774 2533 864 2573 qucim
875 2531 1051 2574 quaestatim
1064 2533 1236 2567 exolveren-

356 2593 406 2618 tur
419 2608 426 2616 .
453 2588 518 2617 Nec
531 2587 694 2626 quidquam
705 2584 786 2615 ultra
797 2583 950 2615 traditur.
978 2581 1121 2617 Bellicus
1132 2585 1233 2624 furor,

359 2647 398 2670 ac
409 2634 476 2677 ejus
488 2636 599 2669 auetor
610 2633 761 2667 diabolus
772 2632 855 2665 adeo
877 2642 1045 2667 excoecant
1071 2632 1233 2667 humanos

358 2686 503 2721 animos.
533 2683 623 2730 Qid
638 2683 744 2716 dicam
767 2683 807 2715 de
829 2682 975 2716 fraternis
995 2682 1110 2716 bellis?
1136 2683 1234 2717 Nihil

359 2736 454 2780 possit
468 2735 532 2769 effe
555 2733 754 2767 sceleratius.
786 2731 916 2767 Etenim
944 2732 1028 2766 inter
1052 2732 1198 2768 facinora
1223 2758 1235 2774 ,

357 2798 429 2830 quae
454 2784 494 2819 ab
517 2783 698 2818 Eusebiana
714 2783 912 2816 Asianorum
935 2781 1077 2816 factione
1089 2783 1233 2818 seductus

356 2836 535 2879 Imperator
555 2833 769 2868 Constantius
791 2832 946 2875 imposuit
980 2844 1106 2877 magno
1129 2832 1231 2868 Atha-

358 2887 468 2926 naiio,
495 2886 691 2929 praecipuum
714 2884 798 2923 fuit,
825 2882 914 2925 quod
942 2882 998 2916 ille
1019 2882 1105 2916 inter
1126 2883 1231 2926 ipsum

357 2935 390 2969 &
411 2936 539 2968 fratrem
561 2934 779 2968 Constantem
803 2933 888 2967 bella
911 2932 1101 2967 concitasset
1126 2958 1133 2964 .
1171 2934 1223 2968 Ita

358 2983 551 3029 arguebatur
581 2985 725 3018 arietasse
758 2993 867 3018 torum
899 2982 1090 3016 Romanum
1128 2984 1233 3026 Impe-

359 3036 463 3069 rium.
493 3034 535 3068 Et
556 3034 641 3067 certe
663 3034 684 3067 fi
704 3045 776 3067 vera
801 3033 908 3066 fuisset
929 3057 940 3073 ,
979 3042 1046 3067 erat
1069 3031 1230 3068 horrenda

359 3085 542 3118 accusatio.
570 3082 747 3117 Christiani
771 3095 823 3126 per
847 3082 1011 3126 Europam
1035 3083 1229 3126 Regescon-

360 3133 502 3167 stituunt
525 3135 671 3166 eamdem
696 3132 946 3175 Rempublicam
971 3157 978 3165 .
1015 3133 1097 3167 Sunt
1129 3144 1230 3175 partes

361 3183 506 3218 Romani
530 3182 682 3225 Imperii,
708 3183 879 3227 fignificati
895 3194 949 3224 per
966 3182 1090 3226 digitos
1113 3183 1229 3226 pedum

360 3235 395 3270 in
433 3234 546 3268 Statua
582 3232 705 3265 ostensa
744 3232 831 3276 Regi
880 3231 1196 3267 Nabuchodonosor
1220 3258 1228 3267 .

360 3283 471 3318 Etiam
501 3281 705 3316 constituunt
736 3282 883 3315 eamdem
926 3283 1120 3323 Ecclesiam,
1145 3294 1230 3317 eam-

359 3334 436 3368 dem
460 3333 524 3367 Dei
546 3332 711 3365 civitatem
727 3356 734 3362 .
763 3333 930 3366 Summum
954 3331 1098 3377 profeffl)
1119 3333 1229 3367 vincu-

360 3385 449 3417 lum.
476 3383 620 3425 Ipsorum
645 3381 772 3422 iusuper
794 3381 926 3423 quidam
953 3394 1006 3426 per
1042 3383 1161 3416 variam
1185 3384 1228 3417 af-

361 3434 521 3469 finitatem
539 3432 614 3468 sunt
637 3430 847 3466 multifariam
868 3432 980 3468 fratres
1000 3458 1008 3467 .
1036 3433 1146 3480 Quare
1167 3432 1227 3470 ho·

1311 800 1411 821 manae
1425 812 1432 820 .
1460 785 1580 828 Onerofi
1595 784 1695 830 sumus
1715 787 1825 818 mundo
1836 809 1846 825 ,
1871 791 1928 818 vix
1946 788 2031 819 nobis
2044 789 2191 822 elementa

1304 837 1455 883 sufficiunt
1482 861 1489 868 .
1529 840 1576 869 Et
1602 837 1774 877 nectfftates
1795 834 1934 868 art‘liores
1956 860 1967 875 ,
2006 838 2040 870 Θ
2061 840 2190 879 querelae

1309 890 1393 931 apud
1414 899 1534 928 omnes,
1561 889 1632 919 dum
1643 888 1714 927 jam
1736 897 1788 918 nos
1814 894 1923 918 natura
1945 897 2003 918 non
2031 884 2154 928 sustinet
2178 913 2188 921 .

1309 940 1430 973 Reverti
1451 941 1514 971 lues
1530 963 1540 978 ,
1565 938 1600 970 ό*
1619 935 1722 978 fames
1734 937 1768 969 (5
1793 935 1870 969 bella
1883 962 1894 978 ‚
1920 937 1954 969 (u
1974 942 2134 982 voragines
2151 944 2190 970 ci-

1306 995 1440 1022 vitatum
1448 996 1505 1030 pro
1525 988 1652 1021 remedio
1678 988 1854 1029 deputanda
1866 1011 1876 1028 ‚
1905 996 2052 1028 tanquam
2064 985 2188 1030 tonsura

1307 1036 1499 1081 insiilescentis
1515 1044 1633 1083 generis
1645 1036 1786 1070 humani.
1815 1037 1992 1071 Horrenda
2015 1037 2147 1072 tonsura
2172 1061 2182 1071 .

1306 1089 1439 1122 Etenim
1452 1087 1634 1131 pestilentia
1649 1085 1846 1132 quandoque
1871 1098 2006 1120 omnem
2028 1098 2115 1121 terrae
2137 1099 2186 1122 or-

1304 1138 1377 1172 bem
1402 1149 1572 1183 pervagata
1583 1138 1627 1172 est
1642 1162 1653 1178 ,
1678 1139 1712 1172 ἀ
1737 1137 1755 1171 ὲ
1775 1137 1889 1170 decem
1915 1137 2111 1171 hominibus
2134 1137 2188 1171 ab·

1303 1188 1391 1223 stulit
1404 1199 1523 1222 novem
1533 1212 1541 1221 .
1570 1188 1613 1223 Et
1627 1199 1694 1221 non
1721 1188 1792 1222 raro
1805 1186 1849 1220 est
1862 1187 1983 1221 fructus
1994 1198 2033 1221 ac
2053 1187 2184 1232 sequela

1303 1239 1402 1272 belli.
1432 1238 1471 1271 Et
1492 1239 1597 1281 ipsum
1610 1237 1732 1272 bellum
1747 1237 1825 1270 facit
1848 1247 1917 1269 non
1945 1237 2090 1271 minores
2109 1237 2183 1270 stra-

1300 1299 1375 1333 ges.
1402 1287 1445 1321 Et
1457 1297 1566 1321 tamen
1581 1288 1910 1329 mundusperseverat
1935 1287 2049 1330 plenus
2077 1285 2186 1319 homi·

1302 1338 1397 1372 nibus
1409 1362 1416 1370 .
1445 1336 1501 1371 Est
1523 1336 1756 1371 admiranda&
1770 1335 1936 1369 adoranda
1963 1336 2097 1368 Divinae
2110 1335 2184 1370 Ma·

1298 1388 1418 1430 jestatis
1441 1386 1665 1430 providentia.
1699 1386 1778 1420 Huc
1802 1384 1938 1418 inlibris
1966 1395 2080 1420 contra
2104 1385 2186 1420 Fau-

1299 1438 1382 1472 stum
1395 1437 1522 1480 respicit
1541 1437 1641 1471 etiam
1661 1437 1786 1469 san-stus
1800 1435 2023 1478 Augustinus:
2050 1435 2181 1476 Bellum,

1298 1490 1376 1531 quod
1379 1488 1542 1531 gerendum
1562 1490 1624 1519 Deo
1644 1485 1763 1518 aullore
1782 1483 1963 1528 sufiipitur,
1988 1484 2065 1518 recle
2073 1482 2183 1528 suscipi
2203 1496 2283 1533 [ΑΒ.
2299 1510 2352 1537 22.

2203 1559 2271 1593 cap.
2297 1561 2351 1598 75.

1298 1538 1436 1571 dubitare
1444 1537 1501 1580 fas
1515 1547 1570 1568 non
1583 1535 1620 1575 est
1632 1561 1642 1576 ,
1667 1537 1719 1569 vel
1726 1537 1770 1568 ad
1780 1535 1936 1568 terendam
1948 1560 1959 1576 ‚
1986 1536 2038 1569 vel
2047 1536 2092 1568 ad
2105 1535 2183 1570 obte-

1298 1590 1424 1621 rendam
1435 1612 1445 1628 ,
1471 1588 1523 1620 vel
1532 1588 1576 1618 ad
1579 1581 1802 1629 subjugandam
1815 1584 1985 1618 mortalium
1992 1583 2179 1628 superbiam,

1298 1639 1416 1681 quando
1427 1648 1477 1670 nec
1488 1637 1563 1669 illud
1571 1636 1689 1679 quidem
1703 1637 1781 1678 quod
1792 1634 1926 1667 humana
1949 1636 2118 1677 cupiditate
2125 1646 2181 1679 ge-

1298 1695 1377 1721 ritur
1390 1712 1400 1727 ,
1429 1699 1486 1719 non
1494 1685 1587 1729 solum
1600 1686 1815 1728 incorruptibili
1830 1688 1891 1718 Deo
1900 1709 1909 1724 ,
1933 1682 1959 1727 s
1954 1686 1992 1717 ed
2001 1695 2051 1718 ncc
2063 1685 2182 1718 Sandis

1298 1741 1364 1778 ejus
1377 1738 1463 1780 obeffe
1481 1738 1602 1778 aliquid
1605 1735 1698 1778 potest
1711 1760 1721 1775 ,
1747 1734 1853 1777 quibus
1867 1735 1967 1776 potius
1983 1736 2028 1767 ad
2048 1745 2184 1768 exercen-

1298 1789 1370 1820 dam
1379 1793 1562 1830 patientiam
1572 1811 1583 1827 ,
1610 1787 1697 1820 &ad
1708 1786 1930 1818 humiliandam
1955 1788 2110 1822 animam,
2131 1784 2184 1825 fe·

1299 1839 1483 1880 rendamque
1491 1845 1655 1878 paternam
1667 1834 1854 1878 disciplinam
1874 1840 1966 1867 etiam
1984 1835 2116 1877 prodeffe
2138 1839 2184 1867 itt-

1301 1894 1440 1922 venitur.
1481 1886 1607 1920 Veritm
1632 1886 1756 1919 Divina
1777 1885 1990 1919 Providentia
2014 1883 2059 1918 est
2080 1884 2182 1928 longe

1300 1937 1516 1972 secretissima.
1546 1935 1638 1969 Hinc
1653 1935 1858 1980 Augustinus
1877 1935 2004 1980 pergit.-
2032 1936 2111 1977 ‚Quis
2135 1933 2183 1966 bo-

1299 1993 1414 2020 minum
1434 1992 1520 2019 novit
1532 2009 1543 2024 ,
1569 1991 1613 2017 cui
1620 1983 1706 2025 prosit
1718 2008 1729 2024 ‚
1755 1995 1808 2017 aut
1821 1983 1888 2027 obsit
1899 1990 1931 2016 in
1938 1993 2013 2027 pace
2036 1993 2157 2027 regnare
2171 2007 2182 2023 ,

1298 2038 1351 2069 vel
1367 2034 1484 2077 servire
1498 2058 1509 2073 ‚
1534 2035 1586 2067 vel
1596 2044 1707 2067 vacare
1719 2058 1730 2074 ,
1757 2035 1810 2066 vel
1819 2040 1914 2076 mori3
1942 2039 1974 2068 in
1987 2033 2059 2069 bello
2082 2042 2183 2066 autem

1299 2087 1353 2119 vel
1356 2083 1521 2128 superare,
1547 2084 1601 2117 vel
1617 2091 1776 2127 pugnare,
1802 2084 1853 2116 vel
1874 2088 2018 2122 vincere,
2046 2083 2099 2117 vel
2112 2088 2183 2115 occi-

1298 2137 1356 2167 di?
1384 2135 1462 2166 Cum
1483 2133 1533 2165 boc
1552 2142 1655 2165 tamen
1676 2133 1780 2172 constet
1793 2157 1803 2172 ‚
1840 2134 1875 2169 <it
1894 2139 1941 2166 cui
1957 2132 2097 2176 prodest,
2124 2143 2183 2164 nott

1299 2183 1355 2222 niJi'
1360 2191 1414 2225 per
1425 2184 1565 2215 divinum
1585 2184 1716 2224 prodeffe
1737 2183 1907 2223 benefirium
1920 2207 1930 2222 ‚
1958 2185 1992 2217 ό·
2015 2188 2058 2217 cui
2083 2182 2182 2224 obest,

1298 2244 1355 2265 non
1380 2230 1434 2272 nisi
1446 2239 1501 2273 per
1522 2233 1661 2264 divinum
1684 2231 1769 2274 obeffe
1775 2233 1942 2271 judicium.
1970 2233 2101 2267 Eodem
2118 2233 2182 2267 bel·

1299 2283 1332 2316 lo
1356 2281 1470 2315 divina
1493 2281 1700 2324 providentia
1723 2281 1841 2323 probos
1864 2289 1996 2314 exercet
2028 2305 2039 2321 ‚
2074 2282 2180 2317 malos

1298 2333 1435 2376 castigat
1457 2356 1463 2363 .
1495 2331 1603 2364 Etiam
1629 2341 1683 2373 per
1704 2331 1872 2364 vistoriam
1897 2355 1904 2362 .
1949 2332 2029 2364 Haec
2051 2333 2140 2365 enim
2167 2356 2180 2375 ‚

1298 2384 1379 2417 dum
1403 2380 1561 2424 improbis
1580 2380 1800 2422 conceditur,
1825 2381 1870 2416 est
1897 2379 2056 2416 horrenda
2081 2393 2178 2427 poena

1298 2431 1572 2474 divinaejustitiae.

1348 2482 1459 2514 Aliam
1470 2491 1510 2514 ex
1523 2479 1618 2514 bellis
1629 2479 1803 2516 utilitatem
1820 2482 1958 2524 exponit
1975 2482 2010 2517 in
2032 2481 2122 2516 libris
2134 2481 2175 2517 de

1299 2532 1473 2565 vocatione
1495 2530 1657 2565 Gentium
1679 2531 1813 2565 sanctus
1836 2531 1990 2575 Prosper:
2021 2535 2074 2565 Ex
2098 2539 2178 2566 omni

1291 2591 1394 2626 gente,
1420 2593 1458 2615 ex
1470 2586 1547 2613 omni
1558 2583 1723 2615 conditione
1735 2584 1917 2623 adoptantur
1927 2584 2058 2628 quotidie
2107 2585 2177 2618 Mil·

1297 2633 1340 2666 lia
1359 2630 1486 2674 senum,
1516 2630 1613 2663 millia
1627 2633 1799 2671 juvenum,
1826 2632 1921 2665 millia
1938 2634 2138 2674 parvulorum
2167 2658 2177 2667 .

1297 2685 1326 2714 E
1330 2692 1342 2714 t
1356 2680 1504 2722 effeblibus
1520 2687 1631 2726 gratiae
1648 2681 1827 2723 Christiana·
1847 2687 1939 2714 etiam
1950 2681 2014 2724 ipsa
2024 2707 2035 2722 ,
2062 2682 2171 2724 quibus

1296 2732 1425 2765 mundus
1448 2737 1610 2772 atteritur,
1637 2744 1724 2764 arma
1736 2732 1931 2774 famulantur
1943 2755 1950 2762 .
1978 2734 2084 2774 ,Quam
2098 2734 2175 2765 mul·

1295 2791 1339 2814 tos
1352 2787 1453 2821 enim,
1479 2786 1572 2824 quiin
1596 2783 1819 2824 tranquillitate
1836 2788 1922 2823 pacis
1945 2783 2170 2814 Sacramentum

1297 2830 1498 2873 Baptismatis
1515 2829 1659 2874 suscipere
1671 2831 1847 2873 differebant
1859 2856 1869 2871 ,
1896 2832 1939 2865 ad
1948 2843 2057 2874 aquam
2081 2835 2176 2877 Rege·

1296 2888 1458 2914 nerationis
1468 2880 1618 2924 confugere
1640 2881 1776 2921 instantis
1785 2882 1911 2923 periculi
1930 2891 2024 2915 metus
2038 2884 2167 2922 impulit,

1294 2933 1430 2965 &lentis
1457 2930 1623 2974 tepidisque
1649 2937 1782 2971 animis,
1808 2933 1888 2973 quod
1922 2933 1973 2964 diu
2010 2931 2171 2966 cohortatio

1293 2988 1393 3023 quieta
1415 2992 1471 3013 non
1488 2979 1599 3024 suasit,
1639 2986 1740 3014 vivax
1762 2979 1860 3023 subito
1898 2989 1992 3014 terror
2020 2980 2136 3021 extorsit
2161 3007 2170 3016 .

1293 3033 1432 3075 ,Quidam
1453 3030 1587 3071 Ecclesiae
1616 3031 1677 3072 filii
1698 3032 1736 3065 ab
1758 3030 1881 3070 hostibus
1912 3037 1994 3072 capti
2025 3035 2168 3066 Dominos

1286 3080 1354 3125 suos
1368 3081 1563 3115 CHRisTl
1577 3083 1744 3125 Evangelio
1754 3085 1966 3122 manciparunt
1982 3105 1993 3121 ‚
2021 3083 2054 3115 (θ’
2065 3082 2172 3124 quibus

1290 3133 1454 3164 conditione
1465 3130 1566 3164 bellica
1574 3129 1748 3174 serviebant
1760 3155 1770 3171 ,
1796 3129 1905 3173 eifilem
1914 3130 1987 3173 fidei
2010 3131 2171 3177 magisterio

1286 3181 1499 3223 praefuerunt.
1541 3184 1579 3213 At
1604 3183 1658 3214 alii
1675 3181 1827 3221 Barbari,
1864 3182 1934 3214 dum
1955 3185 2098 3215 Romanis
2120 3192 2171 3215 au·

1291 3233 1442 3264 xiliantur
1454 3255 1464 3271 ,
1500 3233 1577 3273 quod
1594 3229 1658 3274 suis
1678 3232 1746 3264 locis
1766 3231 1838 3274 noffe
1854 3243 1911 3264 non
1935 3240 2079 3273 poterant
2097 3257 2108 3274 ‚
2136 3236 2169 3264 in

1290 3280 1388 3321 nostris
1413 3282 1542 3314 didicere
1564 3281 1727 3324 regionibus
1742 3303 1752 3319 ‚
1777 3283 1811 3314 (τ
1831 3282 1876 3314 ad
1905 3283 1991 3315 Sedes
2014 3280 2085 3325 suas
2103 3292 2169 3315 cum

1288 3330 1465 3370 cbrifiianae
1490 3332 1651 3373 Religionis
1682 3330 1861 3370 institutione
1894 3333 2073 3367 redierunt.
2117 3335 2169 3364 Ita

1288 3379 1497 3421 nihilobfistere
1519 3381 1637 3414 divinae
1653 3388 1768 3423 gratiae
1789 3381 1880 3423 potest
1909 3406 1920 3423 ‚
1943 3394 1998 3425 quo
2025 3386 2122 3412 minus
2133 3381 2172 3413 id

1287 3432 1365 3476 quod
1386 3431 1512 3474 voluerit
1533 3431 1694 3474 impleatur
1706 3455 1719 3475 ,
1758 3432 1829 3466 dum
1846 3430 2096 3476 ettamdiscordiae
2124 3430 2167 3464 ad

2018 3485 2117 3515 unita-

2211 715 2294 761 Cap.
2306 727 2359 766 30.
