2366 3736
675 140 786 172 Ant
845 127 1337 173 Hsnnrcum-
1399 128 1709 175 Nonis.

216 210 266 236 tut
276 205 421 239 videatur
431 228 442 244 ,
467 206 574 249 absque
591 209 742 251 praerniffa
754 210 970 242 Sars-mentali
982 207 1103 250 Censes:

213 253 291 295 fione
301 257 347 288 ad
352 254 474 289 sairam
486 258 702 299 Eucharistiam
712 260 848 294 accedere
856 259 943 292 dehet
951 284 959 292 .
985 260 1079 302 ‚Quod
1085 261 1104 291 ἃ

218 304 399 344 christianis
410 308 543 341 omnihus
554 334 564 348 ,
586 309 726 342 etiamab
736 313 775 340 iis
789 312 807 341 5
809 303 996 342 a'cerdottbus
1008 332 1018 347 ,
1041 315 1103 350 qui-

218 355 275 387 bus
283 365 323 387 ex
334 356 421 396 officio
431 358 589 391 incubuerit
599 357 742 391 celebrare
752 384 762 398 ,
774 358 839 392 baec
850 361 869 392 5
871 360 959 392 andiu
977 360 1103 396 synodus

215 408 357 446 perpetuo
362 404 550 448 servandum
559 408 610 449 effe
620 408 754 441 decrevit
768 432 777 448 ‚
790 411 874 445 modo
886 421 944 441 non
956 407 1031 447 desit
1040 409 1103 441 illis

216 455 302 496 copia
312 455 488 499 Confeffons
499 482 507 490 .
533 457 821 500 Quodfineceffitate
834 468 955 503 urgente
962 482 971 497 ,
995 461 1099 491 Sacer-

218 502 274 536 dos
283 504 395 548 absque
401 511 522 548 praeviae
533 506 709 548 Confeffione
716 509 878 542 celebravit
895 533 906 549 ,
930 520 1023 551 quam
1041 514 1100 549 pri·

217 555 300 587 mum
309 556 500 598 confiteatur.
530 556 669 590 Nullum
678 561 943 599 Sacramentum,
974 559 1100 592 nullum

219 605 370 638 Ecciefiae
380 604 600 640 Ministerium
610 608 655 641 est
668 609 871 644 sacrosancta
887 608 1103 649 Eucharistia,

215 654 348 698 ejusque
357 655 556 691 confeffione
565 658 600 691 ἃ
610 657 830 692 celebratione
842 660 980 693 sanetius
993 683 1003 699 ,
1017 658 1102 693 ideo·

216 715 282 746 que
307 705 399 739 nulla
421 704 565 740 humana
589 709 676 742 affio
697 709 853 753 majorem
866 709 898 742 in
913 710 971 742 suo
985 718 1105 752 agente

217 753 351 797 requirit
369 755 571 792 sanctitatem
588 770 596 790 :
627 759 656 791 A
672 760 983 801 peccatorexequirit
995 759 1104 800 justifi-

216 805 382 838 cationem
391 817 513 841 certam
521 831 533 848 ,
544 819 616 852 quae
628 807 684 841 fiat
695 819 751 851 per
760 804 1032 842 sacramentalem
1043 808 1105 843 Re-

217 855 491 890 conciliationem
505 880 513 889 .
529 857 682 893 Unicum
693 853 864 901 exceptum
877 859 986 892 casum
998 858 1103 892 decla-

218 915 267 939 rat
287 905 417 940 laudata
430 907 604 951 Synodns:
632 907 724 941 Dum
733 906 878 943 Cura'tus
888 909 1043 942 Sacerdos
1064 920 1104 942 ex

217 955 332 989 officio
351 956 513 990 celebrare
530 955 628 990 debet
639 979 650 996 ,
679 968 739 991 nec
763 956 862 991 habet
873 959 1003 1001 copiam
1019 960 1103 993 Con·

217 1005 343 1039 sessoris
354 1029 362 1036 .
390 1005 445 1038 De
455 1017 518 1049 qua
529 1005 727 1050 exceptione
750 1006 832 1041 reste
843 1008 882 1041 ad
896 1009 997 1042 tertiae
1008 1009 1106 1052 partis

219 1056 482 1099 supplementum
506 1056 618 1090 scribit
641 1056 829 1092 Franciscus
849 1058 978 1101 Sylvius
998 1071 1005 1091 :
1034 1063 1106 1092 Non

218 1107 325 1138 dicitur
347 1106 365 1139 ὲ
377 1104 582 1141 Tridentino
603 1102 760 1141 Concilio
772 1131 784 1147 ,
808 1110 892 1151 quod
911 1109 974 1149 illi,
1001 1109 1106 1143 taliter

218 1155 286 1189 fine
303 1154 518 1191 Confeffione
538 1156 738 1191 celebrantes
754 1157 870 1192 Curari
884 1158 1070 1192 Sacerdotes
1095 1183 1105 1199 ‚

212 1204 275 1248 fint
288 1216 341 1248 per
352 1206 602 1240 Contritionem
609 1207 777 1255 justificati,
786 1207 844 1250 sed
851 1209 1020 1241 declaratur
1030 1210 1110 1251 quod

219 1255 261 1287 ab
278 1254 433 1297 incur-stone
456 1257 529 1290 novi
545 1263 657 1298 peccati
679 1257 853 1300 excusentur
868 1282 879 1297 ‚
905 1258 1020 1300 etiamst
1038 1261 1106 1292 cele·

219 1305 308 1338 brent
317 1315 372 1338 aut
382 1311 591 1340 communicent
604 1332 611 1339 .
626 1306 783 1347 Verifimile
796 1317 896 1341 autem
908 1308 946 1348 est
959 1309 1039 1350 quod
1042 1317 1108 1350 pec·

217 1363 351 1388 catorum
368 1357 551 1397 remifflonem
563 1362 711 1398 accipiant
720 1363 755 1390 in
767 1359 878 1391 devota
888 1364 1086 1392 communione
1096 1382 1104 1390 .

218 1404 303 1451 Qae
312 1405 426 1439 eadem
440 1407 539 1439 docui
553 1407 588 1440 in
603 1407 838 1441 Differ-ratione
850 1431 858 1439 .
885 1406 1043 1442 Eamdem
1057 1419 1109 1442 ex·

219 1455 408 1498 ceptionem
429 1456 581 1489 obtinere
600 1455 753 1489 existimo
779 1457 812 1489 in
834 1457 960 1490 cunetis
969 1457 1042 1491 aliis
1055 1459 1107 1492 Sa·

12 1027 199 1087 s'mQaest&

14 1083 21 1110 ἵ
43 1100 103 1130 ιη.
122 1102 150 1129 1·

219 1506 395 1539 oramentis
405 1529 412 1537 .
439 1505 559 1550 inis
572 1529 583 1545 ,
594 1505 726 1549 inquam
740 1530 750 1545 ,
773 1506 807 1539 in
820 1517 952 1549 peccato
965 1508 1108 1542 existens

218 1554 395 1595 sacerdos,
421 1565 597 1598 antequam
612 1557 704 1590 sacro
714 1556 902 1590 Ministerio
916 1558 948 1590 se
961 1558 1106 1597 misceat,

218 1604 369 1639 confiteri
382 1603 498 1648 debet3
521 1606 662 1639 Curatus
673 1616 780 1639 tamen
792 1630 803 1646 ,
816 1607 837 1638 fi
852 1606 1027 1640 Confeffor
1039 1619 1106 1641 non

219 1655 256 1687 fit
269 1655 310 1688 ad
321 1665 478 1696 manum,
505 1655 622 1689 debitae
639 1665 714 1698 erga
736 1655 923 1689 Dominum
935 1656 1046 1690 Deum
1070 1668 1107 1690 ac

218 1705 286 1747 ejus
295 1704 537 1739 Sacramentum
547 1705 732 1738 reverentia:
745 1715 800 1748 per
813 1705 913 1739 solam
926 1705 1108 1739 Contritio-

220 1765 296 1788 nem
321 1754 474 1789 satisfacit
487 1768 499 1788 .-
527 1756 570 1788 Et
599 1754 654 1788 hic
675 1755 721 1788 est
738 1778 748 1793 ,
776 1755 851 1788 licet
865 1767 919 1797 per
930 1755 1108 1790 Ecclesiam

221 1804 331 1838 lucide
352 1805 492 1838 necdum
512 1804 665 1837 definitus
678 1827 688 1842 ‚
714 1806 901 1837 communis
918 1805 1025 1838 sensus
1047 1817 1108 1839 me-

222 1853 342 1887 liorum
358 1850 603 1898 Magistrorum.
620 1854 663 1887 Et
676 1852 883 1893 Romanum,
895 1853 987 1887 Pauli
1000 1855 1107 1900 Qin—

219 1906 248 1937 ti
261 1902 432 1937 Pontificis
456 1904 536 1946 juffu
550 1903 674 1937 editum
688 1927 698 1943 ,
724 1903 895 1937 Pastorum
912 1904 1044 1938 Rituale
1055 1902 1108 1940 ha·

220 1953 291 1987 bet:
322 1954 463 1986 Sacerdos
475 1977 487 1994 ,
515 1953 626 1995 utique
647 1954 789 1987 Curatus
799 1977 811 1993 ,
829 1953 859 1994 fi
871 1953 972 1995 fuerit
989 1962 1108 1996 peccati

219 2005 357 2036 mortalis
361 2003 418 2045 fibi
428 2003 558 2046 confisius
570 2025 581 2041 ‚
603 2005 683 2046 quoti
691 2003 763 2044 abfit
774 2026 784 2042 ,
795 2005 839 2036 ad
851 2005 1108 2037 sacramentorum

219 2053 510 2092 Administrationem
522 2063 579 2085 non
590 2055 701 2086 audeat
711 2055 844 2087 accedere
851 2077 862 2092 ,
891 2054 1036 2095 nifiprii‘cs
1047 2066 1107 2088 cor·

219 2105 259 2136 de
277 2109 425 2145 poeniteat
436 2127 443 2134 .
472 2105 531 2136 Sed
547 2103 575 2144 fi
596 2102 706 2136 babeat
718 2110 831 2144 copiam
842 2105 1016 2146 Conftffarii
1031 2129 1042 2143 ,
1073 2107 1108 2138 <St

219 2159 361 2195 temporis
372 2155 479 2196 locique
491 2159 569 2186 ratio
573 2152 659 2194 ferat
670 2178 680 2193 ,
695 2160 836 2186 convenit
848 2155 996 2195 confiteri.
1012 2154 1104 2203 Quin

219 2203 328 2238 immo
349 2204 391 2237 de
415 2204 534 2245 quovis
544 2203 665 2246 peccati
679 2204 825 2237 mortalis
836 2203 890 2236 fibi
905 2204 1042 2238 conscio
1053 2206 1106 2237 Sa-

218 2253 352 2287 cerdote
370 2252 478 2286 scribit
500 2252 651 2287 laudatus
663 2252 792 2296 Sylvius
805 2266 816 2286 .·
842 2254 892 2285 Ad
911 2259 1106 2289 evitationem

213 2305 355 2345 peccati,
375 2301 483 2346 saltem
504 2305 640 2336 mortalis
652 2326 662 2342 ,
683 2300 789 2345 sufficit
812 2305 893 2345 quod
901 2305 1033 2343 Minister
1056 2311 1104 2337 ita

213 2360 330 2396 peccati
341 2352 496 2394 adfedum
508 2352 672 2394 deposuerit
684 2377 694 2391 ,
721 2363 754 2385 ut
762 2362 817 2393 per
832 2364 937 2386 veram
950 2357 1099 2388 Poeniten-

219 2410 296 2436 tiam
304 2403 338 2446 se
348 2403 542 2443 adjustitiam
553 2405 587 2437 (st
593 2401 787 2445 sanc‘litatem
799 2402 937 2446 disponat
948 2428 955 2435 .
984 2406 1026 2438 Et
1038 2404 1103 2440 haec

34 2472 43 2502 Ι
217 2453 265 2486 est
283 2454 351 2495 ejus
372 2453 533 2496 generalis
553 2453 722 2487 conclusio
748 2465 755 2484 :
783 2455 941 2496 ,Quamvis
965 2478 977 2494 ,
1003 2456 1100 2489 talem

218 2502 427 2536 Sacerdotem
440 2502 480 2535 ad
492 2502 765 2536 sacramentalem
782 2504 1028 2539 Confeffionern
1044 2504 1101 2539 ob·

217 2553 327 2597 ligans
335 2577 345 2592 ,
368 2550 516 2596 sententia
526 2563 664 2595 magnam
675 2551 784 2584 habeat
791 2552 1033 2593 probabilitatem
1044 2579 1055 2594 ,
1067 2557 1101 2589 <is

210 2601 252 2643 fit
270 2601 396 2645 securior
405 2624 415 2640 ,
436 2599 563 2644 sufficere
586 2610 686 2634 tamen
708 2603 831 2635 videtur
843 2626 852 2641 ,
872 2603 903 2643 fi
909 2604 1101 2645 Ministerst‘bi

216 2654 256 2686 de
276 2652 394 2685 mortali
412 2659 529 2692 peccato
549 2649 676 2694 conscius
701 2662 805 2685 veram
817 2655 1027 2686 Paenitentiam
1049 2654 1098 2687 ha-

215 2702 287 2736 beat
298 2727 309 2743 ,
331 2700 508 2745 priusquam
518 2702 639 2743 aliquod
648 2704 667 2734 5
669 2711 867 2734 aeramentum
877 2703 1021 2741 ministret
1032 2730 1039 2737 .
1056 2705 1097 2738 Et

214 2753 322 2796 ipsum
335 2763 388 2796 per
402 2752 647 2786 Contritionem
661 2762 727 2785 non
752 2752 918 2795 justificari
932 2751 1028 2788 habet
1040 2766 1097 2797 pro

214 2812 323 2836 certo.
353 2803 446 2835 Hinc
468 2800 589 2835 rursum
615 2802 747 2835 scribit:
776 2804 1025 2836 Praemittendum
1035 2804 1074 2843 est
1084 2829 1096 2846 ‚

214 2863 278 2884 eum
298 2851 404 2895 censeri
428 2858 460 2885 in
469 2861 588 2893 peccato
599 2852 717 2885 mortali
727 2852 915 2891 ministrare,
942 2861 995 2895 qui
1007 2856 1094 2887 alicu·

206 2905 263 2942 jus
284 2904 355 2936 talis
378 2902 414 2942 est
432 2901 487 2943 Jt'bi
505 2901 651 2945 conscius,
678 2914 770 2944 neque
780 2911 881 2935 tamen
884 2902 993 2943 fincere
999 2911 1095 2945 poeni-

212 2961 256 2985 tet
270 2975 281 2991 ,
291 2964 395 2985 veram
407 2958 502 2986 animi
513 2952 728 2993 detestationem
739 2953 772 2986 et
781 2953 904 2985 dolorem
912 2961 1073 2995 concipiens
1084 2980 1091 2988 .

213 2999 339 3036 Verum
347 3001 414 3037 haec
424 3004 537 3038 omnia
549 3005 721 3048 requirunt
735 3002 869 3047 longius
881 3014 1019 3038 examen
1032 3029 1040 3037 .

46 2125 112 2172 Q.
141 2126 198 2171 64.

42 2187 100 2211 nrt.
115 2175 147 2212 6.

359 3101 391 3136 C
441 3104 473 3138 A
525 3103 552 3137 Ρ
604 3102 644 3139 U
697 3103 736 3137 T
835 3101 870 3136 V
883 3103 932 3136 11.

209 3202 380 3245 Expont'tur
394 3204 564 3237 sanderum
575 3204 694 3237 Thomae
719 3207 878 3246 Aquinatis
889 3226 899 3241 ‚
924 3202 1043 3237 Thomae
1055 3205 1091 3237 de

258 3255 468 3293 Vella-Nova,
493 3253 776 3297 Franciscisalefii,
802 3267 838 3287 ac
855 3256 1038 3301 Bernardini

357 3302 487 3344 Senensis
505 3305 541 3337 de
562 3308 746 3337 contritione
765 3302 938 3346 sententia.

273 3353 453 3389 Annorum
479 3354 623 3387 Ecclefiae
648 3354 781 3388 Patrum
813 3354 853 3387 de
874 3353 1087 3387 Contritione

297 3406 422 3439 sensum
437 3406 468 3436 in
483 3403 716 3437 Differtatione
729 3414 906 3446 utcumque
926 3405 1059 3447 exposui
1080 3428 1086 3434 .

212 3454 289 3489 Post
324 3455 409 3499 ipsos
429 3453 588 3488 adducere
609 3464 768 3497 nequeam
792 3456 887 3489 testes
907 3455 1046 3498 majores
1072 3478 1083 3495 ,

1921 146 2013 192 273

1161 218 1263 251 quam
1275 220 1358 252 quos
1369 209 1578 254 irrefragabili
1591 212 1625 246 &
1635 210 1746 246 omnis
1756 210 1962 254 extemionis
1979 214 2038 249 irn-

1168 258 1258 291 muni
1270 260 1459 293 auctoritate
1467 263 1597 295 ornavit
1608 260 1813 297 Beatiffimus
1824 259 1919 296 Pater
1931 263 2038 298 noster

1167 308 1356 342 Alexander
1384 308 1462 343 vii.
1489 310 1592 344 immo
1615 323 1669 354 per
1687 311 1793 355 ipsum
1814 312 1948 355 Spiritus
1965 314 2039 346 san-

1165 359 1250 392 stus.
1275 357 1404 392 Primus
1423 360 1460 392 fit
1480 361 1604 394 sanetus
1614 360 1765 395 Thomas
1779 361 1948 405 Aquinas,
1969 374 2038 397 non

1165 408 1270 442 solnm
1291 409 1375 450 apud
1391 409 1575 454 Romanam
1586 422 1624 444 ac
1635 422 1770 445 omnem
1783 412 1936 446 Latinam
1946 437 1957 453 ,
1984 412 2040 446 sed

1165 459 1198 492 δι
1209 458 1295 501 apud
1306 459 1511 493 orientalem
1525 460 1699 493 Ecclesiam
1715 461 1808 503 plene
1819 462 2040 503 authenticus,

1164 507 1256 551 cujus
1267 506 1424 553 dogmata
1444 509 1594 543 laudatus
1615 509 1706 543 Pater
1718 513 1846 551 noster,
1871 512 1959 554 juxta
1973 515 2043 547 An·

1162 559 1354 592 tecefforum
1376 560 1509 593 suorum
1536 559 1727 602 Apostolica
1750 563 1900 602 oracula,
1927 563 2043 598 decla-

1165 608 1249 642 ravit
1262 608 1420 642 tutiffima
1434 633 1446 649 ,
1470 609 1593 644 incussa
1603 633 1614 650 ,
1643 609 1826 644 veneranda
1836 610 1877 644 ab
1888 613 2042 649 omnibus

1163 667 1262 702 atque
1282 659 1444 693 tenenda⁴

1215 708 1252 741 ln
1263 708 1357 742 tertia
1369 708 1537 754 Angelicae
1548 710 1609 743 suae
1617 710 1756 743 Summae
1769 718 1856 752 parte
1866 709 1962 744 docet
1974 721 2044 753 pec·

1167 768 1276 792 catum
1298 760 1425 793 astuaie
1440 761 1581 794 mortale
1589 760 1655 793 sine
1669 759 1867 793 Poenitentia
1882 770 1946 793 non
1957 762 2044 802 poffe

1165 809 1309 849 remitti,
1338 809 1517 853 probatque
1542 808 1608 844 hoc
1631 809 1734 843 modo
1753 822 1764 842 .·
1790 808 1913 852 Offensa
1930 815 2045 852 peccati
2094 818 2211 867 Qaest,

1170 859 1308 891 mortalis
1325 862 1460 900 procedit
1477 871 1516 893 ex
1527 859 1579 892 hoc
1589 884 1598 898 ‚
1626 861 1709 901 quod
1719 861 1858 892 voluntas
1870 858 1995 892 hominis
2005 860 2044 898 est
2059 866 2113 905 85,
2123 878 2214 905 art-2-

1165 909 1274 954 aversa
1289 909 1310 940 a
1324 912 1384 944 Deo
1401 917 1458 950 per
1480 907 1690 950 conversionem
1721 911 1764 941 ad
1786 911 1909 951 aliquod
1937 910 2043 941 bonum

1164 958 1366 993 commutabile
1381 984 1387 990 .
1401 960 1486 992 Unde
1497 966 1655 1001 requiritur
1675 960 1719 991 ad
1726 960 1909 999 remifflonem
1920 962 2047 993 Divinae

1165 1007 1299 1051 offensae,
1324 1010 1408 1050 quod
1427 1010 1569 1042 voluntas
1590 1008 1717 1042 hominis
1737 1009 1778 1050 fic
1798 1017 1990 1049 immutetur,
2016 1017 2049 1042 ut

1164 1066 1353 1092 convertatur
1373 1060 1418 1091 ad
1438 1061 1534 1092 Deum
1553 1071 1619 1092 cum
1641 1059 1828 1097 detestatione
1850 1058 2045 1102 conversionis

1166 1108 1322 1151 pradilia
1334 1110 1368 1143 &
1382 1108 1527 1151 Proposito
1537 1111 1672 1143 emendae
1683 1134 1694 1150 ‚
1721 1111 1800 1152 quod
1806 1116 1935 1151 pertinet
1946 1111 1990 1142 ad
2002 1121 2050 1142 ra·

1169 1166 1275 1192 tionem
1287 1162 1475 1193 Poenitentiae
1483 1168 1572 1202 prout
1581 1159 1622 1200 est
1630 1166 1730 1192 virtus
1752 1185 1760 1194 .
1789 1159 1836 1193 At
1849 1159 1923 1193 vero
1935 1160 2054 1193 volun·

1168 1221 1268 1243 tatem
1290 1209 1431 1244 nostram
1443 1221 1497 1253 per
1509 1210 1613 1244 solum
1626 1210 1693 1243 fine
1703 1209 1787 1243 casta
1803 1211 1866 1243 Dei
1879 1209 2051 1247 dilectione

1171 1259 1317 1293 servilem
1339 1260 1492 1293 timorem
1515 1284 1526 1300 ,
1552 1270 1609 1293 aut
1631 1260 1701 1302 ipso
1725 1259 1794 1293 solo
1816 1261 1992 1293 formatum
2015 1270 2053 1292 ac

1171 1311 1307 1342 tinorum
1330 1309 1372 1342 de
1397 1311 1535 1352 peccatis
1554 1309 1704 1343 dolorem
1726 1309 1876 1343 converti
1889 1309 1928 1342 ad
1943 1310 2053 1342 Deum

1169 1358 1213 1392 est
1225 1359 1308 1392 adeo
1320 1358 1553 1401 impossibile&
1570 1359 1768 1401 paradoxum
1781 1382 1792 1397 ,
1816 1368 1852 1392 ut
1862 1357 1971 1391 omnis
1984 1358 2056 1391 solo

1170 1408 1230 1443 illo
1243 1408 1360 1442 timore
1379 1410 1466 1442 astus
1476 1409 1509 1443 δε
1522 1419 1621 1452 agens
1632 1407 1734 1441 homo
1747 1419 1861 1452 penam
1875 1409 1922 1441 uti
1934 1408 2058 1441 malum

1172 1459 1348 1502 principale
1362 1459 1474 1493 timeat
1486 1482 1496 1498 ,
1517 1458 1550 1492 &
1571 1459 1605 1491 in
1620 1458 1751 1501 proprio
1762 1458 1945 1493 commodo
1957 1459 2058 1502 finem

1172 1519 1273 1552 ponat
1297 1509 1454 1542 ultimum
1469 1532 1480 1548 ,
1507 1509 1649 1551 ideoque
1671 1509 1846 1551 perseveret
1867 1510 1900 1542 in
1915 1509 2058 1542 mortali-

1171 1569 1218 1592 ter
1240 1569 1335 1601 prava
1355 1557 1549 1591 voluntate.
1574 1559 1671 1600 Quod
1691 1563 1835 1601 contingit
1855 1582 1867 1599 ,
1893 1559 2002 1602 inquit
2029 1558 2059 1591 S.

1173 1610 1296 1642 Dostor
1306 1631 1317 1648 ,
1342 1613 1375 1639 in
1388 1618 1446 1639 non
1456 1606 1632 1640 habentibus
1645 1606 1824 1639 charitatem
1837 1631 1846 1639 .

1220 1657 1332 1701 Pergit
1353 1658 1386 1690 in
1412 1657 1551 1691 articulo
1576 1657 1737 1699 sequenti:
1767 1660 1924 1691 Peccatum
1935 1659 2060 1692 mortale

1171 1719 1229 1741 non
1249 1707 1341 1749 potest
1357 1706 1419 1748 fine
1441 1718 1516 1740 vera
1541 1709 1725 1740 Paenitentia
1746 1713 1884 1747 remitti,
1911 1709 1957 1740 ad
1971 1720 2061 1750 quam

1168 1764 1299 1799 pertinet
1320 1755 1452 1798 deserere
1471 1765 1650 1797 peccatum,
1676 1762 1710 1788 in
1737 1766 1882 1797 quantum
1906 1756 1946 1796 est
1956 1767 2061 1791 contra

1162 1811 1286 1839 Deum.
1318 1806 1398 1839 Non
1426 1807 1502 1850 quia
1528 1805 1859 1840 nosaeternisaddixit
1874 1807 2059 1851 gebennis,

1172 1857 1223 1891 sed
1250 1859 1325 1899 quia
1339 1856 1498 1890 Divinam
1517 1855 1722 1898 Majestatem
1748 1857 1887 1890 offendit
1909 1857 1941 1891 &
1961 1857 2035 1891 laefit
2049 1882 2059 1891 .

1174 1907 1215 1940 Et
1227 1906 1309 1940 infra
1323 1907 1355 1938 in
1371 1906 1578 1949 responsione
1591 1905 1629 1938 ad
1642 1916 1792 1947 quartum
1804 1916 2057 1951 argumentum:

1173 1956 1314 1990 Debitum
1338 1957 1434 1997 culpae
1454 1962 1654 1989 contrariatur
1666 1962 1808 1989 amicitiae
1821 1981 1832 1997 ,
1860 1957 1999 2001 ideoque
2011 1969 2058 1992 re-

1173 2008 1258 2040 mitti
1279 2018 1346 2040 non
1360 2006 1462 2049 potest
1476 2007 1533 2039 nisi
1547 2016 1707 2049 reparetur
1719 2007 1824 2040 nostra
1839 2007 1881 2041 ad
1894 2008 2056 2042 Divinam

1173 2056 1375 2099 Maiestatem
1400 2056 1567 2096 amicitia,
1593 2056 1758 2100 castusque
1780 2067 1892 2098 amor,
1919 2057 1961 2091 de
1987 2069 2055 2101 quo

1172 2107 1275 2150 pergit
1297 2107 1331 2140 in
1343 2105 1483 2139 articulo
1496 2107 1586 2139 sexto
1601 2120 1612 2139 :
1642 2104 1860 2149 Adsecundum
1874 2109 2030 2140 dicendum
2042 2132 2053 2148 ‚
2070 2129 2099 2165 A
2169 2133 2193 2170 6

1170 2158 1249 2198 quod
1266 2162 1298 2188 in
1313 2156 1520 2197 justificatione
1532 2162 1618 2197 impii
1631 2168 1688 2189 non
1697 2155 1788 2198 solum
1801 2156 1838 2196 est
1850 2157 1932 2190 adius
1947 2160 2054 2190 Poeni-
2104 2140 2143 2167 η’
2191 2158 2200 2166 “

1167 2213 1269 2239 tentiae
1281 2229 1292 2245 ,
1313 2204 1370 2247 sed
1379 2211 1469 2238 etiam
1483 2206 1566 2238 allus
1575 2205 1649 2247 fidei
1662 2230 1668 2237 .
1696 2209 1742 2239 Et
1752 2208 1816 2239 ideo
1828 2208 1945 2246 remiffio
1958 2209 2052 2249 culpae

1164 2267 1225 2298 vegon
1245 2261 1366 2298 ponitur
1389 2256 1508 2295 effee‘lus
1516 2254 1611 2298 solum
1624 2259 1812 2289 Poenitentiae
1824 2262 1951 2290 virtutis
1964 2282 1975 2297 ‚
1994 2256 2055 2300 sed

1163 2307 1362 2348 principalius
1384 2307 1456 2348 fidei
1476 2305 1676 2338 &charitatis
1693 2330 1700 2338 .

1219 2357 1321 2403 Qiod
1339 2365 1408 2388 vera
1424 2355 1622 2389 Poenrtentia
1636 2367 1678 2388 ex
1696 2355 1761 2389 fide
1773 2356 1806 2390 δι
1817 2354 1976 2391 charitate
1988 2370 2048 2392 na-

1167 2407 1208 2440 sci
1230 2408 1263 2440 ὅ(
1285 2405 1547 2440 formaridebeat
1561 2430 1572 2446 ,
1597 2406 1712 2438 diserte
1737 2407 1834 2440 tradit
1846 2406 1879 2439 in
1891 2408 1953 2440 alia
1964 2408 2046 2450 ejus-

1165 2457 1239 2491 dem
1265 2455 1363 2499 partis
1384 2455 1577 2497 quaestione:
1607 2457 1655 2487 Ad
1671 2453 1833 2496 secundum
1849 2458 2006 2490 dicendum
2036 2483 2044 2498 ‚

1165 2508 1244 2549 quod
1251 2518 1288 2539 ex
1301 2517 1356 2548 quo
1367 2506 1476 2546 aliquis
1485 2513 1636 2545 peccatum
1658 2510 1798 2546 incurrit,
1827 2505 1961 2539 charitas
1973 2532 1983 2547 ‚
2007 2508 2043 2550 fi·
2059 2482 2125 2530 Q¹¹
2159 2483 2212 2532 84.

1163 2562 1218 2590 des
1230 2578 1240 2595 ,
1266 2558 1301 2589 δ’
1325 2553 1522 2597 misericordia
1547 2565 1604 2586 non
1614 2554 1744 2587 liberant
1756 2555 1900 2589 hominem
1913 2559 1932 2588 ἃ
1939 2567 2042 2598 pecca·
2057 2543 2114 2566 ‘m'
2128 2547 2147 2579 5
2154 2560 2161 2566 '

1162 2617 1191 2639 to
1205 2605 1266 2647 fine
1289 2608 1485 2638 PoenitentIa.
1512 2607 1650 2646 Requiris
1674 2610 1753 2637 enim
1776 2604 1930 2647 charitas,
1958 2610 2042 2649 quod

1161 2656 1243 2689 homo
1253 2657 1350 2688 doleat
1360 2656 1396 2687 de
1405 2652 1514 2696 offensa
1525 2659 1558 2686 in
1570 2660 1700 2687 amicum
1718 2657 1861 2699 commissa
1871 2679 1881 2695 ‚
1908 2659 1941 2691 (tt
1960 2660 2039 2699 quod

1161 2711 1251 2738 amico
1257 2705 1376 2745 studeat
1382 2702 1556 2746 satisfacere
1567 2728 1574 2735 .
1602 2705 1816 2746 impetrandae
1828 2718 2034 2748 peccatorum

1160 2754 1337 2790 remiffioni
1348 2754 1498 2788 adfirmat
1509 2753 1700 2788 charitatem
1712 2756 1774 2788 esse
1788 2756 1916 2797 penitus
1931 2759 2035 2790 neces-

1159 2806 1271 2840 sariam
1284 2828 1295 2845 ,
1323 2803 1446 2838 addens
1458 2815 1525 2838 non
1538 2805 1686 2848 quamvis
1698 2806 1857 2844 sufficere,
1886 2804 1936 2838 sed
1959 2817 2030 2840 earn

1159 2856 1281 2895 solam,
1307 2864 1377 2896 quae
1399 2855 1431 2888 in
1447 2853 1653 2888 Poenitentiae
1675 2856 1800 2887 vultum
1814 2855 1973 2888 formetur
1994 2858 2030 2891 δε

1160 2907 1307 2939 affectum
1320 2929 1328 2936 .
1357 2904 1398 2936 Et
1413 2903 1546 2938 iterum:
1575 2907 1593 2936 5
1596 2911 1605 2934 i
1616 2911 1647 2935 in
1658 2904 1724 2936 ac'lu
1739 2906 1928 2938 Poenitentiae
1947 2906 2028 2948 σουβ-

1157 2958 1272 2989 deretur
1280 2953 1344 2997 sola
1357 2953 1544 2997 displicentia
1551 2959 1662 2995 peccati
1669 2960 1822 2994 praeteriti
1833 2978 1844 2993 ,
1870 2954 1921 2987 hoc
1930 2960 2029 2990 imme·
2047 2957 2112 3004 Q.
2140 2957 2159 2996 8
2163 2971 2195 3006 ς,

1158 3007 1242 3039 diate*
1253 3007 1297 3037 ad
1304 3004 1482 3038 charitatem
1490 3010 1623 3045 pertinet
1635 3026 1646 3042 ‚
1665 3002 1735 3043 ficut
1739 3005 1791 3040 Δία
1794 3007 1927 3047 gaudere
1936 3007 1973 3039 de
1984 3006 2028 3039 bo·
2043 3019 2101 3043 art.
2113 3020 2144 3045 2·

1155 3062 1201 3089 nit
1219 3061 1387 3098 praeteritis
1407 3079 1413 3085 .
1442 3055 1501 3086 Sed
1520 3058 1646 3085 intentio
1664 3055 1805 3094 operandi
1815 3054 1857 3086 ad
1867 3055 2028 3095 detestatio·

1157 3117 1223 3139 nem
1249 3111 1364 3147 peccati
1386 3106 1534 3144 praeteriti
1561 3108 1687 3144 requirit
1704 3101 1861 3145 specialem
1883 3111 2026 3140 virtutem

1149 3154 1205 3198 sub
1229 3156 1376 3188 charitate
1398 3178 1404 3185 .
1434 3152 1600 3186 Germanae
1628 3152 1832 3188 Poenitentiae
1853 3156 1958 3188 aetum
1978 3154 2025 3190 di-

1156 3206 1201 3239 cit
1222 3208 1286 3239 esse
1306 3202 1513 3245 complexum
1533 3226 1543 3241 ,
1570 3213 1607 3235 ac
1628 3203 1662 3236 in
1689 3203 1760 3246 ipso
1780 3205 1905 3247 reperiri
1922 3205 2022 3240 etiarn

1153 3256 1315 3298 proprium
1342 3253 1505 3286 charitatis
1517 3262 1642 3286 morum
1655 3277 1666 3294 ,
1692 3254 1734 3287 de
1744 3264 1811 3295 quo
1822 3254 1936 3288 iterum
1948 3255 2021 3287 scri·

1152 3305 1198 3339 bit
1221 3318 1228 3337 :
1258 3308 1307 3336 Ad
1327 3311 1468 3345 quartum
1486 3303 1645 3335 dicendum
1664 3328 1676 3344 ,
1703 3304 1784 3345 quod
1799 3305 1980 3336 Paenitentia
2009 3327 2022 3345 ,

1155 3358 1219 3388 licet
1225 3354 1262 3397 fit
1268 3354 1292 3396 s
1287 3360 1379 3387 oecies
1391 3351 1520 3392 iustitia,
1530 3353 1757 3394 comprehendat
1769 3362 1868 3385 tamen
1878 3353 2018 3394 quodam-

1150 3407 1234 3439 modo
1265 3416 1300 3436 ea
1319 3427 1329 3441 ,
1354 3413 1420 3444 quae
1441 3408 1593 3442 pertinent
1613 3404 1657 3436 ad
1675 3414 1772 3436 omnes
1795 3408 1923 3435 virtutes
1943 3427 1950 3435 .
1978 3408 2016 3436 ln

1151 3465 1298 3500 quantum
1307 3458 1387 3487 enim
1401 3451 1560 3493 estjustitia
1569 3452 1707 3497 quadam
1716 3452 1840 3487 bominis
1852 3453 1896 3484 ad
1909 3455 2018 3495 Deum,

1864 3510 1976 3544 oportet

2075 1583 2106 1609 2.
2120 1584 2153 1608 2.
2173 1585 2218 1618 qu
2228 1597 2236 1606 .

2080 1635 2131 1672 19·
2143 1634 2232 1669 art.4.
