2366 3736
333 147 418 193 De
451 143 737 209 AustQiA
772 138 1145 194 Discifinm
1180 145 1433 194 Cuius-r.
1464 147 1748 195 Min-rite]

213 236 322 271 Docet
331 246 391 271 nos
402 233 501 277 plura.
510 233 635 276 Primo,
645 232 734 278 quod
741 229 888 266 Rotnani
901 226 1022 261 milites
1035 239 1088 271 pa.

213 288 262 322 cis
276 294 419 328 tempore
431 295 490 318 nec
504 285 619 320 bellica
630 294 717 319 arma
728 306 740 322 ‚
761 291 821 314 nec
834 278 989 313 bellicum
999 275 1087 311 habi-

213 346 282 371 tum
304 336 431 377 pulsent
456 334 596 378 gestare.
620 329 791 369 Secundo,
819 328 909 371 quod
923 339 983 362 nec
1007 328 1083 362 belli

212 394 357 429 tempore
377 386 499 427 possent
520 396 574 429 per
585 383 709 426 quietas
726 382 871 415 civitates
881 378 1015 424 gladiati
1040 377 1087 411 di-

211 435 368 468 scurrere.
394 434 535 471 Tertio,
559 431 647 476 quod
673 430 806 475 quidam
836 429 943 464 timidi
966 438 1004 460 ac
1027 427 1085 460 im-

211 482 310 518 belles
335 494 485 527 campum
505 483 524 515 a
546 483 609 515 suis
623 479 883 517 Centurionibus
894 488 949 513 aut
962 476 1084 513 Tribu-

210 535 262 568 nis
273 535 409 579 pecunia
420 533 612 566 redimerent
625 556 636 573 ,
662 542 759 575 atque
773 531 903 564 interim
917 528 1020 561 Domi
1033 539 1084 572 ge-

209 587 362 619 nerosum
381 584 484 616 virum
498 582 698 616 fimularent.
726 582 811 629 Qae
821 577 933 612 omnia
947 577 1083 612 isidorus

209 636 349 680 graviter
370 632 548 674 improbat.
578 633 741 675 Loquitur
753 642 795 664 ex
807 628 937 662 Arcadii
963 639 1000 661 ac
1013 627 1084 663 Ho-

210 685 294 721 norii
317 683 357 716 ad
382 681 612 724 Theophilum
638 679 910 715 Afiae'Vicarium
928 678 1000 722 lege
1021 690 1030 709 ι
1056 680 1085 710 51·

213 746 282 778 quos
294 734 400 766 milites
409 740 462 775 per
474 735 651 766 Provincias
663 757 675 774 ‚
700 730 809 765 relidit
816 732 951 770 propriis
969 732 1083 760 Nume-

208 791 253 818 ris
265 809 276 825 ,
297 785 399 826 paffim
412 789 521 826 vagari
543 788 708 827 cognovem
722 806 733 821 ‚
759 787 904 819 correptos
923 777 1025 818 facias
1040 788 1073 812 cu

201 835 309 876 stodirt
319 858 329 874 ‚
357 836 446 866 donec
458 834 496 866 de
507 832 554 865 his
567 833 739 865 Clementiae
759 828 861 868 nollrae
875 827 999 860 auribus
1014 832 1082 859 inti-

206 895 301 918 metur
312 911 321 925 ‚
348 885 380 917 (θ’
392 885 468 926 quid
483 882 549 924 fieri
568 890 698 924 oporteat
709 905 718 921 ,
746 881 937 912 decernamus
955 902 961 909 .
990 881 1039 911 Ita
1051 886 1083 908 ut

201 935 230 976 fi
237 942 302 977 quis
324 936 408 967 miles
429 940 460 966 in
486 936 645 965 Provincia
661 929 723 972 fine
730 927 782 972 suo
795 932 924 961 Numero
949 934 1081 968 repertus

201 985 322 1026 fuerit,
348 995 383 1017 ac
390 983 451 1024 post
463 980 582 1024 elapsus
602 982 652 1024 effe
670 979 876 1016 nuntiabitur,
895 977 1084 1019 facultatum

67 1068 74 1077 ,
201 1034 324 1077 suarum
336 1057 347 1072 ,
370 1034 497 1074 periculo
518 1037 610 1064 totius
630 1031 732 1072 officii,
757 1030 995 1061 condemnatione
1009 1039 1082 1069 gra·

35 1065 112 1123 If'b'
158 1078 189 1118 7·
206 1084 313 1123 viffime
335 1084 506 1116 vindicetur
529 1107 536 1113 .
566 1081 680 1114 Exstat
708 1081 761 1113 lex
786 1080 818 1112 in
845 1077 1084 1111 Theodofiano

34 1126 84 1149 ω’
97 1127 188 1160 ¹¹⁶³P‘
206 1134 332 1167 Codice
347 1133 387 1166 ad
400 1132 555 1166 Titulum
577 1130 617 1164 de
642 1143 674 1164 re
686 1129 817 1163 militari
831 1152 838 1159 .
869 1128 982 1172 Vagos
1005 1127 1084 1159 istos

37 1169 89 1202 ¹⁶·
205 1183 325 1218 milites
346 1183 501 1216 omnibus
522 1182 598 1215 exui
625 1179 836 1215 facultatibus
848 1177 919 1213 Lex
935 1178 1017 1211 adet>
1038 1177 1082 1211 se-

205 1233 424 1267 veremandat
439 1257 450 1272 ‚
477 1243 510 1266 ut
533 1231 577 1264 ob
589 1231 716 1265 Vicarii
744 1228 992 1263 conniventiam
1017 1229 1081 1260 san-

204 1284 270 1317 ciat
291 1293 390 1317 omne
411 1283 477 1325 ejus
496 1282 642 1316 officium
659 1279 848 1324 periclitari.
879 1277 934 1311 Est
958 1278 1081 1319 optima

204 1333 277 1366 lex.
307 1332 425 1376 Viguit
447 1331 626 1376 plenissime
638 1331 722 1374 apud
738 1328 895 1362 Barbaros
908 1352 916 1360 .
945 1326 1081 1371 Obligat

206 1383 373 1426 praesertim
388 1380 542 1417 Feudaies
565 1381 700 1415 milites.
726 1379 823 1413 Plura
845 1378 1012 1411 adversum
1039 1376 1079 1417 ip-

206 1434 256 1466 sos
270 1432 421 1475 Capitula
441 1432 612 1465 sanxerunt
633 1431 846 1471 Imperatores
861 1426 998 1460 Carolus
1008 1425 1080 1457 Ma·

65 1517 73 1524 ,
114 1502 117 1505 ⁴
205 1493 291 1527 gnus
302 1494 337 1515 ac
350 1480 536 1515 Ludovicus
548 1478 630 1512 Pius
641 1504 648 1510 .
677 1478 755 1510 Hoc
774 1477 818 1510 est
832 1475 1057 1518 rigidissimum
1073 1487 1079 1506 :

33 1516 106 1554 le·
125 1526 186 1562 49·
207 1535 392 1575 ‚Quicumque
415 1529 520 1572 absque
533 1530 650 1562 licentia
669 1528 720 1560 vel
737 1528 915 1568 permiffione
929 1528 1078 1565 Principis

38 1577 58 1614 7
62 1567 94 1606 6·
205 1585 242 1615 de
254 1581 326 1621 hoste
336 1578 466 1623 reversus
476 1578 575 1619 fuerit
588 1602 598 1617 ,
624 1579 758 1612 volumus
782 1585 816 1609 ut
830 1581 955 1616 antiqua
967 1574 1067 1614 Consti

205 1636 276 1664 tutio
289 1655 299 1671 ,
325 1633 359 1663 id
370 1630 407 1669 est
421 1654 432 1670 ,
457 1628 595 1671 capitalis
613 1627 763 1672 sententia
775 1638 845 1670 erga
862 1626 944 1658 illum
954 1631 1080 1666 punien-

36 1690 110 1730 ΠΒ,
121 1699 189 1736 40,
206 1683 277 1715 dum
299 1679 473 1719 custodiatur
485 1703 492 1711 .
520 1680 563 1712 Et
575 1678 664 1712 aliud
680 1677 868 1759 Capitulzgn
895 1674 992 1709 habet
1007 1677 1079 1757 :bbUt

206 1735 251 1764 Va
294 1743 330 1764 no
353 1732 557 1764 ri&VarE
581 1734 636 1762 ico
658 1739 737 1761 orum
787 1731 810 1759 Α
853 1737 936 1758 atum
984 1730 1007 1757 Α
1050 1737 1068 1757 a

34 1751 90 1796 50-
202 1731 357 1824 tiffgumsz
382 1781 415 1814 Θ
435 1727 613 1819 cogitabis,-
632 1738 686 1821 Zui
706 1751 784 1810 anim
792 1750 953 1819 praesente’
962 1780 993 1806 in
1006 1774 1079 1813 hosta

24 1834 25 1839 ’
206 1842 263 1864 non
272 1830 397 1872 fuerunt
412 1856 422 1871 ,
445 1830 646 1863 Heribannum
660 1829 830 1861 Revadient
846 1851 856 1867 ,
884 1831 1017 1866 exceptis
1029 1824 1076 1856 bis

204 1887 256 1923 qui
265 1890 388 1922 propter
410 1881 578 1923 necessarias
597 1878 699 1923 causas
721 1879 740 1909 ἃ
763 1880 874 1909 Domno
897 1887 932 1908 ac
944 1879 1080 1908 Genitore

205 1930 295 1970 nostro
310 1932 416 1963 Carolo
439 1929 607 1970 constitutas
621 1953 631 1968 ,
659 1930 737 1962 domi
748 1928 850 1966 dimiffi
865 1926 994 1967 fuerunt
1005 1950 1012 1957 .
1041 1925 1081 1956 Id

205 1980 242 2020 est
253 2004 264 2020 ‚
290 1987 341 2021 qui
353 1982 372 2011 ἃ
385 1985 497 2012 Comite
505 1987 625 2021 propter
634 1987 736 2019 pacem
757 1975 991 2018 conservandam
1006 1999 1015 2012 ,
1045 1975 1078 2006 <9⁶

201 2038 326 2071 propter
347 2031 499 2071 conjugem
512 2052 522 2067 ‚
550 2039 584 2060 ac
604 2031 731 2059 Domum
752 2028 818 2065 ejus
840 2024 1056 2063 custodiendam
1069 2046 1078 2061 ,

204 2081 237 2111 (τ
248 2080 285 2112 ab
299 2078 443 2122 Episcopo
453 2103 462 2119 ,
491 2078 544 2111 vel
555 2078 666 2110 abbate
678 2100 689 2116 ,
715 2077 768 2109 vel
780 2074 928 2116 Abbattffa
942 2073 1077 2115 similiter

200 2138 323 2170 propter
342 2139 446 2171 pacem
465 2125 702 2169 conservandam
729 2149 740 2165 ‚
765 2126 799 2160 Θ*
825 2132 948 2165 propter
967 2123 1076 2166 fruges

203 2180 400 2222 colligendas,
428 2180 461 2212 ὠ·
477 2177 632 2220 familiam
643 2174 897 2217 constringendam
910 2196 921 2213 ‚
949 2174 983 2207 Co·
1005 2171 1074 2213 Mis-

199 2227 248 2271 sos
259 2229 438 2270 recipiendos
454 2251 466 2267 ‚
491 2227 593 2266 dimiffi
603 2226 733 2267 fuerunt
747 2249 754 2256 .

252 2278 343 2311 Alias
363 2277 512 2311 militaris
531 2276 726 2317 Disciplinae
746 2272 865 2316 species
877 2271 1015 2314 exponit
1039 2271 1071 2306 in

200 2328 316 2362 litteris
328 2329 367 2362 ad
380 2330 538 2372 joannem
559 2326 863 2360 Archi-Diaconum
878 2322 989 2356 Petrus
1004 2322 1071 2355 Ble-

201 2378 293 2412 senlis
319 2390 328 2421 3
365 2376 458 2411 Nihil
483 2377 682 2409 damnabilius
708 2374 745 2415 est
771 2380 803 2407 in
828 2375 923 2406 milite
945 2396 954 2412 ‚
981 2374 1071 2414 quam

200 2435 309 2469 otium,
334 2437 387 2470 per
406 2427 484 2470 quod
501 2425 568 2469 usus
593 2436 741 2459 armorum
761 2422 925 2467 dediscitur
939 2447 949 2462 ‚
976 2427 1068 2454 nutri-

202 2488 251 2510 tur
274 2478 505 2520 pufillant'mitas
520 2502 530 2518 ,
556 2483 639 2511 vires
660 2474 829 2519 fatiscunt,
857 2473 972 2514 obrepit
994 2478 1069 2504 iner-

205 2533 268 2567 tia,
298 2530 332 2561 Θ
351 2529 395 2559 aa
415 2529 615 2560 immunditiae
641 2527 723 2559 alius
751 2530 870 2557 animus
897 2530 1067 2564 occupatur.

202 2579 270 2609 idea
294 2580 329 2609 P.
343 2576 454 2617 Nafica
478 2577 542 2610 cum
553 2581 713 2608 exercitum
738 2582 769 2606 in
779 2574 913 2612 hybernis
935 2582 1067 2616 regeret,

201 2628 270 2660 licet
288 2626 341 2670 usu
363 2627 485 2666 claffium
509 2637 565 2659 non
578 2635 693 2670 egeret,
721 2637 756 2657 ne
781 2634 881 2656 tamen
902 2624 987 2654 miles
1010 2633 1068 2654 cor·

199 2685 384 2718 rumperetur
395 2673 502 2715 defidia
513 2701 524 2718 ‚
549 2674 597 2719 seu
607 2676 729 2717 crapula
741 2699 750 2713 ‚
777 2675 828 2707 vel
834 2683 890 2714 per
903 2678 955 2704 otii
976 2672 1068 2704 liber·-

201 2734 290 2759 tatem
296 2726 462 2769 superbiret
477 2750 487 2766 ,
514 2737 608 2758 naves
620 2724 762 2766 adificari
774 2723 914 2763 instituit.
944 2722 1068 2764 Legitur

200 2778 348 2817 Trajanus
360 2781 526 2818 Imperator
538 2778 644 2808 milites
665 2774 734 2818 suos
748 2779 861 2816 quoties
875 2772 1026 2805 vacabant
1048 2773 1067 2803 ἃ

196 2828 336 2868 praeliis,
364 2827 515 2870 exercuifflt
536 2832 568 2858 in
579 2823 679 2867 cursu,
710 2831 742 2857 in
762 2823 844 2865 saltu
859 2847 869 2862 ,
896 2829 927 2854 in
940 2821 993 2864 usu
1015 2834 1066 2853 na-

198 2879 303 2917 tandi,
332 2882 364 2910 in
383 2870 479 2918 studio
499 2875 591 2916 caefim
605 2877 657 2908 vel
676 2874 811 2917 punc‘lim
815 2872 968 2914 feriendi,
998 2879 1063 2902 mit—

200 2928 339 2968 tendique
352 2928 470 2969 lapides
483 2938 571 2959 manu
585 2926 636 2959 vel
637 2925 742 2967 funda
756 2950 765 2964 ,
792 2926 825 2957 (35
837 2924 1065 2963 miffiliajacien-

197 2977 251 3008 di.-
277 2979 392 3010 Eos¹ad
411 2989 510 3010 omnes
524 2978 621 3009 modos
646 2977 803 3014 erudiens,
831 2972 935 3015 quibus
958 2973 1065 3005 bellum

196 3023 328 3067 fiistineri
350 3027 453 3060 debeat
466 3052 476 3068 ‚
502 3036 556 3059 aut
577 3025 699 3067 inferri.
731 3029 776 3057 De
796 3034 902 3067 magno
928 3023 1065 3063 Pompejo

199 3074 290 3115 refert
319 3077 483 3117 Salustius,
509 3078 589 3118 quod
613 3088 677 3109 cum
701 3074 849 3107 alacribus
870 3072 975 3116 saltu,
1001 3082 1065 3104 cum

200 3125 340 3158 velocibus
360 3126 460 3170 cursu,
486 3138 549 3160 cum
573 3127 687 3159 validis
707 3125 790 3158 velie
812 3123 947 3156 certabat
968 3147 975 3154 .
1013 3125 1065 3154 Ve-

197 3182 380 3216 rumtamen,
409 3188 445 3209 ex
467 3188 520 3219 quo
541 3176 623 3221 ipse,
649 3177 683 3209 (vs
703 3177 847 3212 senatus,
873 3186 908 3206 ac
932 3173 1063 3214 Populus

199 3228 350 3257 Romanus
363 3232 418 3257 otio
436 3238 470 3259 ac
482 3233 572 3269 quieti
584 3237 693 3260 vacare
705 3233 852 3267 coeperunt
865 3248 874 3263 ‚
902 3228 952 3265 qui
973 3233 1064 3265 quan-

197 3276 289 3316 doque
301 3281 333 3306 in
346 3277 530 3315 remotiffimis
543 3276 727 3309 Nationibus
744 3276 855 3313 hostiles
867 3272 994 3316 insultus
1006 3283 1063 3305 mo·

198 3326 261 3357 dico
282 3330 400 3367 agmine
420 3324 633 3368 propulsabant
648 3350 658 3365 ,
680 3325 909 3368 superveniente
924 3322 1063 3366 Caesarea

193 3381 346 3415 paucitate
358 3374 538 3416 reliquerunt
555 3377 677 3416 praedia
685 3376 843 3416 fortiffimae
854 3375 933 3406 urbis
946 3399 956 3415 ‚
983 3376 1017 3407 (τ
1031 3379 1063 3404 in

191 3422 254 3465 sola
271 3424 351 3468 fuga
363 3423 418 3465 fibi
425 3422 564 3465 fiduciam
583 3423 753 3466 posuerunt.
781 3427 839 3458 sea
850 3426 881 3458 ἐν
893 3424 944 3457 hoc
957 3429 1062 3466 praect'-

131 3511 134 3515 q
190 3476 250 3515 pue*
270 3472 399 3516 Caesaris
425 3474 577 3507 excitabat
598 3475 776 3515 audaciam,
801 3481 871 3518 quia
891 3486 938 3509 res
950 3480 977 3509 ei
997 3479 1063 3510 erat

275 3523 382 3564 Christ.
395 3527 472 3567 Lupi
483 3528 581 3567 Opera
593 3526 728 3561 Tomxl

35 2280 95 2322 Ep.
130 2289 185 2325 94.

1895 167 1911 197 1
1921 167 1993 215 45,

1148 231 1295 276 adversus
1315 232 1442 277 odiosum
1462 238 1584 272 militem
1604 262 1616 279 ‚
1652 241 1817 281 Ducemque
1835 243 2012 284 emeritum,'

1147 282 1180 314 o·
1191 287 1242 324 qui
1253 284 1340 328 longa
1347 294 1423 327 pace
1436 286 1617 321 dedidicerat
1629 292 1739 322 Ducem
1752 314 1760 321 .
1787 287 1890 333 Refert
1899 291 2011 333 Trogus

1148 334 1308 375 Pompejus
1323 359 1333 375 ,
1359 335 1438 376 quod
1458 338 1620 376 noviffimus
1644 342 1710 372 Rex
1733 338 1899 381 Assyriorum
1908 364 1919 381 ‚
1943 342 2015 372 Sat·-

1146 382 1317 423 danapalus
1338 392 1461 425 propter
1472 391 1563 417 otium
1586 389 1618 420 (ν
1641 390 1789 422 mollitiem
1800 395 1875 422 vitae
1885 412 1897 429 ,
1923 389 1944 422 ἃ
1956 392 2014 423 Re-

1142 433 1207 474 gali
1219 434 1292 466 Solio
1305 439 1433 474 turpiter
1446 433 1482 474 est
1493 435 1641 475 dejectus.
1670 439 1758 480 ‚Quid
1768 442 1915 471 Romanos
1925 448 2012 473 extu-

1148 482 1183 514 lit
1193 482 1210 513 ?
1235 492 1287 516 aut
1307 485 1385 516 unda?
1396 482 1563 517 babuerunt
1572 484 1656 526 super
1668 499 1767 520 omnes
1783 490 1909 530 populos
1923 491 2014 522 Prin·

1145 536 1276 571 cipatum
1289 533 1301 564 ?
1327 536 1386 567 Eis
1399 543 1502 566 nomen
1514 545 1548 566 ac
1551 535 1678 577 gloriam
1690 536 1840 577 acquifivi't
1862 549 2012 572 armorum

1145 579 1213 623 usus
1224 606 1234 622 ,
1262 583 1296 614 (ν
1317 589 1487 616 exercitatio
1503 585 1673 625 praeliorum
1682 609 1690 616 .
1718 590 1828 629 Vegetii
1840 591 1949 621 Renati
1971 597 2012 622 te·

1128 673 1130 681 ¹
1141 630 1274 670 stimonio
1286 654 1295 670 ,
1321 634 1436 666 inutilis
1448 633 1485 673 est
1496 636 1612 666 omninb
1624 635 1739 668 militiae
1753 660 1762 674 ,
1790 642 1921 669 nutritus
1932 647 2012 671 tene-

1144 683 1175 714 re*
1201 683 1234 714 <⁰5
1255 684 1368 715 delitiis
1395 684 1539 726 affuetus:
1567 687 1647 717 Eum
1667 694 1764 717 autem
1784 683 1877 727 censet
1892 688 2012 728 praeliis·

1127 739 1309 773 *aptiorem‚
1334 738 1384 774 qui
1400 732 1454 775 sub
1476 738 1557 768 Divo
1577 735 1611 767 <9⁶
1636 733 1698 767 Sole
1721 740 1873 775 nutritur,
1898 736 2013 769 laboris

1142 789 1265 824 patiens
1288 807 1298 823 ,
1332 783 1444 816 umbra
1470 785 1620 827 negligens
1644 806 1654 822 ,
1688 783 1855 816 balneorum
1875 784 1987 827 nescius
1997 810 2010 826 ,

1145 834 1227 874 aeque
1239 832 1346 874 ferens
1363 832 1488 877 frigoris
1513 836 1643 872 iniurias
1667 835 1701 868 ὢ·
1719 835 1845 873 caloris,
1872 836 1959 867 rudis
1978 841 2012 868 in

1146 883 1236 924 caufis
1250 906 1261 923 ‚
1279 881 1406 924 fimplex
1421 889 1453 915 in
1466 883 1581 917 ac‘libus
1592 906 1602 922 ,
1627 883 1687 916 cibo
1696 886 1887 918 moderatiore
1895 894 2014 918 conten·-

1144 943 1194 965 tus
1212 946 1222 975 3
1249 938 1368 975 quinon
1379 932 1514 977 erubescit
1527 933 1635 976 foffam
1646 935 1748 968 ducere
1760 959 1771 974 ,
1797 943 1940 976 reparare
1961 946 2014 977 ag-

1141 995 1226 1026 geres
1238 1006 1249 1022 ,
1268 982 1350 1025 ferre
1360 983 1474 1025 lapides
1487 985 1520 1017 (θ’
1530 993 1719 1026 caementum,
1740 986 1940 1028 lignorumque
1951 997 2014 1017 ma·

1144 1040 1251 1065 teriam
1261 1041 1439 1074 ccmportare
1451 1059 1458 1066 .
1486 1034 1554 1068 Ideo
1570 1059 1580 1074 ‚
1599 1034 1667 1074 teste
1677 1036 1774 1067 eodem
1787 1034 1908 1068 authore
1919 1060 1930 1076 ,
1955 1038 2014 1067 Ro-

1144 1095 1236 1116 mana
1252 1087 1280 1129 J
1286 1094 1415 1117 uventus
1444 1087 1593 1126 quondam
1615 1084 1753 1117 abluebat
1764 1090 1796 1117 in
1809 1083 1908 1124 Tyberi
1926 1083 2015 1127 sudo·

1144 1144 1203 1165 rem
1217 1158 1227 1172 ‚
1253 1144 1337 1175 quem
1346 1133 1429 1175 cursu
1442 1134 1493 1167 vel
1504 1139 1640 1167 exercitio
1662 1134 1815 1176 campestri
1836 1134 2011 1178 collegerat;

1144 1195 1195 1215 nec
1207 1189 1303 1215 minus
1317 1183 1421 1216 balnea
1433 1209 1442 1224 ,
1469 1186 1559 1225 quam
1582 1183 1820 1224 effaeminatrices
1841 1196 1937 1226 aquas
1948 1185 2014 1217 Sal-

1144 1240 1236 1266 macis
1256 1233 1450 1267 abhorrebat.
1478 1235 1537 1266 sed
1557 1240 1648 1266 etiam
1668 1241 1700 1266 in
1719 1235 1896 1276 temporibus
1911 1235 2014 1278 Judl-

1142 1294 1229 1322 cum,
1256 1285 1371 1316 Gedeon
1394 1307 1405 1321 ,
1432 1294 1463 1315 ut
1482 1284 1656 1326 figuralium
1680 1283 1810 1323 mysteria
1832 1293 2014 1324 taceantur,

1145 1335 1269 1366 Domino
1280 1333 1446 1365 mandante
1454 1332 1623 1373 prohibitus
1637 1332 1673 1372 est
1686 1339 1718 1365 in
1744 1335 1934 1365 multitudine
1944 1335 2016 1366 deli-

1143 1391 1210 1415 cata
1225 1407 1235 1422 ‚
1261 1390 1350 1423 atque
1361 1387 1560 1418 inexercitata
1574 1384 1607 1415 (ιτ
1619 1383 1727 1414 timida
1739 1406 1750 1422 ‚
1776 1383 1959 1415 Madianitis
1971 1393 2016 1417 oc·

1143 1443 1256 1465 currere
1269 1457 1274 1463 .
1301 1436 1432 1473 Cumque
1445 1432 1588 1464 clamaret
1601 1433 1718 1464 Gedeon
1731 1456 1741 1470 ‚
1768 1432 1879 1464 cunc‘lis
1892 1434 2014 1465 audien-

1142 1482 1219 1514 tibus
1235 1497 1245 1516 .·
1273 1484 1338 1525 ,ραί
1353 1481 1565 1524 formidolosus
1589 1480 1625 1521 est
1651 1483 1684 1516 Θ·
1707 1484 1854 1521 timidus,
1880 1492 2018 1515 reverta-

1142 1541 1191 1565 tur
1203 1557 1213 1572 ,
1242 1532 1411 1574 recefferunt
1422 1532 1463 1565 ab
1476 1544 1506 1565 eo
1515 1537 1625 1575 viginti
1638 1533 1670 1564 (θ’
1682 1533 1740 1564 duo
1750 1533 1845 1564 millia
1856 1557 1865 1571 ,
1891 1534 1924 1566 (τ
1946 1542 2015 1565 tan-

1143 1584 1206 1615 titm
1226 1584 1323 1615 decem
1336 1583 1431 1614 millia
1452 1579 1658 1623 remanserunt
1669 1606 1676 1613 .
1705 1583 1763 1614 sed
1773 1583 1805 1615 (9'
1817 1583 1853 1614 de
1864 1584 1924 1614 illis
1939 1591 2015 1615 tam-

1142 1644 1233 1675 quam
1246 1635 1288 1664 ad
1301 1632 1407 1666 bellum
1429 1633 1619 1674 expeditiores
1643 1633 1807 1663 dumtaxat
1825 1633 1912 1679 elegit
1927 1656 1937 1672 ‚
1963 1637 2016 1674 qui

1142 1690 1174 1715 in
1192 1682 1243 1723 fiti
1262 1681 1318 1725 sua
1342 1683 1423 1716 velut
1449 1693 1534 1715 canes
1549 1681 1714 1715 lamberent
1726 1706 1736 1720 ,
1765 1683 1799 1715 (st
1819 1681 2015 1722 festinantius

1142 1745 1253 1775 aquam
1266 1736 1307 1764 ad
1318 1744 1349 1765 os
1374 1737 1544 1775 mitterent:
1573 1733 1637 1764 Illis
1647 1729 1768 1773 prorsus
1788 1731 1911 1772 abjectis
1925 1756 1935 1771 ‚
1961 1737 2015 1774 qut

1138 1782 1170 1825 se
1181 1784 1224 1815 ad
1234 1783 1390 1815 bibendum
1400 1782 1476 1823 flexo
1486 1783 1596 1823 poplite
1612 1781 1798 1814 inclinabant
1810 1805 1816 1812 .
1844 1785 1880 1813 In
1905 1791 2014 1814 trecen—

1143 1839 1183 1865 tis
1199 1839 1298 1873 itaque
1305 1831 1391 1872 fac‘ia
1403 1831 1439 1871 est
1454 1833 1590 1865 liberatio
1603 1832 1707 1872 Populi
1719 1855 1729 1870 ,
1756 1842 1828 1872 quos
1851 1841 1909 1863 non
1921 1833 2012 1865 credi-

1142 1884 1238 1916 derim
1264 1888 1341 1914 inter
1353 1882 1533 1925 delicatiores
1554 1882 1655 1923 epulas
1670 1905 1680 1920 ,
1707 1883 1741 1914 Θ
1765 1878 1905 1922 exquisita
1914 1887 2014 1914 convi-

1143 1937 1196 1966 via
1207 1932 1335 1974 didiciffe
1356 1944 1468 1974 aquam
1491 1932 1636 1965 lambere.
1667 1932 1752 1974 ‚Quos
1772 1931 2014 1975 alaprie-elegit

1144 1986 1286 2014 Dominus
1299 2006 1309 2021 ‚
1337 1988 1406 2023 quia
1431 1983 1582 2022 neceffitati
1592 1980 1803 2023 satisfecerunt
1813 1986 1846 2013 in
1859 1979 2014 2014 humilita-

1142 2041 1171 2064 te
1196 2042 1328 2065 naturae.
1355 2032 1445 2065 Hodie
1469 2037 1499 2063 in
1523 2032 1632 2064 deliciis
1645 2037 1778 2063 nutritur
1788 2054 1799 2070 ,
1826 2031 1859 2064 &¹
1882 2040 1945 2063 tota
1967 2031 2014 2067 ad

1141 2082 1239 2115 carnis
1263 2083 1385 2114 delicias
1406 2081 1438 2125 se
1461 2082 1580 2114 relaxat
1609 2079 1816 2122 Philosymbola
1839 2079 1953 2122 nostra,
1976 2085 2011 2116 in

1141 2140 1204 2164 cute
1216 2132 1350 2163 curanda
1357 2132 1428 2172 plus
1442 2142 1522 2171 aequo
1543 2128 1660 2172 operosa
1666 2133 1845 2174 Juventus.
1874 2131 1968 2172 ,Quod
1983 2129 2015 2170 fi

1142 2182 1252 2213 milites
1276 2180 1384 2219 nostros
1407 2186 1450 2213 ire
1461 2186 1493 2212 in
1504 2181 1719 2221 expeditionem
1746 2180 1920 2221 quandoque
1931 2187 2013 2220 opor-

1139 2238 1224 2270 teat,
1251 2231 1412 2262 Summarii
1433 2241 1530 2263 eorum
1552 2240 1608 2260 non
1625 2228 1732 2269 ferro,
1755 2226 1810 2270 sed
1835 2234 1927 2265 vino,
1953 2239 2011 2260 non

1138 2281 1263 2318 lanceis,
1272 2279 1325 2320 sed
1334 2277 1423 2321 caseis
1436 2305 1446 2319 ,
1457 2291 1514 2312 non
1526 2276 1649 2320 enfibus,
1656 2277 1711 2321 sed
1722 2277 1838 2314 utribus
1851 2303 1862 2319 ,
1889 2289 1946 2312 non
1958 2278 2012 2312 ba·

1130 2329 1200 2369 stis,
1230 2328 1286 2371 sed
1305 2330 1433 2363 verubus
1455 2340 1634 2363 onerantur.

1186 2380 1394 2423 Degentibus
1417 2380 1450 2413 in
1475 2380 1615 2422 praesidio
1626 2403 1636 2419 ,
1665 2379 1698 2412 in
1725 2378 1880 2422 hybernis
1904 2404 1914 2419 ‚
1951 2388 2010 2414 aut

1135 2429 1234 2463 etiam
1257 2430 1291 2462 in
1303 2441 1421 2474 campo
1445 2429 1626 2468 militibus,
1654 2428 1738 2462 nihil
1765 2440 1872 2462 revera
1884 2429 1928 2462 est
1942 2441 2008 2473 per·
2024 2438 2099 2474 Lib,
2123 2445 2176 2478 11'.

1138 2479 1287 2513 niciosius
1298 2481 1387 2514 otio.
1415 2480 1508 2513 Hinc
1520 2480 1559 2513 de
1572 2479 1713 2513 Claudio
1726 2479 1922 2521 Imperatore
1936 2481 2007 2514 scri·
2022 2502 2092 2536 cap,
2120 2490 2176 2528 13,

1136 2529 1229 2563 bitin
1244 2529 1425 2563 Annalium
1439 2528 1526 2562 libris
1542 2528 1717 2561 Cornelius
1728 2528 1890 2563 Tacitus:
1917 2530 2005 2563 Clau·

1136 2582 1204 2612 dius
1219 2582 1359 2624 Legiones
1373 2588 1488 2622 operum
1500 2578 1651 2611 &laboris
1669 2585 1792 2621 ignaras
1808 2602 1818 2617 ,
1841 2583 2005 2620 populatio-

1134 2630 1222 2662 nibus
1246 2631 1342 2663 laetan
1349 2639 1392 2662 tes
1407 2654 1417 2668 ‚
1444 2639 1574 2661 veterem
1598 2630 1641 2659 ad
1650 2639 1758 2661 morem
1780 2630 1919 2661 reduxit.
1946 2634 2005 2664 Fe-

1132 2687 1203 2712 runt
1215 2681 1360 2717 militem,
1386 2685 1455 2721 qula
1480 2679 1597 2710 vallum
1620 2689 1677 2709 non
1703 2678 1847 2710 accindlus
1859 2678 1977 2719 foderet
1992 2703 2004 2720 ,

1132 2739 1219 2771 atque
1231 2731 1322 2761 alium
1338 2753 1348 2768 ‚
1375 2734 1444 2771 quia
1450 2733 1574 2771 pugione
1586 2728 1703 2760 tantum
1714 2728 1857 2760 accinllus
1863 2729 1982 2770 foderet
1991 2753 2002 2768 ,

1131 2786 1219 2811 morte
1228 2784 1367 2819 punitos.
1397 2778 1438 2811 Et
1453 2777 1539 2811 certe
1550 2778 1676 2810 otiosus
1697 2778 1791 2812 miles
1802 2789 1869 2812 non
1894 2778 2000 2821 potest

1132 2842 1197 2861 non
1235 2827 1374 2871 gaudere
1410 2827 1676 2871 populationibus
1697 2853 1704 2860 .
1744 2827 1900 2862 Attamen
1939 2828 1999 2863 ista

1130 2880 1275 2920 exempla
1299 2879 1430 2912 fuerunt
1443 2877 1581 2911 nimium
1604 2878 1727 2911 severa.
1754 2878 1797 2911 Et
1821 2877 1861 2911 de
1875 2878 1998 2912 Caesare

1131 2927 1239 2961 scribit
1250 2927 1282 2960 in
1296 2927 1521 2972 Augustorum
1538 2928 1690 2970 Epitome
1703 2926 1856 2960 Aurelius
1869 2927 1996 2962 Vilior:

1133 2978 1269 3021 Augustus
1282 2987 1315 3011 ut
1329 2978 1522 3021 AEgyptum
1536 3002 1545 3017 ‚
1573 2987 1699 3009 annonae
1711 2977 1792 3009 urbis
1803 2976 1943 3020 copiosam
1953 2979 1997 3020 ef-

1130 3028 1229 3070 ficeret
1239 3053 1249 3068 ,
1270 3027 1488 3071 foffasinjuria
1502 3027 1658 3066 vetustatis
1671 3026 1739 3058 limo
1750 3025 1866 3069 clausas
1880 3051 1892 3067 ,
1917 3029 1996 3061 labo-

1127 3090 1158 3110 re
1184 3079 1310 3111 militum
1329 3077 1473 3120 patefecit
1496 3102 1502 3109 .
1532 3076 1574 3108 Et
1597 3076 1639 3110 de
1661 3076 1772 3110 Probo
1801 3077 1996 3119 Imperatore

1130 3128 1259 3161 Flavius
1275 3128 1435 3171 Vopiscus
1449 3139 1455 3157 z
1486 3126 1601 3159 Probus
1616 3127 1724 3158 milites
1743 3126 1845 3170 otiosos
1858 3129 1908 3170 effe
1922 3139 1995 3160 nun·
2060 3140 2092 3176 9.

1129 3189 1216 3220 quam
1226 3178 1262 3218 est
1272 3180 1371 3221 paffus
1385 3203 1392 3210 .
1420 3178 1553 3215 Exstant
1564 3178 1648 3217 apud
1657 3179 1825 3219 AEgyptum
1836 3180 1900 3218 ejus
1915 3183 1995 3219 Ope-

1127 3240 1162 3259 ra
1173 3252 1183 3267 ,
1209 3240 1275 3270 quae
1286 3237 1340 3270 per
1351 3229 1460 3259 milites
1467 3225 1579 3264 struxit
1606 3232 1637 3258 in
1646 3229 1786 3267 plurimis
1797 3228 1975 3260 civitatibus
1984 3252 1992 3259 .

1132 3280 1259 3319 Pontes,
1287 3278 1434 3318 Templa,
1461 3278 1614 3314 Porticus,
1644 3275 1789 3317 Basilicas
1810 3277 1911 3310 labore
1921 3276 1999 3309 mili·

1129 3327 1326 3365 tumstruxit:
1358 3328 1399 3360 Et
1413 3327 1494 3359 infra
1508 3339 1519 3358 .·
1549 3327 1647 3358 Multa
1659 3335 1746 3367 opera
1757 3328 1882 3359 militari
1904 3337 1995 3359 manu
2062 3327 2119 3367 ,¹202

1125 3377 1249 3419 perfecit
1262 3402 1273 3418 ,
1299 3380 1396 3411 dicens
1420 3388 1570 3408 annonam
1587 3382 1760 3420 gratuitam
1773 3379 1895 3408 militem
1910 3386 1998 3408 come-

1128 3429 1195 3462 dere
1210 3440 1266 3461 non
1279 3428 1397 3461 debere.
1426 3425 1502 3459 Scio
1515 3425 1608 3459 illum
1622 3426 1639 3459 ὸ.
1651 3426 1844 3470 quibusdam
1868 3425 2000 3460 seditio-

1126 3478 1185 3519 fis,
1212 3478 1411 3513 continuum
1432 3475 1578 3513 laborem
1607 3476 1764 3516 pertaesis,
1791 3475 1998 3558 fuiffesinva-

1590 3525 1625 3558 N
1897 3537 1952 3560 um
