2366 3736
151 156 172 214 '525

82 1036 164 1084 Cap,
175 1037 207 1077 6.

77 1389 191 1426 Etim

79 1453 122 1476 ex
135 1453 190 1483 pu·

79 1492 158 1526 dore
178 1492 235 1527 hu‘

81 1554 182 1578 mano
200 1569 209 1577 .

79 1594 161 1638 Cap.
174 1604 208 1641 4.

91 1783 212 1835 Ep‚48,

539 158 606 191 DE
642 138 1086 193 Conrnirtonc
1121 156 1184 189 ετ
1218 144 1631 193 ΑττκῐτιοΝε.

1929 162 2019 208 243

252 238 354 264 rentur
375 231 511 275 intr-affe.
535 233 658 269 Eorum
683 232 772 266 enim
786 229 1035 268 Contritionem
1063 230 1112 263 uti
1170 239 1337 274 peccatum,
1349 231 1414 263 ciam
1424 231 1563 273 erubescit
1573 231 1692 276 quisque
1697 238 1832 274 pravam
1847 240 1963 265 mutare
1970 232 2035 274 sen-

252 291 358 314 veram
376 292 413 314 ac
426 282 596 320 Divinitas
607 281 744 316 infusam
759 279 823 324 ipsa
847 280 1045 315 sacrosancta
1058 280 1112 322 Sy-

251 330 359 365 nodus
372 331 480 366 laudat
493 333 595 380 .Q1is
605 331 725 366 nestiat
736 331 833 365 etiarn
849 329 1004 373 Apostoli
1019 329 1112 363 Pauli

248 383 495 416 conversionem
504 383 538 417 δι
548 380 774 424 poenitentiam
786 405 797 424 ,
821 391 889 414 non
903 391 944 418 ex
955 376 1114 423 gehenna-

250 443 322 467 rum
334 456 345 472 ‚
356 433 408 466 sed
420 443 461 466 ex
475 431 621 468 fulminis
631 441 669 464 ac
680 430 757 467 inde
770 428 973 465 imminentis
992 438 1115 472 tempo·

251 482 340 516 ratiae
351 483 465 516 mortis
480 490 567 514 metu
578 479 671 514 fuiffe
681 481 899 523 conceptam?
911 480 961 512 Ex
975 480 1116 514 intenta,

250 542 358 566 tarum
370 532 387 564 a
400 530 525 575 legibus
538 529 759 573 imperialibus
770 541 936 575 poenarum
947 541 1036 568 metu
1050 530 1117 572 plu-

251 582 352 616 rimos
370 581 448 615 item
471 580 661 614 Donatistas
681 580 723 615 ad
751 590 858 614 veram
881 578 1115 617 Poenitentiam

250 632 344 665 fuisse
364 629 546 670 traductos,
569 628 823 674 frequentiffime
842 630 990 675 praedicat
1003 631 1033 664 S.
1050 631 1116 664 Au-

249 679 399 725 gustinus
412 704 419 712 .
443 679 567 715 Eadem
578 681 630 715 via
642 681 661 715 ὲ
681 680 821 724 pessimis
834 680 952 723 Iudaeis
965 680 1071 714 bonos
1083 683 1115 714 fi·

248 729 336 764 deles
343 729 490 764 fecerunt
497 729 697 774 quandoque
705 729 871 765 Catholici
883 731 1116 773 Hispaniarum

249 774 372 824 Reges,
385 780 494 824 Reges
507 780 633 821 Gauiae,
647 781 715 819 Leo
730 780 853 814 Isaurus
864 780 1049 822 imperator,
1058 790 1117 812 nec

249 841 320 863 non
332 831 364 864 &
387 831 511 867 sanctus
522 830 681 864 Pontifex
694 830 874 874 Gregorius
887 841 1043 873 magnus.
1075 830 1117 863 Et

250 877 329 914 hinc
341 879 382 914 de
396 881 490 914 omni
500 905 511 921 ,
536 891 606 924 quae
617 879 713 914 uobis
723 891 778 922 per
789 881 982 922 temporalia
1007 878 1090 913 ma'la
1099 879 1117 916 ὲ
1136 900 1138 902 v

250 930 404 964 Domino
415 931 490 964 Deo
504 930 674 974 praesertim
686 930 857 973 irrogatur,
868 929 1038 972 disciplina
1050 929 1118 972 pul-

251 979 328 1013 chre
339 979 374 1013 iu
385 980 560 1015 Hieremiae
572 977 741 1022 Prophetae
752 980 997 1013 commentariis
1010 979 1118 1014 scribit

251 1028 497 1063 Theodoretus:
512 1031 703 1063 Paenitentia
714 1038 813 1064 mater
822 1029 867 1070 est.
881 1030 1049 1080 roirea
1063 1029 1119 1073 qui

252 1078 357 1112 {olum
369 1078 514 1124 servilem
526 1078 751 1123 gehennarum
762 1090 885 1116 metum
898 1085 964 1114 line
975 1080 1120 1114 introdu-

250 1131 299 1163 &a
320 1138 375 1172 per
387 1126 494 1172 ipRim
514 1128 674 1167 charitate
697 1128 818 1164 laudari
839 1131 887 1167 uti
912 1131 1045 1172 impetra
1052 1130 1120 1166 ndae

253 1187 462 1223 peccatorum
472 1178 650 1216 remiffioni
660 1179 734 1213 chm
743 1180 954 1214 sacramento
966 1180 1121 1219 sufficien-

254 1239 321 1262 tem
332 1228 520 1262 existimant
531 1228 549 1262 a
560 1229 759 1269 sacrosancta
770 1230 971 1267 Tridentina
984 1230 1122 1272 Synodo

255 1278 399 1321 profiteri
413 1280 683 1322 cogunturetiam
696 1279 831 1323 patibuli
845 1291 898 1314 aut
910 1280 1009 1324 Regii
1023 1279 1121 1324 gladii

256 1339 381 1362 metum
394 1328 508 1361 eadem
523 1329 685 1373 dignitate
696 1331 730 1363 &
741 1329 863 1363 viribus
879 1330 1002 1374 pollere
1014 1354 1021 1363 .

306 1378 409 1424 Qud
419 1388 491 1412 vera
500 1378 671 1413 Contritio
684 1379 781 1414 etiam
793 1392 836 1414 ex
847 1380 1044 1414 considerata
1054 1390 1123 1422 pee-

255 1425 403 1464 catorum
415 1428 618 1471 turpitudine
629 1450 639 1467 ‚
650 1430 700 1462 seu
712 1440 752 1461 ex
765 1427 913 1463 humanae
924 1429 1124 1463 confusionis

256 1478 370 1512 dolore
392 1487 447 1511 aut
460 1487 547 1511 metu
561 1479 757 1521 quandoque
780 1479 984 1521 concipiatur
996 1504 1006 1520 ,
1027 1480 1123 1512 docet

257 1529 381 1572 Regius
394 1526 555 1571 Propheta
578 1539 584 1559 ε
608 1529 700 1569 Imple
707 1528 803 1569 facies
818 1541 914 1563 eorum
940 1535 1101 1573 ignominia
1110 1554 1119 1569 ‚

256 1581 290 1619 ᾧ*
302 1585 436 1621 quaerent
447 1589 549 1610 nomen
562 1586 646 1611 tuum
661 1583 797 1613 Domine.
811 1581 854 1613 Et
872 1579 1119 1612 Ecclesiasticus:

257 1629 310 1669 Est
322 1626 443 1671 confufio
453 1628 604 1660 adducens
614 1638 766 1670 peccatum
778 1654 788 1669 ‚
803 1632 835 1664 ἐκ
847 1628 885 1668 est
895 1628 1017 1670 confusio
1029 1630 1122 1661 addu-

255 1692 323 1714 cens
331 1683 463 1723 gratiam
474 1680 639 1722 &gloriam
650 1706 656 1713 .
673 1681 821 1724 Exponit
832 1679 865 1712 in
879 1679 977 1713 literis
988 1678 1027 1712 ad
1039 1677 1126 1713 Vin-

257 1733 401 1766 centium
413 1730 658 1775 Rogatistarum
672 1730 929 1765 Cartennensem
957 1729 990 1762 in
1002 1729 1124 1763 MaurI·

258 1781 347 1822 tania
361 1780 560 1830 Episcopum
572 1781 602 1816 S.
617 1779 822 1829 Augustinus
836 1778 988 1824 :Confufio
999 1780 1124 1817 adducit

308 3525 414 3568 christ.
428 3532 506 3573 Lupi
516 3533 613 3572 Opera
625 3533 705 3565 Tam.
717 3535 773 3568 XI.

1175 287 1300 315 termam
1312 305 1322 320 ,
1333 293 1368 313 ne
1380 281 1544 319 inconstans
1554 291 1687 323 putetur,
1699 291 1753 315 aut
1763 281 1901 325 diversus
1913 284 1932 314 ἃ
1938 280 2027 323 seips
2021 295 2036 314 ο

1167 337 1199 377 J
1201 334 1283 368 udicc
1294 340 1429 364 teneatur
1437 351 1449 365 .
1463 331 1596 372 Confiaesio
1606 342 1705 366 autem
1718 333 1839 365 adducit
1856 338 1992 376 gratiam
2004 332 2037 364 <ff

1170 384 1296 426 gloriam
1306 392 1369 413 cum
1381 379 1518 422 erubescit
1530 380 1650 424 quisque
1663 384 1698 415 de
1707 389 1831 423 propria
1855 387 2013 424 iniquitate
2022 406 2032 421 ‚

1172 429 1383 472 &poenitendo
1395 437 1426 461 in
1438 432 1542 462 melius
1554 442 1688 463 mutatur
1701 455 1708 463 .
1729 433 1767 464 Et
1785 433 1818 465 in
1831 432 2035 466 Psalmorum
2060 433 2112 468 Ps.
2133 433 2188 473 82.

1175 480 1410 515 commentario
1425 494 1431 512 :
1445 478 1732 523 Insaeculumsaeculi
1747 493 1803 513 non
1814 482 2037 522 conturbantur,

1174 538 1225 574 qui
1235 540 1373 573 quaerunt
1385 541 1489 563 nomen
1501 533 1622 562 Domini
1637 556 1646 570 ,
1655 530 1709 573 sed
1718 529 1904 573 respicientes
1918 536 2037 576 ignomi-

1177 589 1258 615 m'am
1267 590 1450 623 peccatorum
1457 579 1689 623 suorum‚adhoc
1699 582 1910 615 conturbantur
1917 592 1948 614 ut
1959 593 2039 624 quasb

1177 641 1247 665 rant
1262 643 1364 665 nomen
1378 635 1512 669 Domini,
1526 639 1579 671 per
1591 631 1669 672 quod
1680 642 1735 663 non
1747 631 1976 664 conturbantur.
1994 637 2036 667 Hi

1177 682 1277 715 adhoc
1289 681 1508 722 confunduntur
1522 705 1532 721 ,
1544 692 1579 713 ne
1591 679 1814 720 confundantur
1824 687 1857 712 in
1871 690 2015 714 aeternum
2031 705 2041 713 .

1177 731 1278 778 Qod
1291 733 1393 776 ipsum
1405 732 1502 766 tradit
1514 731 1546 764 in
1562 731 1665 773 prima
1674 730 1845 764 Concione
1859 731 1945 772 super
1956 729 2043 764 Psal-

1180 794 1269 815 mum
1280 782 1473 825 trigesimum
1487 806 1494 813 .
1519 781 1696 825 Eleganter
1708 781 1787 813 item
1802 791 1855 823 per
1868 780 1931 822 ipsa
1943 779 2042 814 ferme

1179 832 1383 869 Tridentinae
1397 831 1521 873 Synodi
1534 831 1627 864 verba
1637 831 1702 873 jam
1722 829 1845 873 pridem
1867 829 1998 863 tradidit
2010 830 2045 863 in

1181 882 1280 916 literis
1291 882 1328 914 ad
1344 881 1607 916 Lincolniensem
1625 881 1818 923 Episcopum
1829 879 2046 920 ‚exstantibus

1181 935 1214 967 in
1228 931 1406 974 spicilegio
1419 931 1514 964 Lucae
1527 929 1681 966 Dacherii
1694 954 1705 971 ,
1717 930 1934 964 Theobaldus
1946 930 2047 963 Stam-

1182 983 1281 1027 penfis
1295 994 1301 1013 :
1317 984 1380 1025 ‚Qui
1393 988 1423 1013 in
1432 980 1579 1024 sefremit
1592 1005 1601 1020 ,
1610 981 1686 1013 hona
1701 985 1755 1013 Dei
1768 982 1801 1014 (9⁹
1812 982 1893 1014 mala
1904 991 1971 1022 quae
1983 977 2045 1022 ipse
2070 992 2173 1028 Tom·
2194 1002 2226 1039 3·

1181 1034 1316 1068 reddidit
1337 1033 1528 1073 computando
1545 1055 1555 1071 ,
1573 1033 1606 1064 ζ’]
1618 1037 1650 1063 in
1659 1030 1742 1063 corde
1746 1037 1843 1074 gemit
1858 1029 1985 1073 Ji’ipfiam
2006 1031 2044 1062 de

1179 1088 1307 1125 peccatis
1321 1083 1500 1122 increpando
1514 1105 1523 1120 ‚
1537 1082 1641 1114 melias
1649 1080 1707 1122 line
1720 1092 1787 1115 voce
1797 1082 1923 1123 loquitur
1935 1105 1945 1120 ,
1955 1081 2045 1123 qudm

1177 1134 1205 1175 fi
1224 1145 1291 1166 voce
1313 1132 1374 1174 fine
1386 1132 1448 1172 istis
1469 1133 1649 1173 loqueretur.
1674 1131 1837 1165 Adfirmat
1858 1131 1891 1164 &
1912 1129 2054 1164 ostendit

1187 1185 1281 1217 istam
1293 1184 1355 1216 esse
1370 1193 1475 1216 veram
1487 1183 1731 1216 Contritionern
1744 1205 1751 1214 .
1764 1179 1972 1215 Confiderata
1984 1190 2054 1224 pec-

1185 1245 1333 1268 catorum
1345 1231 1513 1275 turpitudo
1525 1233 1602 1265 facit
1624 1229 1794 1267 hominem
1806 1229 1861 1264 fibi
1875 1231 1928 1274 ipsi
1946 1230 2056 1274 displi-

1186 1295 1255 1318 cere
1269 1285 1301 1317 δε
1314 1284 1431 1321 faetere‚
1446 1292 1575 1315 caecatos
1587 1292 1640 1314 aut
1651 1282 1835 1315 tenebratos
1848 1282 1967 1314 mentis
1977 1291 2056 1314 ocu·

1187 1334 1236 1367 los
1246 1333 1347 1376 aperit
1365 1355 1376 1373 ,
1402 1331 1513 1367 sternit
1538 1332 1624 1364 viam
1646 1331 1823 1373 sapientiz,
1837 1330 1967 1372 justitiae
1987 1330 2054 1372 pul-

1186 1382 1408 1417 chritudinem
1421 1381 1496 1414 facit
1510 1380 1605 1425 diligi
1634 1381 1668 1414 &
1679 1380 1804 1423 appeti,
1829 1390 1926 1422 atque
1938 1381 1982 1413 ita
1996 1379 2058 1413 ini-

1187 1436 1345 1476 quitatem
1357 1431 1436 1469 odio
1452 1429 1561 1465 haberi
1577 1456 1584 1463 .
1601 1431 1709 1465 Etiam
1722 1429 1776 1463 hic
1787 1427 1935 1465 adversus
1944 1430 2058 1463 Marti·

1188 1495 1266 1517 num
1279 1481 1459 1519 Lutherum
1473 1505 1483 1520 ,
1508 1481 1586 1514 huic
1598 1481 1675 1514 item
1690 1479 1910 1514 Contritionis
1934 1479 2059 1524 origini

1187 1535 1335 1576 nequiter
1353 1531 1480 1565 &caece
1492 1530 1654 1564 infensum
1672 1556 1682 1570 ,
1703 1530 1896 1563 sacrosancta
1907 1529 2060 1573 Synodus

1187 1583 1233 1618 est
1246 1584 1356 1617 locuta
1375 1606 1381 1613 .
1395 1581 1437 1615 Et
1449 1579 1517 1614 haec
1529 1580 1663 1625 quidem
1678 1580 1719 1613 de
1731 1578 1917 1613 Christiana
1928 1579 2063 1614 Contri-

1186 1634 1278 1668 tione
1302 1631 1440 1666 brevitet
1451 1630 1591 1665 dicenda
1604 1631 1710 1671 duxi,
1736 1640 1831 1673 quarn
1846 1628 1885 1662 ab
1904 1629 2062 1665 omnibus

1187 1681 1379 1719 hominibus
1403 1682 1498 1726 plene
1507 1682 1660 1725 cognosci
1675 1705 1686 1721 ,
1707 1681 1740 1714 δε
1758 1679 1926 1723 perfectam
1950 1678 2062 1714 haberi

1187 1736 1288 1769 donet
1304 1732 1396 1766 Deus
1419 1732 1564 1775 optimus
1578 1730 1740 1765 maximus
1755 1755 1765 1771 ,
1784 1731 1955 1772 praesertim
1967 1733 1985 1768 ξ
2006 1739 2061 1771 me

1170 1787 1176 1827 2
1188 1791 1358 1833 peccatore
1368 1783 1485 1818 infimo
1496 1782 1650 1822 omnium
1662 1779 1922 1817 Christianorum
1930 1805 1938 1816 .
