2366 3736
36 783 111 819 Lib.
130 784 186 830 67.

595 86 681 139 ’ΒΕ
718 91 993 140 ΒιΜοΝῙΛ
1031 90 1569 142 Mouisr‘enioaim.
1927 104 1997 146 61·

206 183 296 215 nanti
307 205 317 222 ‚
343 180 419 225 qa'ae'
447 178 500 212 ille
525 177 712 212 donaverat.
740 183 778 210 1n
793 177 935 219 potestate
959 175 1086 211 babebat

209 230 372 274 Episcopus
384 241 441 262 non
450 230 572 263 reddere
584 242 590 261 ε
612 229 670 272 sed
671 231 744 269 jure
753 227 820 268 fori
830 251 841 267 ‚
868 239 926 260 non
928 229 1006 269 jure
1013 229 1086 268 poli.

207 281 272 314 Hc
282 281 427 314 rationes
441 288 668 323 permoverunt
681 279 780 311 etiam
795 277 1023 319 Imperatorem
1038 277 1085 320 Ju-

205 329 381 364 {linianum
395 355 406 370 ,
436 342 471 364 ut
485 329 658 363 Parentum
673 328 706 360 in
724 327 926 361 Monastetio
938 326 1087 370 profiten-

204 380 290 413 tium
317 381 403 414 filios
438 392 505 414 non
533 378 730 421 permitteret
758 377 866 411 orbari
908 377 1055 421 legitima
1080 401 1087 408 .

205 429 316 463 Etiam
342 433 465 465 sanctus
486 427 691 471 Augustinus
713 428 837 461 videtur
849 427 984 461 istorum
1006 426 1086 460 filio-

205 490 277 513 rum
292 480 471 524 legitimam
484 476 632 511 refutasse
647 502 653 508 .
681 476 717 511 ld
733 479 866 511 suadent
880 476 947 511 haec
970 477 1065 510 verba
1077 490 1087 510 .·

205 532 423 563 Commendavi
437 526 569 569 Ecclefiae
580 551 591 567 ‚
618 536 650 559 ut
665 538 722 560 non
741 525 897 571 susciperet
919 525 1002 569 ipsas
1018 535 1086 570 por-

204 581 353 612 tiunculas
363 602 374 618 ‚
400 590 465 620 quae
474 584 655 619 pertinerent
667 579 711 610 ad
719 578 926 611 exhaeredator
935 601 942 608 .

253 630 317 662 Hae
327 629 459 671 optimae
471 628 577 671 Leges
594 639 661 661 non
679 628 859 661 clauserunt
881 625 1006 662 aditum
1017 639 1086 661 om-

203 678 300 713 nibus
313 677 424 712 litibus
436 703 443 710 .
473 679 578 712 Lucet
588 689 629 711 ex
644 678 831 720 praefatione
856 677 1004 711 Novellae
1025 677 1085 712 Le·

202 728 253 772 gis
265 728 305 761 ad
321 729 682 771 JoannemPraefeQum
696 727 877 761 Orientalis
899 726 1044 761 Praetorii
1078 739 1084 758 :

202 782 403 822 cognovimus
415 785 487 821 quia
498 779 600 810 mulier
614 779 753 819 quaedam
766 800 776 815 ‚
801 776 910 808 babens
918 775 1014 817 filium
1032 777 1086 820 fibi

204 840 243 863 ex
257 834 372 870 nuptiis
387 830 524 872 legitimi]
533 836 716 868 procreatum
728 843 738 866 ,-
754 828 848 860 voluit
861 829 983 869 quidem
991 825 1084 871 segre·

201 890 275 923 gare
284 878 317 922 se
327 881 347 910 ἃ
357 885 504 911 communi
514 877 566 910 ilia
577 876 795 920 conversatIone
809 901 819 916 ,
846 878 879 910 (ν’
904 882 935 908 in
960 879 1086 918 quodam

204 929 362 962 mulierum
374 928 547 968 Monasterio
568 937 746 960 commanere
759 951 770 966 ‚
794 928 927 968 plurima
940 927 1016 960 bona
1032 927 1082 969 fa-

204 985 282 1012 ciens
293 978 460 1010 mulieribus
474 978 719 1016 reverendifflmis
745 976 853 1009 ibidem
863 984 1047 1020 congregatis
1077 1003 1083 1010 .

203 1032 252 1061 Et
261 1034 399 1069 quoniam
410 1026 512 1068 nostrae
529 1030 658 1060 Pietatis
672 1031 738 1060 Lex
751 1029 814 1060 vult
825 1038 869 1059 eos
883 1052 893 1068 ‚
920 1034 970 1069 qui
981 1026 1011 1069 se
1026 1031 1088 1059 Mo-

204 1078 342 1119 misteriis
353 1079 489 1111 dederint
502 1101 512 1117 ,
523 1076 574 1121 seu
586 1082 667 1110 viros
675 1076 728 1120 seu
740 1079 874 1110 mulieres
887 1101 897 1116 ,
923 1085 1084 1119 antequam

204 1130 411 1172 ingrediantur
440 1126 665 1168 nonasterium,
681 1140 683 1142 ·
702 1139 734 1160 eo
753 1139 809 1169 quo
831 1129 979 1160 voluerint
1003 1129 1086 1159 modo

205 1190 274 1221 quae
282 1176 417 1220 suasum
427 1176 578 1220 disponere
590 1202 601 1217 ,
615 1189 666 1210 nec
674 1178 747 1220 posse
755 1176 905 1220 postquam
916 1180 1084 1221 ingrediun-

204 1238 256 1262 tur
272 1227 474 1267 nonasterium
488 1252 498 1267 ,
524 1230 652 1260 ulterius
668 1230 834 1270 quidquam
855 1239 941 1271 agere
963 1228 999 1260 de
1017 1236 1073 1268 pro

200 1283 280 1321 priis
293 1300 303 1316 ‚
329 1286 426 1319 utpote
439 1282 560 1310 Domini
574 1289 673 1309 rerum
686 1289 741 1310 non
761 1277 914 1316 existentes
927 1278 1048 1310 ulteriur
1076 1301 1086 1316 ‚

205 1331 240 1361 eo
249 1328 329 1370 quod
334 1326 550 1369 sanciverimus
567 1338 619 1359 nos
630 1327 703 1368 huju
706 1327 800 1369 smodi
813 1334 895 1360 viros
907 1329 940 1359 es
951 1328 1083 1359 mulieres

203 1388 271 1410 cum
283 1386 396 1417 corpore
407 1379 439 1410 (5
450 1382 550 1410 anima
563 1375 626 1418 ipso
638 1378 757 1418 ingreffu
766 1378 810 1407 ad
817 1375 1023 1414 Monasterium
1039 1378 1083 1408 de-

205 1428 308 1459 dicare
316 1424 348 1467 se
354 1423 482 1467 suasque
490 1424 678 1467 substantias
691 1449 698 1456 .
726 1428 771 1456 Et
777 1424 807 1465 fi
821 1426 939 1465 quidem
960 1423 1083 1467 discesse-

206 1482 271 1508 rint
284 1500 294 1515 ‚
321 1486 439 1507 manere
449 1480 538 1506 etiam
549 1473 582 1511 fic
594 1486 689 1507 eorum
702 1473 888 1516 substantias
900 1480 932 1506 in
944 1475 1081 1514 Monafle-

206 1532 284 1560 rium
298 1548 308 1563 ,
333 1527 363 1556 eo
375 1526 453 1565 quod
463 1526 583 1556 Domini
596 1523 700 1556 barum
713 1526 833 1557 ulterius
847 1536 903 1556 non
925 1525 1051 1564 existant
1077 1549 1083 1556 .

204 1580 286 1611 ,Hinc
299 1584 398 1607 autem
410 1584 537 1606 metuere
552 1599 562 1614 ‚
587 1585 620 1606 ne
628 1573 709 1614 forte*
720 1598 730 1614 ,
749 1576 891 1618 ‘quamvis
904 1576 998 1614 nostra
1011 1581 1085 1608 Con·

198 1623 319 1663 stitutio
329 1624 418 1656 multo
427 1624 562 1665 posterior
568 1622 605 1664 fit
619 1648 630 1664 ,
655 1627 747 1666 quam
755 1626 834 1666 quod
846 1630 878 1657 in
898 1625 1081 1665 praediiram

206 1675 408 1707 venerabilem
419 1675 534 1707 domum
558 1675 682 1716 ingreffa
706 1673 744 1714 est
756 1698 766 1714 ‚
792 1675 885 1716 aliqui
902 1674 1081 1716 prohibeant

203 1735 271 1756 eam
279 1723 440 1767 prospicere
444 1723 497 1765 suo
503 1723 565 1765 filio
577 1738 588 1757 :
615 1726 648 1757 <5
671 1733 804 1766 oportere
823 1733 943 1766 propter
968 1726 1079 1765 praedi·

144 1810 150 1819 1,
203 1773 284 1806 llum
294 1784 402 1807 metum
415 1774 477 1806 haec
485 1781 674 1814 interpretari
686 1799 696 1814 ‚
724 1777 757 1808 ὢ·
768 1776 826 1818 lege
836 1774 930 1814 nostra
937 1775 1006 1817 fieri
1017 1787 1076 1807 ma-

203 1823 344 1864 nifestum
357 1848 367 1862 ,
393 1832 463 1866 quia
473 1824 549 1857 nibil
557 1822 629 1865 laesa
637 1823 688 1865 sit,
699 1835 751 1857 aut
761 1824 841 1866 filius
854 1827 918 1865 ejus
929 1830 1006 1858 circa
1014 1827 1080 1866 ejus

198 1871 388 1916 succeffionem
401 1886 441 1907 ex
465 1883 627 1907 memorata
653 1877 864 1914 Constitutione
877 1900 883 1907 .
914 1876 968 1908 Est
992 1878 1080 1909 casus

203 1935 272 1956 non
286 1924 438 1958 absimilis
452 1925 498 1957 illi
514 1947 524 1963 ‚
551 1935 648 1967 quern
662 1927 784 1958 sandius
796 1925 999 1969 Augustinus
1024 1938 1078 1959 no·

203 1972 253 2006 bis
263 1973 326 2014 jam
342 1975 425 2006 dixit
438 1974 576 2007 evenisse
603 1974 790 2011 Venerabili
818 1977 976 2008 Aurelio.
1005 1976 1079 2008 istic

204 2028 374 2064 parentum
389 2022 581 2056 testamento
594 2033 649 2055 aut
661 2024 836 2057 donationi
848 2024 933 2057 filius
945 2048 955 2063 ,
980 2024 1033 2057 hic
1045 2026 1078 2057 fi-

202 2071 272 2104 liali
287 2070 347 2112 juri
371 2072 550 2114 supervenit
563 2073 692 2106 adversa
706 2074 912 2106 Constitutio
923 2098 931 2104 .

256 2121 348 2154 Hinc
359 2121 535 2165 Imperator
547 2122 744 2163 justinianus
755 2123 798 2155 est
823 2124 991 2155 insecutus*
1011 2122 1077 2156 Au·

204 2170 274 2204 relii
288 2172 418 2212 vestigia
431 2195 441 2210 ,
469 2173 502 2204 ἀ
514 2172 552 2203 ad
568 2171 660 2203 istam
676 2171 884 2205 Relationem
898 2173 1050 2214 rescripsit
1067 2187 1077 2206 .-

206 2223 366 2261 Propterea
375 2219 524 2262 sancimus
536 2244 546 2260 ,
569 2219 596 2261 fi
603 2227 669 2262 quit
693 2222 900 2263 Monasierium
923 2221 1066 2255 habituve

204 2276 246 2303 rit
258 2277 307 2303 vir
316 2278 369 2302 aut
382 2272 484 2303 mulier
504 2279 576 2302 ante
588 2272 768 2311 praedieiam
790 2273 916 2313 nostram
936 2272 1075 2311 Constitu·

203 2325 313 2353 tlonem
326 2344 336 2360 ‚
363 2329 414 2353 aut
427 2319 567 2353 haetenus
579 2321 694 2354 habitet
707 2347 717 2362 ,
744 2324 778 2356 &⁶
789 2322 999 2364 maximEfiliis
1016 2330 1077 2355 exi-

198 2369 343 2410 stentibus
356 2394 366 2409 ,
406 2372 518 2402 nullam
541 2371 646 2404 babere
676 2374 864 2412 neceffitatem
885 2384 961 2404 nunc
978 2385 1075 2405 eorum

197 2418 396 2462 substantiam
407 2426 438 2452 ln
452 2421 655 2461 Monasterium
669 2446 678 2461 ‚
690 2421 745 2464 sed
752 2423 811 2463 filio
824 2433 876 2455 aut
888 2423 960 2464 filiae
975 2422 1072 2465 transl

203 2476 319 2503 mittere
330 2481 381 2502 aut
394 2481 487 2503 totum
498 2483 548 2503 aur
557 2477 648 2504 etiam
658 2480 775 2514 partem
784 2473 847 2516 suae
861 2472 1038 2516 substantiae
1065 2498 1075 2512 ‚

204 2530 258 2551 aut
269 2527 358 2550 etiam
370 2531 424 2560 quo
442 2523 565 2553 voluerit
577 2524 658 2553 modo
669 2534 714 2554 res
734 2523 807 2565 suas
834 2523 986 2566 disponere
998 2548 1007 2561 ‚
1034 2533 1066 2554 ut

200 2570 272 2610 pote
280 2576 410 2609 primam
423 2572 507 2602 illam
518 2573 606 2613 legem
618 2573 678 2604 alia
689 2575 783 2611 nostra
796 2574 852 2606 hac
866 2574 1075 2612 Constitutione

203 2625 418 2658 interpretante
432 2619 446 2663 <
458 2631 503 2652 eos
526 2626 604 2652 enim
625 2628 676 2663 qui
691 2621 784 2663 semel
794 2633 861 2655 ante
883 2633 1076 2655 memoratam

203 2668 315 2700 dudum
326 2669 450 2708 nostram
459 2671 548 2713 legem
560 2672 735 2710 Monasteria
749 2679 935 2707 intraverint
949 2697 958 2712 ,
972 2678 1003 2705 in
1015 2675 1076 2706 nul-

203 2720 229 2751 lo
236 2718 331 2758 postea
338 2718 429 2759 pofita
441 2721 488 2752 lex
499 2720 704 2760 contristatura
717 2723 754 2762 est
769 2748 779 2764 ‚
809 2734 864 2757 aut
879 2725 1020 2756 ablatura
1033 2734 1075 2755 eo·

204 2779 268 2800 rum
281 2771 439 2810 quaeprifu
452 2776 492 2803 eis
504 2780 535 2803 ut
546 2772 630 2804 liceat
643 2796 652 2811 ‚
678 2774 752 2805 data
768 2773 840 2816 sunt
855 2780 866 2815 )
879 2785 968 2816 neque
987 2774 1073 2814 prius

204 2818 308 2856 nostra
318 2819 372 2862 legi
385 2821 626 2861 impedimentum
636 2825 754 2862 penitus
761 2824 898 2864 faciente
910 2849 920 2864 ‚
945 2827 976 2856 eo
997 2825 1076 2865 quod

203 2879 297 2910 neque
305 2870 469 2911 pofflbileſst
482 2870 602 2913 bocfieri
614 2898 622 2911 ,
649 2882 683 2903 ut
695 2875 857 2916 oportuisset
867 2876 953 2915 prius
977 2871 1071 2915 dispo-

205 2929 273 2951 nere
283 2943 293 2959 ,
321 2922 353 2953 (θ’
364 2927 408 2951 ita
421 2924 537 2962 ingredi
548 2934 579 2954 in
596 2924 817 2962 Monaslerium.
846 2927 876 2956 51·
898 2927 968 2957 vero
992 2925 1074 2955 nulla

206 2977 273 3001 runc
295 2971 350 3001 tali
375 2971 525 3013 legeposi‘ta
543 2998 552 3012 ‚
580 2979 612 3004 in
642 2973 846 3013 Monasterium
867 2975 988 3018 ingressa
1001 2973 1037 3011 est
1064 2996 1073 3011 ,

206 3021 344 3059 quomodo
351 3019 416 3061 fieri
426 3027 555 3062 potuerit
568 3029 698 3054 converti
712 3027 842 3056 ordinem
853 3027 921 3067 legis
934 3047 943 3061 ‚
970 3026 1002 3056 <5
1012 3030 1071 3055 exi-

202 3078 269 3108 gere
281 3080 324 3101 σο]
338 3095 347 3110 ,
374 3078 424 3112 qui
433 3073 516 3112 prius
539 3075 651 3116 ingreffi
668 3073 740 3116 sunt
766 3077 970 3115 Monasterium
982 3098 992 3113 ,
1021 3074 1073 3105 illa

200 3115 300 3156 facere
312 3143 323 3158 ‚
350 3133 415 3161 quae
424 3123 509 3162 prius
523 3128 658 3166 ignorata
671 3147 682 3162 ‚
706 3124 804 3165 posteri
811 3134 863 3164 per
890 3128 1012 3156 sacram
1025 3135 1071 3154 nc-

201 3165 226 3203 st
228 3177 291 3196 ram
303 3171 615 3214 Constitutionemsunt
628 3179 774 3206 innovata
786 3176 798 3206 ?
819 3176 878 3206 Sed
885 3174 1071 3215 unumquemss

204 3227 257 3257 que
266 3225 399 3258 competit
406 3220 566 3262 secundum
575 3222 600 3265 s
595 3236 631 3255 ua
646 3233 779 3264 tempora
791 3224 947 3265 expedlare
958 3249 967 3263 ‚
997 3226 1030 3257 (θ’
1039 3234 1073 3254 ea

205 3268 326 3306 quidem
338 3279 404 3308 quae
411 3272 467 3309 post
479 3273 569 3315 legem
575 3272 645 3314 sunt
658 3298 667 3313 ,
695 3281 739 3305 ita
752 3286 884 3316 quaerere
891 3274 959 3315 fieri
972 3298 982 3313 ‚
1001 3272 1071 3313 ficut

203 3317 252 3347 lex
267 3318 348 3348 vult.
372 3320 401 3349 51'
414 3323 488 3359 quid
497 3332 595 3355 autem
607 3334 676 3355 ante
684 3324 775 3366 legem
793 3323 977 3366 subsecutum
997 3323 1034 3362 est
1063 3348 1072 3363 ‚

204 3365 255 3397 boc
268 3378 324 3398 non
335 3378 513 3402 commovere
524 3395 534 3410 ,
560 3384 648 3414 neque
655 3372 840 3415 perscrutari
859 3399 868 3413 ‚
892 3373 987 3416 sedin
996 3379 1070 3414 prio>

205 3420 232 3446 ri
245 3413 339 3458 figura
349 3420 524 3459 relinquere.
552 3426 623 3454 Haec
633 3429 722 3465 igitur
733 3425 783 3455 lex
804 3433 860 3465 pro
885 3432 1067 3465 interpreta-

199 3470 273 3497 tione
285 3468 350 3498 utili
363 3466 454 3508 posita
459 3468 495 3508 fit
512 3470 614 3507 nostrae
624 3478 734 3511 prioris
749 3475 826 3505 illius
839 3475 1073 3514 Constitutionit,

282 3515 390 3556 Christ.
402 3521 480 3560 Lupi
500 3523 599 3561 Opera
616 3524 696 3553 Tom.
722 3524 780 3555 ΧΙ.

1145 187 1177 211 ut
1190 179 1244 210 illa
1255 182 1286 209 in
1294 177 1492 222 posterioribus
1504 177 1683 221 temporibus
1695 200 1707 219 ‚
1731 188 1770 212 ex
1778 189 1834 221 quo
1836 177 1927 221 falia
1939 182 1977 220 est
2002 205 2015 223 ,

1145 229 1236 262 locum
1247 227 1358 261 babeat
1368 253 1378 269 ,
1406 230 1439 261 cb·
1451 231 1490 267 iis
1501 233 1654 270 quipostea
1677 240 1885 262 convertentur
1896 254 1907 269 ‚
1935 237 2014 264 viris

1147 289 1182 311 ac
1192 278 1362 311 mulieribus
1370 277 1463 320 posita
1469 279 1507 318 fit
1520 303 1530 318 ,
1549 279 1659 322 sibique
1667 280 1839 321 potestatem
1850 287 1882 312 in
1893 280 1952 311 illis
1969 291 2015 312 cu·

1142 328 1251 368 studiat
1261 352 1272 368 ,
1300 328 1506 367 mortborum,
1531 340 1599 370 quae
1611 341 1699 362 antea
1715 329 1842 374 fuerunt
1853 354 1864 368 ,
1883 328 2015 371 perscru-

1147 381 1240 411 tando
1252 402 1262 417 ,
1287 379 1351 411 cum
1361 380 1478 411 licentia
1481 376 1520 418 fit
1528 380 1674 418 prioribus
1686 387 1762 412 virts
1775 391 1810 413 ac
1821 381 1988 412 mulieribus
2001 402 2014 418 ,

1147 434 1199 470 qui
1225 428 1451 470 habitaverint,
1477 437 1528 460 aut
1550 435 1642 460 etiam
1665 429 1803 462 badlem'ts
1827 429 1967 463 habitant
1980 437 2016 462 m

1147 477 1329 516 Monasteriis
1343 502 1354 517 ‚
1379 481 1412 511 Θ
1424 479 1555 510 maxime
1563 477 1636 518 filiis
1648 479 1840 518 existentibus
1851 504 1861 520 ‚
1883 478 1958 523 suas
1967 490 2017 512 ree

1147 539 1202 570 quo
1213 528 1317 560 volunt
1327 526 1478 570 disponere
1489 529 1572 559 modo
1583 550 1591 560 .
1755 539 1760 546 ¹

1196 577 1300 611 Plura
1312 577 1391 611 hinc
1417 577 1590 616 discimus,
1618 577 1725 620 primo
1736 602 1751 624 ,Ι
1773 577 1861 621 quod
1882 580 2016 623 quisque

1145 627 1228 662 olim
1243 628 1420 671 professus,
1448 628 1503 660 nisi
1515 637 1609 660 antea
1618 629 1652 660 se
1667 628 1849 662 solemni&
1869 628 2019 672 legitima

1147 679 1198 711 via
1211 678 1347 710 exuisset
1358 702 1368 718 ‚
1395 677 1546 711 retineret
1558 678 1687 720 plenam
1710 678 1937 720 proprietatem
1950 690 2020 712 om-

1148 729 1197 761 nis
1211 730 1270 761 suae
1283 727 1483 768 substantiae,
1513 738 1572 760 nec
1602 728 1702 770 ipsam
1718 739 1770 770 per
1793 726 2019 770 professionem

1147 777 1332 811 devolveret
1347 778 1379 810 in
1395 777 1632 811 Monasterium
1643 802 1652 810 .
1680 776 1828 810 secunde>
1840 802 1850 817 ,
1877 778 1964 820 quod
1979 778 2021 811 de

1148 828 1205 861 ista
1217 828 1413 870 proprietate
1426 830 1525 870 posset
1549 829 1671 870 semper
1689 828 1860 870 disponere
1871 840 1881 859 :
1912 828 2021 862 Etiam

1147 888 1201 922 per
1224 872 1471 910 testamentum.
1499 877 1620 911 Tertio
1640 902 1651 918 ,
1677 877 1768 920 quod
1791 877 2021 910 testamentum

1147 928 1248 971 posset
1261 927 1403 961 condere
1412 936 1483 960 non
1494 928 1667 961 dumtaxat
1679 928 1711 960 in
1727 927 1813 960 filios
1825 951 1835 966 ‚
1858 925 1910 959 sed
1921 928 2022 960 etiam

1147 980 1181 1011 in
1195 987 1383 1011 extraneos.
1407 977 1537 1023 Qarto
1551 1002 1562 1018 ‚
1582 976 1677 1020 'quod
1700 978 1801 1019 posset
1824 977 1872 1010 vel
1891 977 1926 1009 in
1949 978 2023 1009 suos

1147 1028 1196 1061 vel
1207 1028 1240 1060 in
1255 1038 1428 1061 extraneos
1442 1029 1549 1072 legare
1562 1038 1617 1060 aut
1628 1028 1752 1060 donare
1767 1028 1866 1060 etiam
1888 1037 2024 1060 omnem

1147 1078 1358 1111 substantiam
1382 1102 1393 1116 ,
1420 1073 1468 1110 ac'
1479 1077 1562 1110 nihil
1584 1078 1764 1120 relinquere
1785 1077 1988 1110 Monasterio
2015 1101 2023 1108 .

1150 1127 1279 1174 Quinto
1291 1152 1301 1167 ‚
1328 1127 1415 1171 quod
1430 1128 1610 1170 Imperator
1620 1127 1817 1169 Justinianus
1830 1127 1896 1160 haec
1912 1126 2027 1161 omnia

1149 1179 1341 1212 mutaverit.
1374 1178 1505 1211 Etenim
1520 1177 1630 1210 statuit
1643 1202 1652 1217 ,
1681 1177 1770 1220 quod
1784 1177 1934 1219 professio
1955 1187 2024 1210 om-

1150 1239 1222 1261 nem
1237 1228 1276 1260 de
1289 1238 1350 1269 qua
1377 1226 1570 1269 profeffurus
1591 1238 1657 1260 non
1680 1227 1858 1269 disposuit,
1886 1226 2028 1260 substan-

1149 1279 1226 1310 tiam
1239 1276 1403 1309 transferat
1426 1277 1460 1308 in
1484 1277 1612 1318 plenam
1637 1276 1828 1310 Monasterii
1853 1277 2028 1318 proprieta-

1149 1338 1213 1360 tem
1226 1350 1237 1366 ‚
1263 1337 1300 1359 ac
1314 1325 1487 1368 professum
1499 1328 1590 1358 omni
1613 1327 1769 1358 dominio
1789 1335 1886 1358 exuat
1900 1349 1910 1364 ,
1939 1326 2027 1358 ideo·

1148 1388 1210 1419 que
1223 1377 1255 1409 δε
1274 1376 1464 1418 incapacem
1478 1375 1586 1408 reddat
1601 1375 1640 1408 ad
1654 1375 1770 1418 quovis
1782 1375 1883 1407 modo
1906 1385 1961 1408 aut
1977 1377 2029 1408 via.

1147 1428 1187 1460 de
1202 1427 1269 1469 ipsa
1285 1425 1546 1468 disponendum.
1578 1426 1700 1464 Sexto,
1728 1426 1816 1467 quod
1831 1424 1884 1457 ista
1898 1448 1910 1465 ‚
1935 1426 2027 1458 uti&

1147 1477 1266 1520 quaevis
1274 1476 1336 1509 alia
1349 1475 1555 1517 Imperatoris
1566 1475 1635 1507 Lex
1650 1476 1725 1508 solis
1736 1475 1852 1508 futuris
1866 1475 1944 1518 figat
1960 1486 2029 1508 mo·

1147 1528 1225 1560 dum
1241 1551 1251 1566 ,
1281 1537 1347 1559 non
1368 1527 1558 1568 praeteritis.
1583 1525 1648 1558 His
1667 1525 1796 1558 nullum
1820 1525 1955 1563 inferat,
1984 1526 2029 1557 in-

1149 1577 1277 1615 tulerit,
1306 1586 1361 1608 aut
1377 1575 1503 1608 illatura
1517 1574 1780 1618 fitpraejudicium
1791 1599 1798 1607 .
1824 1575 1864 1607 Et
1878 1574 1957 1607 hinc
1981 1576 2030 1608 us-

1146 1638 1209 1670 que
1221 1626 1262 1660 ad
1275 1625 1366 1659 issam
1381 1626 1487 1670 legem
1503 1625 1629 1667 professi
1645 1635 1792 1667 poterant
1804 1624 1861 1657 ista
1889 1625 2003 1659 omnia
2015 1648 2023 1656 .

1147 1678 1199 1711 De
1210 1687 1278 1710 tota
1291 1675 1468 1709 substantia
1482 1676 1655 1718 disponere
1666 1677 1766 1709 etiam
1781 1677 1814 1708 in
1827 1686 2003 1709 extraneos
2013 1699 2021 1706 .

1148 1727 1255 1760 Etiam
1270 1728 1303 1759 in
1319 1727 1424 1769 proles
1436 1736 1491 1758 aut
1515 1725 1666 1758 coelibes.
1698 1726 1774 1758 Hoc
1796 1725 1952 1758 evincunt
1978 1726 2026 1759 bis

1145 1778 1277 1819 repetita
1291 1776 1384 1809 verba
1396 1789 1406 1808 .·
1435 1778 1478 1806 Et
1487 1777 1620 1808 maxime
1638 1776 1714 1817 filiis
1726 1774 1921 1813 existentibus
1934 1799 1941 1806 .
1964 1775 2027 1807 His

1147 1828 1317 1870 praesertim
1330 1825 1530 1868 justinianus
1543 1826 1648 1858 noluit
1666 1826 1887 1867 p.aeju.iicare.
2063 1863 2066 1864 ⁷

1189 1877 1332 1910 Eandem
1347 1878 1483 1919 gratiam
1495 1874 1696 1918 justinianus
1708 1876 1884 1918 postmodo
1896 1875 2028 1918 amplia-

1145 1928 1190 1960 vit
1212 1937 1309 1970 atque
1337 1927 1486 1959 extendit
1511 1927 1544 1958 in
1572 1926 1715 1959 Novella
1739 1927 1810 1970 lege
1830 1926 1868 1959 ad
1892 1926 2025 1960 Petrum

1146 1977 1336 2020 Magistrum
1353 1977 1549 2010 Officiorurn
1565 1990 1576 2010 .·
1603 1978 1701 2018 siqua
1713 1978 1816 2009 mulier
1827 1985 1880 2009 aut
1901 1982 1952 2009 vir
1966 1981 2025 2008 Mo·
2044 1977 2124 2021 Cap.
2135 1977 2195 2024 38,

1144 2027 1282 2066 naflicam
1298 2028 1415 2069 elegerit
1430 2032 1528 2058 vitam
1541 2051 1551 2066 ‚
1579 2029 1790 2059 &intraverit
1805 2026 2023 2066 Monasterium,

1139 2077 1212 2117 filiis
1227 2089 1282 2108 non
1293 2076 1467 2110 extantibus
1479 2098 1488 2113 ,
1506 2076 1676 2113 Monaslerio
1686 2077 1764 2118 quod
1774 2078 1940 2119 ingreditur
1952 2102 1961 2117 ,
1974 2089 2022 2110 res

1143 2129 1204 2165 ejus
1219 2125 1516 2166 competerejubemus
1529 2149 1536 2156 .
1564 2129 1595 2157 51*
1608 2129 1677 2158 vero
1702 2129 1773 2157 talis
1795 2125 1921 2167 persona
1942 2126 2023 2168 filios

1141 2170 1273 2214 habeats,
1300 2178 1333 2208 (w
1347 2187 1403 2207 non
1415 2184 1576 2215 antequam
1588 2180 1678 2206 intret
1692 2175 1900 2214 Monasterium
1912 2178 1949 2208 de
1959 2176 2023 2217 suis

1141 2225 1223 2258 rebm
1230 2225 1337 2266 fecerit
1352 2224 1563 2266 d1spofitionem
1576 2249 1585 2264 ,
1602 2227 1635 2258 (ς
1648 2225 1814 2268 legitimam
1821 2234 1941 2266 partem
1949 2227 2023 2268 filiis

1139 2277 1330 2317 deputaverit
1343 2299 1352 2312 ,
1389 2280 1478 2307 etiam
1491 2275 1531 2315 fic
1549 2275 1639 2307 liceat
1663 2282 1688 2307 et
1701 2274 1861 2317 postquam
1879 2275 2023 2317 Monaste-

1140 2334 1216 2358 rium
1237 2327 1420 2368 ingreditur,
1442 2323 1529 2367 suam
1555 2324 1737 2366 facultatem
1759 2332 1791 2357 in
1810 2333 1942 2366 proprios
1977 2329 2024 2358 di-

1122 2378 1240 2420 4videre
1259 2375 1335 2417 filios
1347 2401 1356 2414 ,
1387 2380 1430 2407 ita
1445 2385 1546 2407 tamen
1556 2385 1588 2407 ut
1603 2377 1674 2408 nulli
1682 2375 1810 2416 filiorum
1830 2374 1948 2417 suorum
1971 2381 2024 2407 mi-

1113 2435 1115 2438 *
1140 2436 1213 2458 nuat
1225 2427 1385 2468 legitimam
1396 2434 1515 2465 partem
1530 2438 1540 2457 :
1567 2438 1656 2466 quam
1667 2429 1737 2458 vero
1750 2437 1806 2458 non
1816 2427 1931 2458 dederit
1937 2425 2014 2466 filiis

1137 2484 1258 2516 partem
1270 2501 1280 2516 ,
1299 2474 1475 2516 Monasterio
1496 2483 1657 2515 competat.
1687 2477 1802 2508 sivero
1815 2486 1926 2507 omnem
1943 2474 2021 2527 sub(-

1137 2526 1285 2567 siantlam
1300 2532 1374 2557 inter
1388 2525 1463 2566 filios
1475 2526 1613 2557 dividere
1626 2524 1752 2557 voluerit
1764 2549 1774 2564 ,
1797 2531 1919 2566 propria
1926 2525 2023 2568 perso-

1140 2588 1179 2608 na
1186 2575 1254 2617 filiis
1267 2585 1474 2608 connumerata
1486 2598 1495 2613 ,
1521 2586 1612 2606 unam
1617 2574 1671 2614 fibi
1680 2583 1801 2614 partem
1811 2576 1946 2608 omnibus
1964 2588 2022 2607 mo-

1139 2628 1186 2658 dis
1199 2633 1327 2658 retineat
1341 2649 1350 2663 ‚
1375 2636 1440 2665 quae
1454 2624 1562 2656 debeat
1568 2627 1637 2663 juri
1651 2623 1827 2666 Monasterii
1844 2635 2014 2667 competere.

1139 2678 1170 2707 51·
1182 2679 1293 2708 veroin
1307 2672 1481 2715 Monasterio
1492 2675 1600 2716 degens
1615 2681 1759 2707 moriatur
1774 2697 1784 2713 ,
1801 2685 1963 2718 antequam
1978 2681 2022 2709 in-

1138 2734 1182 2758 ter
1188 2726 1267 2767 filios
1277 2723 1346 2766 suos
1356 2730 1499 2765 proprias
1514 2723 1676 2765 distribuat
1690 2736 1737 2758 res
1752 2749 1761 2763 ‚
1775 2726 1940 2768 legitimam
1949 2735 2021 2767 par-

1137 2784 1196 2807 tem
1203 2774 1260 2816 filii
1277 2779 1461 2815 percipiant.
1491 2776 1618 2814 Reliqua
1640 2778 1710 2807 vero
1730 2774 1908 2817 substantiae
1940 2784 2019 2817 pars

1138 2823 1311 2867 Monasterio
1332 2833 1476 2865 competat
1494 2849 1501 2856 .
1539 2825 1688 2872 Qidam
1715 2824 1909 2868 conjugati,
1936 2826 2017 2860 dum

1136 2885 1426 2915 converterentur,
1453 2886 1586 2908 omnem
1603 2875 1814 2908 substantiam
1839 2875 1926 2909 suam
1940 2876 2019 2909 infe-

1138 2923 1249 2958 rebant
1264 2924 1478 2957 Monaslerio.
1510 2925 1619 2957 Etiam
1641 2924 1778 2958 exclusis
1804 2925 1899 2958 filiis.
1942 2925 2019 2959 Hoc

1138 2975 1325 3017 imperatori
1341 2975 1525 3017 justiniano
1539 2999 1548 3013 ,
1576 2986 1612 3007 ac
1627 2975 1794 3016 praesertim
1810 2974 1979 3018 Episcopis
2004 3001 2015 3017 ,

1136 3038 1174 3057 ex
1188 3037 1327 3067 quorum
1342 3025 1462 3058 adseffu
1475 3023 1644 3065 &judicio
1659 3024 1713 3057 ille
1738 3025 1889 3058 condidit
1913 3025 2019 3068 hujus-

1138 3075 1225 3108 modi
1241 3077 1326 3119 leges
1340 3099 1350 3114 ,
1378 3076 1480 3107 visum
1492 3074 1535 3106 est
1546 3073 1701 3107 devium.
1737 3075 1778 3108 Et
1790 3075 1858 3117 jure
1871 3078 1990 3109 merito
2009 3102 2017 3109 .

1137 3126 1228 3158 Hinc
1241 3126 1360 3167 adjet‘ta
1376 3126 1446 3156 sunt
1463 3125 1574 3166 plura.
1606 3124 1639 3156 Pi
1651 3124 1718 3158 imo
1733 3149 1742 3164 ,
1758 3137 1790 3157 ut
1804 3127 1883 3159 tales
1898 3127 2018 3159 Paren-

1135 3185 1194 3214 tes,
1204 3176 1259 3218 qui
1274 3187 1382 3208 tamen
1397 3185 1491 3207 antea
1505 3174 1651 3218 legitime
1665 3187 1731 3207 non
1745 3175 2018 3218 disposuiffent‚e-

1134 3226 1210 3259 tiam
1223 3227 1291 3268 post
1306 3224 1531 3268 professionem
1546 3226 1671 3267 possent
1683 3224 1854 3268 disponere
1867 3227 1900 3259 in
1910 3226 1997 3258 filios
2008 3249 2017 3258 .

1135 3276 1286 3309 Secundo
1301 3300 1310 3314 ,
1335 3274 1423 3317 quod
1437 3275 1608 3316 disponere
1622 3278 1747 3313 ponent
1762 3277 1793 3308 in
1810 3278 1893 3308 solos
1911 3276 1995 3308 ulios
2006 3299 2016 3307 .

1135 3325 1275 3365 Tertio,
1299 3325 1387 3367 quod
1413 3323 1478 3355 illis
1502 3324 1657 3358 omnibus
1679 3326 1711 3359 δ(
1737 3325 1870 3369 singulis
1882 3324 2020 3359 obstrin-

1135 3386 1288 3418 gerentur
1316 3374 1459 3416 praestare
1482 3374 1665 3418 legitimam
1689 3400 1696 3406 .
1724 3376 1855 3419 Quarto
1881 3398 1891 3412 ,
1927 3373 2018 3416 quod

1137 3424 1210 3467 ipsis
1236 3427 1360 3468 possent
1384 3424 1566 3466 relinquere
1590 3436 1725 3458 omnem
1761 3432 1846 3457 luam
1878 3422 2020 3458 substan·

1137 3471 1216 3509 tiam
1231 3499 1238 3508 .
1302 3474 1396 3507 uinto
1412 3498 1423 3515 ‚
1447 3474 1535 3519 quod
1563 3485 1641 3508 tunc
1663 3486 1731 3508 non
1753 3475 1882 3517 possent
1900 3473 2029 3515 penitus

1583 3525 1611 3557 F
1859 3524 1973 3557 exclu-
