2366 3736
124 736 127 739 Δ
181 691 238 737 sub
248 695 434 725 Sacramenta
444 693 577 726 mirabili
586 696 726 734 Paffionts
738 704 798 726 tuae
810 703 979 729 memoriam
997 698 1064 729 reli-

560 62 643 107 Da
689 61 904 108 Samus
952 63 1511 113 Pitocesstoutnus.

182 143 236 184 Iste
254 145 338 188 quasi
345 144 555 178 bumiliationis
565 157 601 179 ac
610 152 713 180 mortis
723 170 734 186 ,
761 146 808 180 bic
823 149 892 182 verb
903 150 1058 183 exaltatio·

181 201 230 227 m'e
250 198 284 230 (9⁴
298 197 402 238 gloriae
417 219 424 227 .
453 195 585 230 Etenim
610 198 805 231 sacrosancta
820 195 1018 232 Eucharistia
1047 225 1058 240 ,

179 245 246 278 sive
257 246 478 286 consecretur,
505 246 568 279 sive
580 246 820 280 circumferatur
832 270 843 287 ‚
869 248 934 281 five
957 247 1058 290 publi-

180 293 218 328 ce
234 305 412 337 exponatur
432 320 442 335 ‚
468 296 528 328 five
547 295 634 330 intra
662 295 929 332 Tabernaculum
954 299 1060 333 custo-

181 344 310 384 diatur,
339 345 551 379 Dominicam
574 347 697 389 semper
725 345 908 381 Passionem
929 357 966 380 ac
978 358 1059 381 mor·

180 403 248 428 tem
267 393 361 428 nobis
380 396 582 438 repraesentat
601 417 612 433 ‚
649 406 826 439 numquam
848 397 915 439 ejus
934 399 1058 431 resurre-

180 444 323 482 ctionem
335 455 391 479 aut
402 444 654 478 exaltationem.
682 445 813 489 Semper
822 447 852 480 ei
870 445 957 480 adest
974 445 1060 490 Apo-

181 494 257 527 stoli
281 496 425 539 elogium
437 506 450 526 .·
477 496 600 526 Mortem
611 498 730 528 Domini
743 496 962 530 annuntiabitis
974 498 1062 530 donec

182 549 310 577 veniat.
337 545 428 578 Hinc
457 542 627 584 Coflesta,
654 556 751 588 quam
774 556 832 588 pro
845 546 913 589 ejus
926 546 1060 580 solemni

182 594 406 636 expositione,
430 593 464 625 ὃ(
477 592 780 637 circumgestatione
803 595 833 628 S.
847 595 1000 630 Thomas
1013 598 1062 630 A·

181 644 297 684 quinas
306 643 489 685 composuit
506 667 517 683 ‚
537 645 579 677 est
594 643 804 687 hujusmodi:
828 647 1061 689 Deusquinobis

184 741 283 784 quisti,
294 743 388 774 tribue
398 741 564 784 quaesumus
575 768 585 782 ,
598 750 641 775 ita
654 757 704 776 nor
713 748 849 786 Corporis
861 748 894 779 Θ
905 748 924 778 5
926 752 1063 789 anguinis

182 798 229 824 tui
245 791 332 835 sacra
349 793 480 832 Mysteria
502 799 660 831 veneram,
687 803 721 826 ut
732 796 955 835 lei-demptionis
967 806 1027 827 tuae
1054 819 1064 834 ,

184 841 249 876 hoc
271 843 315 875 est
338 853 399 875 tua:
415 842 577 876 Passionis
598 844 784 887 &Meuia
803 844 940 884 fruHum
957 843 1062 886 sentia·

183 903 266 924 nius.
295 894 548 926 Sacramentales
565 894 706 935 species,
726 891 923 937 ubicumque
934 895 1065 934 fuerint,

183 943 307 984 semper
320 942 416 976 nobis
435 944 659 985 repraesentant
672 943 801 984 Corpus
811 943 950 978 divisum
961 946 978 976 a
990 944 1064 978 San-

182 992 288 1037 guine
300 1015 311 1032 ,
326 991 465 1034 ideoque
477 991 615 1025 Domini
628 1000 779 1032 mortem,
792 1004 859 1026 non
871 995 1067 1028 resurrestio·

184 1052 261 1074 nem
277 1065 285 1073 .
311 1042 403 1074 Dum
417 1041 660 1074 sacrosanctum
674 1042 916 1077 Sacramentum
929 1045 1064 1087 exponi-

185 1101 259 1124 mus
278 1101 335 1124 aut
355 1091 613 1125 circumferimus
638 1091 839 1126 adorandum
862 1117 873 1133 ,
902 1095 1067 1136 explemus

184 1140 328 1174 Domini
341 1141 375 1172 in
391 1140 575 1185 Evangelio
588 1140 719 1174 verbum
732 1155 744 1174 :
770 1144 848 1177 sicut
859 1143 964 1185 Moyses
985 1146 1067 1176 exal·

185 1196 269 1222 tavit
291 1191 460 1232 serpentem
483 1196 516 1222 in
539 1189 673 1232 deserto,
699 1197 743 1223 ita
751 1194 882 1225 exaltari
890 1202 1003 1235 oportet
1016 1198 1064 1226 Fi-

183 1239 258 1272 lium
271 1243 406 1273 Hominis
419 1263 430 1279 ,
457 1249 491 1272 ut
502 1247 595 1273 omnis
605 1247 658 1282 qui
670 1243 764 1274 credit
773 1248 805 1274 in
818 1242 913 1284 ipsum
922 1269 932 1284 ,
954 1256 1010 1276 non
1019 1253 1068 1286 pe·

185 1299 253 1322 reat
262 1313 273 1327 ,
299 1287 352 1331 sed
360 1289 470 1323 babeat
483 1297 582 1323 vitam
594 1300 738 1324 «eternam
750 1316 757 1323 .
769 1292 1003 1327 Eucharistiam
1018 1306 1069 1327 ex-

187 1340 344 1382 ponimus
358 1340 680 1380 &circumferimus,
707 1353 743 1375 ut
754 1344 913 1377 omnesin
929 1344 1067 1377 Domini

187 1390 289 1422 nossri
308 1400 446 1424 mortem
458 1389 635 1432 adspiciant
649 1416 660 1432 ‚
685 1402 782 1435 atque
794 1393 837 1427 ita
849 1399 904 1435 per
918 1393 1022 1436 ipsum
1033 1393 1069 1427 li·

188 1438 340 1473 berentur
360 1440 379 1475 ὲ
393 1439 549 1474 morsibus
561 1440 753 1483 spiritalium
767 1442 950 1484 serpentum
964 1467 971 1474 .

239 1490 387 1535 Qartus
398 1500 486 1522 error
495 1490 559 1530 est,
591 1490 679 1532 quod
700 1490 813 1524 diversi
827 1492 917 1526 istius
930 1493 965 1525 in
977 1491 1071 1526 Chri-

188 1538 240 1572 sto
263 1539 363 1572 status
383 1539 556 1572 meditatio
578 1540 615 1572 sit
641 1552 714 1574 nata
728 1552 870 1576 mentem
883 1542 1025 1577 nostram
1039 1543 1071 1575 in

189 1589 313 1623 diversa
327 1587 502 1622 distrahere
514 1613 521 1621 .
550 1589 680 1633 Nempe
701 1591 874 1626 meditatio
887 1591 1073 1625 Dominicae

190 1638 350 1673 Passionis
362 1649 401 1672 ac
413 1639 546 1679 mortis,
572 1651 610 1673 ac
621 1640 793 1674 meditatio
813 1642 999 1675 Dominicae
1011 1641 1072 1673 Re-

190 1689 412 1722 surrestionis.
436 1688 492 1721 Est
517 1691 698 1731 paradoxas
719 1699 823 1722 error.
851 1689 983 1722 Etenim
1005 1700 1074 1732 quae

190 1738 249 1780 piae
281 1748 372 1770 aures
404 1738 471 1769 fine
496 1736 587 1780 gravi
612 1736 792 1770 offensione
815 1738 990 1772 sustineant
1015 1751 1073 1771 nos

191 1796 302 1820 mente
324 1785 458 1818 distrahi
477 1787 514 1817 in
533 1786 616 1816 varia
630 1808 641 1822 ‚
667 1786 746 1817 dum
767 1786 890 1818 attente
909 1798 946 1822 ac
957 1787 1074 1820 devote

192 1835 334 1869 dicimus
356 1833 389 1866 in
402 1833 609 1871 sacrosancto
621 1833 806 1867 Sacrificio:
834 1836 1072 1868 vaureta-memo-

191 1896 240 1918 res
253 1886 374 1915 Domine
387 1895 439 1916 nos
456 1882 542 1925 servi
563 1888 628 1922 tui,
650 1881 708 1924 sed
717 1885 750 1917 (9⁴
764 1884 852 1917 Plebs
862 1892 916 1917 tua
930 1884 1038 1927 sanc'la
1061 1910 1071 1926 ‚

192 1932 325 1977 ejusdem
346 1932 470 1972 christi,
504 1934 577 1964 Filii
597 1938 662 1972 tui,
680 1940 744 1966 tam
768 1936 874 1966 Beatae
897 1936 1037 1976 Pafflonis
1064 1959 1075 1975 ‚

190 1994 241 2017 nec
255 1994 312 2016 non
329 1982 366 2015 ab
379 1982 488 2020 Inferis
499 1982 717 2024 reficrrec‘lionis
731 2007 742 2022 ‚
752 1982 811 2026 fi'd
818 1985 851 2017 (π
862 1990 894 2016 in
909 1987 1005 2018 Caelos
1012 1987 1073 2027 glo-

191 2031 278 2076 riosae
291 2031 461 2075 Ascensionts
476 2057 486 2072 ,
498 2031 648 2073 offerimus
660 2056 671 2071 ,
683 2034 739 2066 &aa
753 2032 861 2067 Etiam
873 2034 952 2068 alibi
966 2035 1074 2069 Eccle-

191 2084 234 2116 fia
247 2093 318 2116 orat
331 2096 342 2115 .·
368 2085 510 2115 Gratiam
523 2108 532 2122 ,
558 2081 728 2124 quaesumus
740 2107 751 2122 ‚
777 2085 899 2116 Domine
925 2085 1075 2118 mentibus

192 2132 295 2170 nostris
308 2131 454 2173 infunde,
482 2138 598 2174 utqui,
625 2134 731 2176 Angelo
757 2139 937 2175 nunciante,
965 2133 1076 2174 Christi

194 2182 269 2216 Filii
292 2185 588 2215 tuilncarnaeionem
608 2187 815 2223 cognovimus,
839 2192 896 2225 per
920 2185 1075 2224 Pasfionem

193 2234 259 2272 ejus
274 2233 308 2267 <⁷5
318 2235 440 2265 Crucem
450 2234 494 2265 ad
501 2230 850 2275 resurret‘lionisgloriam
857 2235 1072 2275 perducamur.

194 2283 314 2315 Oratio
344 2293 462 2315 omnes
497 2282 577 2315 istos
603 2281 727 2315 Christi
750 2283 890 2316 Domini
921 2284 1020 2318 status
1042 2284 1075 2316 in

195 2342 299 2365 unum
321 2331 453 2375 colligit
465 2354 476 2370 ,
504 2331 644 2375 ideoque
656 2330 779 2364 dicitur
790 2332 933 2367 Concita
943 2358 950 2366 .
966 2333 1078 2367 Plures

196 2379 344 2415 Ecclefiae
356 2381 522 2415 orationes
534 2381 607 2413 sunt
620 2381 822 2415 istiusmodi.
836 2383 889 2415 An
901 2385 980 2427 ergo
991 2395 1076 2416 men·

164 2463 166 2465 ,
195 2440 263 2464 tem
284 2430 424 2463 nostram
446 2429 487 2462 ad
499 2429 623 2463 diversa
635 2429 840 2465 distrahunt?
866 2431 957 2466 Absit
971 2457 978 2464 .
1004 2432 1078 2466 Sola

197 2479 299 2514 nostri
319 2479 439 2512 amoris
459 2479 492 2511 in
512 2480 623 2514 Deum
636 2479 871 2515 &Creaturam
895 2482 1011 2515 divisio
1034 2481 1076 2514 est

197 2529 315 2563 nostrae
341 2527 460 2562 mentis
485 2527 673 2568 distractio,
700 2530 840 2572 ideoque
852 2531 1015 2563 variorum
1037 2530 1077 2563 ad

197 2578 399 2614 adorandam
433 2577 621 2612 Dominicae
664 2577 901 2612 Incarnationis
941 2590 1079 2613 oecono-

197 2631 303 2663 miam
327 2627 539 2671 spectantium
551 2627 786 2670 Mysteriorum
799 2628 967 2663 meditatio
979 2629 1078 2672 ipsam

199 2679 296 2714 nullo
316 2679 409 2722 pasto
426 2676 599 2716 distrahit,
627 2676 679 2711 sed
703 2677 799 2720 quam
825 2679 968 2712 maxime
989 2679 1080 2712 colli·

199 2730 251 2775 git
274 2728 408 2762 inistud
420 2729 605 2770 supremum
618 2726 740 2761 Unum
765 2751 776 2767 ,
802 2727 843 2761 de
866 2728 982 2771 quoad
994 2728 1081 2762 Mar·

199 2778 293 2813 tham
311 2776 479 2811 Dominus
502 2790 509 2809 :
538 2776 662 2810 Martha
685 2800 696 2816 ‚
725 2777 850 2810 Martha
875 2803 885 2818 ,
906 2777 1032 2819 sollicita
1050 2790 1080 2811 es

201 2832 236 2863 <5
263 2828 394 2862 turbaris
418 2838 488 2873 erga
511 2828 664 2870 plurima,
687 2830 777 2869 porra
794 2839 886 2860 unum
904 2828 942 2867 est
962 2829 1081 2871 neceffa·

201 2885 281 2913 rium
293 2902 302 2911 .

252 2929 400 2976 Qintus
421 2938 510 2962 error
530 2927 576 2961 est
600 2951 611 2967 ‚
638 2926 727 2971 quod
753 2926 895 2968 Maiores
918 2927 1016 2961 nostri
1043 2926 1081 2961 ad

203 2977 295 3013 istam
318 2978 559 3012 distractionem
583 2975 769 3010 evitandam
791 2977 954 3011 noluerint
975 2979 1009 3011 in
1023 2978 1082 3010 isto

203 3028 311 3062 Altari
326 3052 336 3068 ,
357 3029 390 3062 in
405 3039 472 3071 quo
483 3029 557 3060 esset
569 3027 752 3071 expolitum
765 3027 1000 3061 Sanniffimum
1012 3051 1022 3066 ,
1034 3038 1082 3060 ce·

204 3077 319 3111 lebrari
333 3077 435 3111 Miffae
445 3077 645 3111 Sacrificium
658 3100 666 3108 .
694 3077 828 3110 Etenim
850 3077 907 3110 ista
922 3077 1081 3110 variorum

203 3127 441 3171 Mysteriorutn
467 3128 639 3161 meditatio
658 3137 764 3169 neque
779 3128 822 3160 est
837 3126 1002 3160 distrastio
1027 3138 1082 3160 no-

204 3179 274 3212 ssrae
295 3177 433 3216 mentis,
459 3189 518 3211 nec
539 3177 632 3220 possit
655 3176 830 3220 improbari
852 3176 893 3210 ab
906 3176 1045 3210 Ecclesia
1072 3201 1081 3216 ‚

204 3228 345 3270 ideoque
361 3227 401 3261 ad
425 3227 523 3269 ipsam
543 3227 727 3261 evitandam
740 3238 809 3260 non
824 3227 1083 3269 poffitemanaffe

204 3276 388 3312 istiusmodi
410 3277 608 3314 Decretum.
634 3279 726 3325 Qin
751 3276 956 3310 immoistam
982 3277 1080 3310 nostri

204 3326 400 3362 Mediatoris
423 3326 633 3360 multifariam
645 3327 892 3361 meditationem
905 3326 1010 3360 Mater
1024 3326 1081 3360 Ec-

201 3378 299 3413 clesia
322 3374 546 3412 instantissime
561 3377 775 3414 commendat
797 3402 804 3411 .
828 3377 923 3413 Hinc
947 3388 988 3412 ex
1014 3376 1082 3420 ejus

1864 87 1960 135 357

1118 149 1199 191 jussu
1210 160 1378 185 cantamus
1390 164 1398 184 ε
1418 156 1444 184 ο
1455 155 1575 186 sacrum
1587 156 1787 196 ConvIvium,
1797 160 1828 190 in
1839 170 1894 200 quo
1903 162 1990 195 cha.

1116 199 1179 238 stus
1196 197 1345 241 sumitur,
1371 203 1502 234 recolitur
1522 209 1660 235 memoria
1686 206 1821 245 Paffionis
1846 211 1926 250 ejus,
1953 214 1988 246 (9

1114 248 1229 290 futurae
1245 251 1348 291 gloriae
1373 252 1455 284 nohis
1464 260 1571 297 pignus
1590 255 1702 286 datur.
1728 255 1835 288 Mater
1854 256 1993 294 Ecclesia.

1122 297 1254 331 mandat
1286 299 1321 332 in
1355 300 1417 332 isto
1444 301 1575 335 modico
1602 301 1995 348 verborumfcompendio

1120 347 1311 380 meditemur
1334 349 1559 385 sacrosanctam
1581 352 1813 387 Eucharistiam
1840 356 1901 389 effe
1923 366 1997 400 prae-

1124 397 1219 430 sentis
1231 396 1351 431 Christi
1364 399 1504 433 Domini
1518 424 1527 439 ,
1554 411 1591 433 ac
1604 402 1684 434 data>
1697 414 1748 442 per
1773 405 1873 446 ipsum
1884 405 1996 448 gratiae

1123 447 1412 489 repraesentativum
1434 449 1619 483 Dominicae
1633 450 1790 485 Passionis
1813 465 1850 487 ac
1874 454 1996 491 Mortis

1121 495 1469 536 commemorativum,
1496 500 1530 533 i&
1555 499 1703 543 gloriosa:
1725 502 1837 536 nostrae
1862 505 1997 538 resurre-

1122 546 1239 579 &ionis
1263 546 1386 588 signum
1407 558 1444 579 ac
1469 548 1585 591 pignus
1605 551 1826 591 promissivum
1850 578 1857 585 .
1886 554 2000 590 Eccle-

1123 596 1163 628 sia
1184 595 1242 629 ista
1264 595 1426 628 ordinavit
1448 607 1489 628 ex
1524 600 1677 632 mandato
1701 600 1798 642 ipsius
1823 602 1963 639 Domini
1986 624 1999 643 ,

1122 645 1178 687 qui
1203 643 1346 678 mentem'
1368 646 1508 678 nostram
1531 658 1598 680 non
1619 648 1765 683 distraxit
1789 651 1822 685 in
1850 651 1998 687 diversa.

1127 695 1255 728 Deinde
1277 693 1385 727 oblata
1409 718 1419 733 ‚
1446 696 1478 728 ὅ(
1501 697 1644 738 exposita
1672 698 1873 736 Eucharistia
1893 725 1904 741 ,
1931 713 2000 736 non

1126 745 1198 778 sunt
1221 745 1378 786 disparata
1400 744 1507 788 signa.
1536 746 1591 778 Est
1605 748 1767 790 semper&
1782 749 1902 794 ubique
1915 749 2001 785 idem

1126 805 1162 826 ac
1195 794 1358 828 uniforme
1382 795 1625 829 Sacramentum
1648 819 1660 835 ,
1697 795 1834 840 ideoque
1856 810 2001 835 mentem

1127 843 1267 877 nostram
1289 855 1354 876 non
1377 844 1469 878 ducit
1491 844 1524 877 in
1540 846 1641 879 varias
1651 846 1900 882 meditationes.
1926 847 2003 883 Por-

1127 893 1163 925 ro
1185 904 1247 936 qua
1270 893 1311 926 de
1326 894 1430 926 caussa
1451 894 1602 936 quasdam
1634 895 1747 930 Missas
1770 908 1880 931 coram
1903 899 2004 935 sacro-

1129 943 1237 977 saneto
1249 944 1458 977 Sacramento
1470 944 1620 979 celebrari
1633 944 1850 981 dissuadeatur
1860 972 1872 991 ‚
1895 947 1940 981 est
1956 947 2008 983 su·

1130 991 1183 1035 prii
1201 992 1416 1026 declaratum.

1177 1041 1390 1075 Adversarius
1411 1042 1555 1086 Scriptor
1565 1044 1692 1087 pergit.-
1717 1046 1880 1079 sednecin
1900 1045 1950 1078 hoc
1960 1044 2004 1089 so·

1127 1093 1210 1131 liam,
1235 1093 1316 1134 quod
1329 1097 1362 1124 in
1374 1094 1490 1131 altari,
1517 1099 1616 1136 inquo
1632 1093 1825 1130 Venerabile
1835 1106 1899 1128 erat
1916 1104 2008 1137 expo-

1123 1141 1212 1183 situm
1232 1166 1243 1182 ,
1269 1142 1351 1176 nulla
1369 1145 1486 1176 omnim)
1503 1142 1607 1185 J‘oleret
1630 1146 1797 1186 antiquitat
1825 1146 1911 1187 Mtffa
1932 1146 2007 1179 cele-

1129 1192 1212 1223 brari
1224 1215 1235 1231 ‚
1252 1191 1335 1231 stetit
1345 1194 1495 1232 Majorum
1507 1193 1663 1234 nostrorum
1672 1195 1783 1237 Religio
1794 1219 1804 1233 ‚
1827 1197 1861 1228 (π
1873 1195 2005 1229 exac‘iior

1129 1242 1224 1274 cultus
1243 1252 1315 1284 erga
1332 1243 1411 1274 idem
1423 1241 1638 1276 Venerabile:
1665 1243 1723 1277 sed
1747 1243 1839 1281 &hoc
1858 1245 1938 1287 quod
1959 1256 2018 1279 eos.

1134 1289 1286 1332 observari
1311 1302 1421 1334 quoque
1434 1291 1622 1335 consueverat
1643 1317 1654 1333 ,
1692 1295 1772 1336 quad
1794 1300 1827 1326 in
1851 1305 1884 1326 eo
1910 1294 2011 1325 Altarl

1132 1349 1186 1372 aut
1203 1341 1391 1381 procefflone,
1415 1347 1447 1373 in
1472 1353 1528 1384 quo
1548 1344 1603 1375 vel
1607 1353 1669 1384 qua
1682 1366 1692 1382 ‚
1716 1349 1907 1382 permittente
1921 1344 2013 1376 Ordi-

1134 1395 1238 1429 nario,
1265 1389 1418 1431 visebatur
1427 1390 1579 1425 Sanctum
1592 1393 1800 1430 SanCtorum,
1825 1392 1912 1425 nullae
1923 1391 2011 1423 adhi-

1135 1440 1272 1474 berentur·
1287 1438 1384 1482 sacrae
1407 1440 1552 1482 Reliquiae
1572 1451 1629 1474 aut
1651 1446 1800 1486 Imagines
1813 1468 1820 1475 .
1847 1445 1931 1485 ,Quia
1951 1439 2013 1483 sole

1130 1488 1305 1531 splendente
1329 1495 1443 1523 minora
1463 1491 1528 1523 caeli
1550 1491 1708 1524 luminaria
1719 1503 1776 1524 non
1787 1499 1950 1533 apparent.
1966 1494 2013 1523 Et

1137 1543 1196 1570 Uni
1205 1537 1261 1581 soli
1279 1541 1342 1571 Deo
1362 1548 1431 1571 tunc
1451 1539 1572 1572 debetur
1582 1544 1691 1574 Cultus
1713 1544 1834 1581 latria,
1861 1541 1950 1575 honor
1976 1541 2011 1577 Ψ

1137 1589 1250 1632 gloria.

1189 1635 1293 1669 Addit
1315 1647 1436 1669 errores
1457 1635 1638 1669 erroribus.
1666 1636 1796 1672 Primus
1817 1637 1862 1672 est
1888 1662 1898 1677 ‚
1924 1636 2015 1681 quod

1139 1686 1304 1728 Majorum
1325 1685 1507 1718 nostrorum
1530 1686 1665 1728 Religio
1686 1707 1696 1722 ‚
1710 1686 1756 1719 ·&
1777 1687 1916 1720 exastior
1939 1697 2016 1730 erg-2

1139 1734 1335 1768 Venerabile
1345 1734 1462 1766 Cultus
1474 1732 1507 1766 in
1522 1734 1580 1766 illo
1598 1759 1608 1774 ‚
1636 1735 1668 1766 in
1681 1745 1746 1776 quo
1758 1746 1823 1767 erat
1837 1736 2016 1776 expositum

1138 1781 1349 1827 Venerabile,
1380 1782 1484 1816 Altari
1515 1794 1582 1815 non
1608 1784 1782 1826 permiserit
1803 1786 1916 1818 Miffas
1934 1786 2017 1820 cele·

1140 1832 1222 1866 brari
1239 1857 1247 1864 .
1270 1832 1324 1865 Est
1339 1832 1451 1865 acerba
1465 1833 1497 1866 in
1513 1832 1655 1873 Majores
1670 1834 1804 1875 injuria.
1835 1834 2016 1874 Secundus,

1140 1882 1228 1925 quod
1248 1882 1354 1915 eidem
1369 1883 1467 1916 nostri
1481 1882 1623 1924 Majores
1633 1884 1667 1916 in
1679 1883 1794 1917 eodem
1820 1884 1925 1917 Altari
1945 1893 2016 1917 nou

1143 1933 1340 1975 permiserint
1352 1933 1443 1966 fimul
1456 1944 1530 1966 cum
1544 1934 1742 1968 sacrosanaesto
1753 1934 1960 1968 Sacramento
1971 1933 2018 1968 es-

1141 1984 1171 2015 se
1191 1982 1381 2015 Sanctorum
1404 1983 1564 2025 imagines
1586 1994 1643 2016 aut
1654 1982 1839 2025 Reliquias.
1869 1982 1923 2016 Est
1936 1983 2018 2025 inju-

1140 2033 1185 2067 ria
1198 2031 1287 2072 aeque*
1296 2032 1409 2065 acerba
1422 2056 1429 2065 .
1443 2031 1582 2066 Nullum
1593 2033 1695 2067 exstat
1707 2033 1809 2066 simile
1821 2034 1997 2068 Decretum
2008 2054 2017 2065 .

1141 2080 1213 2115 Nec
1226 2081 1323 2117 ullius
1340 2080 1693 2126 OrthodoxiEpiscopi
1708 2083 1892 2126 exemplum
1907 2108 1913 2115 .
1941 2081 2015 2115 Nisi

1140 2131 1273 2164 forsitan
1298 2131 1406 2165 Sereni
1432 2132 1584 2176 Episcopi
1614 2131 1816 2166 Maffilienfis
1836 2157 1843 2165 .
1882 2132 2020 2166 Tertius

1141 2192 1229 2215 error
1251 2180 1317 2220 est,
1345 2181 1432 2224 quod
1457 2182 1597 2224 Maiores
1620 2183 1726 2215 necin
1742 2179 2019 2225 proceffionibus,

1142 2231 1174 2263 in
1201 2230 1319 2274 quibus
1338 2231 1496 2264 visebatur
1508 2232 1658 2265 Sanctum
1670 2233 1858 2266 sanctorum
1875 2253 1886 2269 ,
1912 2230 2020 2273 praefa-

1142 2291 1213 2313 tum
1236 2281 1443 2314 Comitatum
1464 2280 1671 2315 admiserint.
1699 2279 1831 2314 Etenim
1847 2281 1929 2314 inter
1940 2279 2018 2313 istos

1141 2330 1285 2373 Majores
1309 2340 1439 2371 oportet
1472 2329 1612 2365 omnino
1647 2340 1813 2364 numerare
1841 2327 2018 2362 Urbanum

1143 2379 1203 2411 IV.
1231 2378 1449 2418 Pontificem,
1473 2382 1529 2423 qui
1554 2381 1588 2413 in
1613 2380 1712 2421 prima
1732 2377 2018 2419 istiusmodi‚om-

1143 2430 1232 2461 nium
1258 2428 1395 2460 aliarum
1412 2428 1541 2471 origine
1564 2439 1602 2461 ac
1624 2438 1746 2467 matre,
1771 2426 1857 2470 apud
1888 2426 2018 2461 Urbem

1144 2488 1282 2510 veterem
1304 2476 1502 2519 proceffione
1525 2477 1721 2512 circumferri
1742 2477 1828 2519 juffit
1849 2476 2018 2510 miraculo-

1143 2528 1211 2561 sum
1224 2525 1403 2569 Corporale
1415 2550 1422 2556 .
1450 2526 1589 2561 Eosdem
1604 2528 1687 2559 inter
1700 2526 1841 2569 Majores
1853 2535 2020 2559 numerare

1143 2586 1273 2619 oportet
1299 2574 1527 2610 Venerabilem
1551 2576 1717 2620 Julianum
1730 2576 1936 2611 Cardinalem
1950 2574 2020 2609 Cae-

1144 2626 1288 2659 sarinum
1311 2649 1322 2665 ,
1349 2626 1507 2669 Joannem
1538 2625 1747 2660 Leodiensem
1778 2625 1979 2668 ‘Episcopum
2004 2648 2017 2664 ‚

1145 2675 1374 2710 Cardinales&
1390 2676 1566 2719 Episcopos
1576 2686 1650 2708 cum
1665 2675 1835 2709 Francisco
1859 2676 1883 2708 1.
1897 2673 2018 2707 Gallia-

1145 2737 1215 2760 rum
1237 2725 1331 2768 Rege
1351 2725 1557 2768 procedentes
1570 2749 1581 2766 ,
1606 2725 1639 2758 ἃ.
1661 2724 1742 2758 alios
1754 2724 1931 2766 plurimos,
1956 2723 2016 2768 qui

1146 2777 1246 2809 sacras
1268 2775 1437 2818 Reliquias
1456 2786 1554 2818 atque
1580 2773 1739 2816 Imagines
1760 2772 2016 2815 jufleruntfimul

1144 2825 1357 2859 circumferri.
1385 2824 1568 2859 Istiusmodi
1589 2824 1868 2856 circumlationem
1895 2821 2016 2865 paucis-

1147 2876 1216 2909 fimi
1237 2873 1369 2918 quidam
1396 2874 1544 2916 Episcopi
1566 2872 1765 2907 abstulerunt
1784 2872 1881 2906 asola
1893 2872 2016 2915 proces-

1145 2927 1254 2965 sione,
1279 2936 1347 2969 quae
1366 2925 1403 2958 fit
1427 2924 1460 2957 in
1477 2924 1558 2957 festo
1580 2922 1763 2957 sanffiffimi
1784 2922 1981 2958 Sacramenti
2000 2946 2010 2954 .

1146 2974 1365 3009 Abundarunt
1376 2974 1409 3006 in
1423 2975 1479 3007 suo
1492 2973 1582 3006 sensu
1593 2996 1600 3004 .
1625 2972 1823 3018 Quinimmo
1835 2983 1902 3005 non
1911 2971 2016 3005 abstu-

1145 3026 1272 3063 lerunt,
1296 3025 1348 3058 sed
1369 3022 1578 3057 solummodo
1599 3023 1737 3064 priorem
1762 3046 1774 3062 ‚
1799 3033 1868 3062 quae
1891 3022 2015 3054 sacrum

1146 3076 1242 3109 istum
1265 3075 1468 3109 Comitatum
1492 3073 1590 3115 usque
1606 3081 1685 3106 tunc
1708 3083 1775 3106 non
1803 3070 2016 3112 adiunxerat,

1144 3124 1413 3159 consuetudinem
1427 3123 1619 3156 censuerunt
1632 3134 1698 3155 non
1712 3120 1956 3155 immutandam.
1969 3118 2015 3152 Et

1145 3176 1232 3209 aliud
1255 3174 1405 3208 facientes
1425 3172 1578 3205 Ecclefias
1594 3172 1779 3211 nullatenus
1798 3170 1978 3213 judicarunt
1999 3191 2012 3201 .

1147 3224 1255 3260 Abfit.
1272 3223 1393 3258 Devius
1405 3223 1461 3256 iste
1471 3221 1611 3263 Scriptor
1623 3221 1830 3265 pauculorum
1852 3219 2012 3261 judicium

1125 3280 1133 3290 ”
1145 3274 1322 3309 transcribit
1336 3275 1366 3305 in
1380 3281 1512 3306 ornnem
1524 3272 1695 3306 Ecclesiam
1709 3295 1716 3304 .
1732 3272 1772 3304 Et
1786 3269 1880 3302 unius
1890 3268 2015 3313 proces-

1143 3326 1239 3359 sionis
1261 3323 1450 3366 fingularem
1467 3322 1564 3355 ritum
1586 3321 1664 3356 facit
1682 3319 1832 3353 omnibus
1854 3317 2015 3350 universa-

1138 3376 1208 3411 -lem
1219 3398 1227 3408 .
1240 3373 1381 3419 Qartus
1390 3383 1475 3407 error
1488 3373 1531 3406 est
1544 3396 1554 3413 ,
1566 3372 1655 3416 quod
1665 3371 1813 3406 Sanstum
1825 3368 2014 3413 Sanelorum

1902 3426 1965 3450 nec
