2366 3736
208 611 213 617 ’
245 613 249 615 μ
273 638 276 641 -
322 621 438 660 bello,
464 631 506 655 an
527 620 656 662 insuper
678 619 719 653 de
742 618 834 652 belus
873 614 1123 650 Catholicorum
1160 616 1195 648 in

150 1028 267 1103 Liba-13

146 1116 213 1153 cap·
247 1116 266 1140 2

270 952 272 958 ,
322 921 366 955 ris
392 933 433 955 ex
460 922 556 954 fratre
595 927 747 960 nepotem
763 940 773 956 ,
801 916 994 950 Occidentis
1017 915 1196 958 Despotam

262 1027 264 1029 ’
321 1019 408 1055 ῖωάὲ
430 1029 570 1062 excepto
584 1042 594 1058 ,
622 1028 658 1051 ac
672 1016 848 1051 infeliciter
866 1015 1203 1058 Constantinopolim·

270 1079 304 1143 ᾖε,

368 138 461 183 108

326 273 547 316 tumApostolus
563 274 666 308 dicat,
692 270 802 302 Nemo
823 267 965 301 militans
990 268 1065 300 Deo
1089 265 1196 308 impli-

914 131 1549 179 D1sscnrar10

324 222 508 266 poenitentt’ae
518 214 659 257 aaronem
678 220 774 252 redire
802 216 845 248 ad
854 217 994 250 militiam
1002 214 1175 258 sacularem
1185 239 1195 256 ,
1209 222 1216 231 ·

1240 226 1320 298 icem
1333 243 1344 260 ,
1369 223 1528 262 inquiens,
1555 227 1620 252 cum
1644 214 1820 257 christianis
1827 216 2022 262 sanciendam
2046 221 2101 263 ista
2123 222 2137 265 3

1242 269 1388 315 ,quasum
1409 271 1592 312 periclitatus
1617 274 1670 301 via
1683 293 1693 308 ,
1716 269 1929 309 properabam.
1968 277 2033 306 Huc
2054 279 2137 307 enim

327 316 380 358 cat
402 325 434 358 se
448 322 588 367 negotiis
608 316 809 353 saecularibus
822 342 829 350 .
856 319 939 350 Unde
952 327 1007 349 non
1028 315 1064 355 est
1086 316 1160 348 liber
1179 317 1198 347 a
1242 318 1243 321 ’
1255 319 1376 361 ferebar
1387 319 1705 361 utfoedujjamu‘lum
1716 330 1780 350 cum
1793 319 1854 350 illis
1867 343 1877 359 ‚
1902 332 1972 362 quos
1986 335 2031 356 me
2045 323 2137 356 habe.

326 373 435 410 diaboli
447 374 562 414 laqueis
585 394 596 410 ,
635 374 685 410 qui
700 366 735 410 se
755 369 864 400 militia
883 368 1036 400 mundana
1069 365 1198 397 voluerit

327 426 499 466 implicare.
526 419 615 463 Agit
633 418 667 452 in
693 419 779 452 solos
801 418 1014 461 poenitentes,
1058 415 1198 457 ideoque

327 475 471 516 integros
494 468 622 503 Fideles
643 469 845 511 permittit&
857 465 986 509 accingi
1010 465 1042 497 in
1057 464 1174 498 milites
1189 488 1196 498 .

376 515 433 554 An
452 520 576 553 sancius
610 519 770 558 1fidorus,
800 516 986 559 sanciusque
1006 515 1077 548 Leo
1099 525 1196 559 agant

325 570 366 606 de
385 569 457 604 solo
468 569 731 603 Christianorum
745 569 777 601 in
799 577 942 612 paganos
954 575 1008 598 aut
1032 563 1197 599 haereticos

324 670 519 706 Catholicos
540 695 550 711 ,
578 679 644 703 non
666 668 810 702 constat.
840 667 933 700 Hinc
950 665 1082 708 quaestio
1114 663 1159 697 est
1186 689 1196 705 ‚

322 732 366 757 an
386 721 485 757 etiam
501 719 568 754 haec
583 719 755 764 posteriora
769 729 811 750 ex
834 717 935 751 causis
960 716 1107 748 liceant?
1133 715 1197 748 Lo·

321 782 406 815 quor
419 770 460 805 de
475 770 567 805 bellis
590 768 775 804 offenfivis.
801 766 985 800 Audiamus
1011 764 1195 809 Georgium

322 820 573 865 Pachymerem.
602 820 656 852 De
676 819 870 860 Imperatore
892 813 1058 849 Michaele
1077 815 1196 848 Palaeo·

322 871 405 917 logo
424 895 435 912 ,
461 869 613 906 adversus
637 866 836 901 Michaelem
852 890 863 906 ,
891 863 1063 899 Theodori
1085 865 1196 898 Lasca-

322 971 567 1015 beili-geranno,
594 979 631 1002 ac
654 967 785 1000 interim
811 966 829 1000 ὲ
867 966 1008 1013 barbaris
1033 965 1197 999 Tocharis

321 1071 446 1106 reverso
462 1068 527 1103 hanc
538 1066 666 1102 scribit:
695 1067 844 1100 Caetcrum
860 1065 1038 1110 priusquam
1060 1065 1123 1099 haec
1141 1065 1198 1107 fie-

320 1129 388 1155 rent
401 1144 411 1160 ,
436 1119 600 1161 opportune
622 1117 787 1158 occasionem
813 1123 981 1159 arripuerat
1002 1120 1196 1157 Imperatoris

321 1170 502 1213 objurgandi
519 1167 709 1201 Patriarcba
723 1193 730 1200 .
759 1169 874 1200 Multus
890 1173 918 1199 is
929 1167 1045 1199 dudum
1049 1165 1154 1206 fuerat
1165 1171 1196 1197 in

321 1220 504 1255 dehortando
521 1217 709 1259 ‘Imperatore
722 1217 760 1249 ab
770 1220 799 1248 E
803 1215 1024 1257 xpeditionibus
1046 1216 1197 1248 adversus

322 1270 503 1311 christianos
526 1266 744 1311 suscipiendis,
773 1276 831 1299 non
865 1264 1037 1308 successuras
1067 1263 1198 1304 feliciter

320 1332 372 1356 eas
386 1319 639 1362 ipfidenuntians:
670 1326 764 1358 neque
772 1322 850 1350 enim
861 1317 944 1349 civili
955 1323 1055 1349 contra
1066 1317 1112 1356 eju
1111 1313 1197 1357 sdem

321 1371 481 1413 Religionis
502 1367 669 1410 professores
693 1367 764 1399 bello
784 1369 878 1399 Deum
910 1367 1075 1405 adjutorem
1103 1363 1164 1408 fore
1188 1389 1195 1397 .

321 1421 412 1453 Talia
431 1417 548 1460 frustra
557 1415 708 1460 saepease
729 1422 874 1450 monitum
898 1417 1005 1449 videns
1028 1424 1116 1455 tunc,
1142 1425 1198 1448 non

321 1475 546 1511 ut-Jmperatore
558 1470 680 1511 dignum
687 1466 793 1507 fuerat
804 1478 813 1508 3
842 1464 897 1508 sed
907 1467 1042 1498 indecora
1050 1463 1128 1508 fuga
1140 1470 1198 1498 vix

318 1519 444 1567 salvum
464 1517 525 1562 sese
547 1524 732 1559 recipientem
749 1515 1055 1556 Constantinopolim,
1082 1513 1131 1547 ubi
1139 1519 1202 1555 pri·

322 1571 404 1603 mum
426 1575 450 1601 is
474 1572 494 1601 a
511 1570 615 1602 reditu
633 1578 772 1609 magnum
783 1573 815 1598 in
836 1566 976 1606 templum
986 1563 1018 1607 se
1038 1565 1160 1598 contulit
1188 1587 1199 1604 ,

323 1622 381 1653 Dei
402 1620 595 1652 adorandi&
611 1625 665 1658 pro
676 1622 792 1649 evitato
808 1614 923 1657 summo
943 1613 1110 1656 discrimine
1131 1625 1201 1658 gra-

323 1678 385 1704 tias
398 1672 507 1714 agendi
518 1669 605 1710 causa
614 1677 632 1708 ·‚
658 1667 786 1702 cominus
805 1666 941 1698 accedens
961 1669 1131 1705 increpavit
1146 1672 1200 1706 pa·

327 1722 390 1756 Pa‘m
404 1721 506 1753 verbis
522 1719 605 1750 haud
626 1717 760 1751 mollibus
772 1741 783 1757 ,
811 1717 845 1747 id
864 1715 982 1748 tantum
1002 1711 1202 1755 intermiscens

328 1772 542 1806 delimmenti,
568 1775 601 1800 ut
612 1768 763 1811 gratulari
779 1763 981 1808 sefimulqipfi
997 1762 1124 1806 salutem
1159 1770 1201 1796 in·

320 1818 440 1864 sperato
447 1817 603 1861 servatam
615 1841 625 1858 ,
653 1816 814 1848 reddendis
831 1817 893 1846 Deo
900 1822 957 1855 pro
967 1825 1002 1846 ca
1010 1819 1125 1857 gratiis
1135 1838 1145 1855 ,
1171 1812 1205 1854 fi-

320 1869 474 1916 gnificaret
485 1892 492 1899 .
521 1870 578 1899 Deo
584 1875 706 1911 gratias
719 1889 730 1905 ,
756 1864 894 1907 inquiens
908 1887 917 1902 ,
929 1862 1118 1906 quddsalvus
1132 1874 1201 1897 eva·

319 1916 378 1963 fisti
393 1943 403 1958 ‚
431 1921 464 1952 (ν
483 1928 540 1950 non
553 1929 583 1950 es
596 1918 728 1949 traditus
741 1913 874 1947 manibus
893 1913 1019 1952 Hostium
1037 1937 1047 1953 ,
1071 1925 1201 1956 quaerew

326 1977 401 2004 tium
414 1974 548 2001 animam
555 1975 660 2011 fuam.
690 1966 810 2006 Ecquid
830 1973 929 1997 autem
953 1974 1050 1998 eorum
1071 1970 1204 1999 memini-

322 2019 384 2062 sti,
410 2017 564 2060 quaesaepi
580 2019 663 2058 apud
675 2019 714 2048 Te
724 2021 769 2058 egi
783 2041 792 2054 ,
819 2014 1024 2056 expeditiones
1049 2012 1205 2056 istiusmodi

305 2087 307 2090 ·
329 2068 497 2111 diffundens
509 2076 543 2099 ut
551 2067 673 2107 prorsus
686 2066 815 2101 noxias?
841 2075 898 2097 non
922 2066 988 2096 dixi
1009 2065 1042 2097 (τ’
1060 2062 1137 2106 serio
1158 2065 1207 2098 de·

329 2123 472 2152 nunciavi
500 2116 580 2156 tibi,
606 2127 642 2149 ne
656 2116 732 2148 bella
742 2118 842 2148 civilia
860 2113 1042 2157 susciperes?
1069 2118 1132 2147 Cur
1141 2116 1207 2158 ergo

327 2171 373 2202 Te
384 2165 504 2210 tuasque
525 2171 624 2207 coplas
650 2165 800 2197 Michaelis
822 2163 957 2206 Despotae
971 2188 981 2203 ,
1007 2167 1207 2206 exercituique

333 2220 399 2260 ejus
413 2223 444 2250 in
466 2222 557 2249 aciem
577 2215 738 2259 progressus
751 2213 904 2255 objecisti?
931 2215 1086 2246 Nonne&
1108 2222 1139 2244 tu
1162 2223 1198 2244 no

335 2273 412 2300 mine
432 2265 539 2307 Christi
553 2264 686 2309 fignatus
708 2276 760 2303 es,
787 2264 820 2296 ὓ·
835 2263 883 2296 ille
909 2261 1056 2302 Christum
1079 2260 1207 2306 agnoscit

334 2321 495 2351 Dominum
508 2317 526 2348 ,ἶ-
552 2320 630 2348 Inter
648 2316 724 2348 tales
737 2338 747 2353 ,
773 2313 891 2353 ajebam
905 2337 916 2352 ,
939 2314 1048 2354 praelio
1069 2313 1209 2355 commisso

331 2376 388 2410 pro
399 2367 504 2408 quibus
513 2365 663 2404 orabimus
676 2366 690 2398 ?
713 2369 788 2396 utris
801 2363 957 2396 vic‘loriam
966 2385 976 2401 ,
1006 2372 1081 2395 utris
1091 2363 1206 2395 cladem

335 2424 499 2459 impetrare
521 2415 689 2448 conabimur
706 2415 725 2446 ἃ
739 2415 798 2447 Deo
808 2417 831 2452 ,²
847 2415 917 2445 dum
929 2415 1028 2445 Sacris
1042 2413 1208 2454 operamur?

339 2473 472 2501 Neutros
493 2465 624 2506 Hostium
645 2475 762 2498 numero
775 2461 881 2495 <habere
895 2464 1040 2504 poffumus
1065 2486 1076 2502 ,
1102 2460 1207 2504 utrius-

339 2529 394 2558 que
405 2514 535 2554 adstriovt
554 2519 698 2548 communi
715 2513 831 2555 foedere
852 2514 1033 2556 Religionis,
1060 2523 1137 2554 quas
1155 2520 1210 2553 pro

339 2566 425 2599 vobis
443 2573 540 2606 preces
556 2556 722 2606 offerimifs,
751 2564 861 2596 eaedem
880 2570 936 2604 pro
970 2563 1030 2595 Illis
1070 2564 1175 2595 valent
1204 2573 1210 2593 ε

340 2616 580 2658 quandoquidem
598 2617 640 2646 nd
651 2625 743 2647 unum
757 2613 841 2654 ecque3
860 2611 945 2644 ambo
954 2617 1112 2654 pertinctis
1136 2613 1213 2645 ovile

340 2665 470 2699 Palloris
489 2663 613 2703 Christi.
642 2669 732 2697 Nunc
758 2671 857 2695 autem
878 2661 1046 2695 benediaeus
1068 2663 1211 2695 Dominus

340 2721 393 2758 qui
403 2714 545 2747 liberavit
557 2723 585 2746 te
598 2714 636 2746 ab
649 2714 780 2754 Hostibus
803 2713 824 2744 a
847 2715 923 2756 Lege
947 2711 1056 2751 Christi
1073 2714 1177 2745 alienis
1205 2735 1216 2753 ,

340 2775 413 2808 quos
425 2762 538 2805 immisit
548 2769 580 2796 in
593 2773 621 2797 te
631 2772 664 2797 ut
687 2764 872 2803 admonem3
901 2774 957 2795 non
969 2762 1046 2803 jusie‘
1068 2762 1088 2793 ἃ
1112 2771 1141 2795 te
1152 2761 1216 2794 illos

340 2815 478 2855 hostiliter
501 2819 602 2854 impeti
614 2824 684 2855 quos
703 2811 800 2852 Hostes
825 2811 882 2844 tibi
904 2811 1050 2854 quaeJt‘sti:v
1067 2810 1217 2846 exhibere

339 2875 437 2898 autem
464 2866 568 2897 &tuis
579 2864 713 2905 objiceret
722 2864 808 2895 oculis
817 2872 904 2894 veros
926 2861 1026 2901 Hostes
1039 2885 1049 2900 ,
1075 2861 1159 2903 quasi
1177 2863 1217 2894 di-

311 2917 320 2937 *
342 2924 436 2949 cerer:
464 2926 500 2946 en
518 2919 549 2944 in
560 2925 628 2955 quos
635 2913 693 2955 fas
702 2918 841 2954 piumque
849 2910 887 2952 fit
897 2935 908 2950 ,
929 2909 957 2951 fi
961 2919 1098 2954 pugnare
1120 2911 1192 2944 libet
1207 2935 1217 2951 ,

343 2974 455 2996 omnem
467 2963 532 2994 belli
541 2968 606 2995 vim
619 2963 785 3003 effundere:
812 2973 884 3003 quos
899 2959 974 3003 ipsos
989 2971 1090 2994 tamen
1102 2960 1219 3001 frustra

346 3012 488 3045 debellare
494 3013 599 3052 praelio
620 3011 739 3055 adorsus
751 3012 900 3044 conaberis
910 3033 921 3048 ,
946 3009 1002 3052 nifi
1010 3022 1058 3054 ego
1072 3011 1174 3043 volens
1186 3013 1218 3044 (ν’

345 3066 491 3104 propitius
514 3060 656 3101 adfuero.
683 3061 817 3100 Ostendit
837 3066 927 3103 igitur
947 3061 1003 3093 tibi
1025 3059 1125 3098 Hostes
1139 3084 1149 3100 ‚
1188 3063 1220 3093 Q&

348 3112 479 3151 terruisse
489 3119 638 3142 contentus
659 3122 753 3146 eorum
764 3112 783 3142 a
797 3114 837 3143 Te
852 3116 917 3144 vim
937 3115 1033 3143 arcuit
1049 3133 1059 3149 ,
1085 3110 1101 3142 ἒ
1109 3116 1220 3150 pericu-

350 3162 390 3194 lls
401 3158 569 3204 infidiarum
579 3164 732 3193 intutum
754 3171 786 3191 ac
804 3161 971 3194 incolumem
994 3161 1184 3202 transferens
1214 3184 1220 3190 .

350 3212 397 3243 Sic
406 3219 491 3252 agere
501 3212 585 3241 novit
601 3211 738 3241 Dominus
746 3211 860 3250 judicia
862 3210 984 3250 faciens
996 3233 1004 3242 .
1030 3211 1098 3241 Haec
1108 3210 1224 3249 loquen-

351 3269 412 3293 tem
438 3256 650 3292 patriarcham
665 3259 787 3298 placide
808 3261 934 3294 audivit
957 3264 1116 3301 Imperator
1132 3283 1141 3298 ,
1177 3271 1222 3293 re-

347 3306 587 3352 prehenfionique
612 3314 758 3349 acquievit
782 3308 904 3350 obnixe,
932 3310 1008 3343 ultro
1021 3308 1220 3349 comprobans,

350 3357 525 3400 &meruisse
548 3357 705 3399 confitens.
733 3359 818 3399 ,Quid
839 3364 917 3390 enim
938 3368 1040 3393 contra
1064 3365 1220 3399 opponeret

350 3410 479 3441 veris&
498 3408 605 3449 palam
618 3406 727 3446 justis,
755 3417 810 3438 non
833 3406 976 3441 habebat.
1006 3408 1089 3441 Illud
1104 3410 1220 3441 tantum

349 3460 394 3494 ad
410 3458 573 3502 quamdam
595 3454 807 3508 excusationem
816 3454 962 3499 subjecit:
993 3463 1086 3502 Atqui
1105 3458 1150 3493 ad
1163 3466 1220 3501 pa·

1241 380 1301 411 fre.-
1315 369 1410 411 I—Jostes
1434 379 1546 409 vetas,
1573 375 1664 402 etiam
1686 368 1843 409 affinitatis
1863 373 2059 410 neceffitudtne
2083 374 2138 406 ad-

1242 413 1245 455 ⁸]
1253 419 1450 464 stringerem,
1474 418 1661 460 firmitatem
1681 419 1824 460 posterum
1847 426 1978 453 certiori.
2013 422 2135 456 Proin·-

1241 467 1300 511 ’,ἀὲ
1309 481 1376 503 non
1390 469 1601 504 solummodo
1615 467 1771 502 Arrenius
1781 468 1967 503 Patriarcha
1978 481 2015 503 ac
2032 473 2138 506 Geor-

1242 517 1332 564 'gius
1347 519 1564 562 Pachymeres
1576 542 1587 558 ,
1614 519 1666 551 sed
1680 519 1746 560 ipse
1765 520 1863 552 etiam
1877 519 2056 563 Imperator
2070 522 2138 555 Mi-

1260 568 1376 609 chaei,
1404 570 1544 612 ideoque
1565 569 1677 602 cuncta
1696 570 1878 604 Orientalis
1903 570 2045 605 Ecclefia
2069 571 2138 605 fue·

1261 620 1327 654 rint
1339 619 1430 652 istius
1444 620 1612 654 sententia:
1623 641 1632 649 .

1311 668 1462 711 Ejusdem
1500 667 1665 702 sententiae
1689 666 1751 701 fuit
1772 668 1951 713 Gregorius
1989 671 2136 706 decimus

1260 718 1440 759 Pontifex,
1467 717 1551 753 haud
1566 717 1660 751 dubic
1686 730 1726 751 ex
1749 718 1873 760 judicio
1898 721 2052 756 Romane
2075 722 2137 755 Ec-

1259 769 1376 803 clefiae.
1405 768 1588 803 Audiamus
1609 769 1720 802 denuo
1753 768 1920 803 laudatum
1958 771 2140 814 Pachyme-

1260 829 1325 852 rem
1347 832 1354 851 :
1393 821 1540 852 Cat-terum
1567 824 1729 860 Imperator
1752 820 1907 860 expeditos
1931 831 1966 852 ac
1983 822 2135 861 instruc'los
2154 818 2228 854 Lib.
2250 830 2285 864 ς.

1261 873 1385 914 Legatos
1409 875 1503 902 mittit
1527 871 1570 902 ad
1582 871 1722 910 Papam,
1744 866 2050 912 fimulfignific'aturos
2068 880 2136 913 per·
2154 880 2223 914 cap·
2233 870 2289 908 26.

1258 921 1412 962 petrarum
1429 922 1499 960 jam
1528 925 1696 963 negotium,
1734 919 1767 951 (ν
1789 926 1955 953 executioni
1978 926 2138 955 conventa

1261 970 1428 1003 mandata.
1459 969 1591 1012 Utique
1603 969 1777 1003 Conventa
1792 970 1881 1012 pacis
1899 971 2041 1005 definitae
2052 971 2069 1004 ὲ
2081 973 2141 1014 Sy-

1263 1019 1355 1053 nodo
1368 1019 1577 1063 Lugdunenfi
1591 1044 1598 1051 .
1626 1019 1722 1052 simul
1727 1021 1803 1052 clam
1818 1018 2038 1062 sciscitaturos,
2066 1022 2141 1064 quid

1261 1080 1361 1103 rerum
1374 1071 1521 1102 moliretur
1541 1071 1666 1102 Carolus
1691 1068 1931 1111 Andegavenfis
1953 1071 2139 1105 Siculorum

1263 1119 1334 1152 Rex
1348 1142 1359 1158 ,
1386 1121 1538 1160 &ecquid
1559 1119 1660 1152 adhuc
1683 1118 1825 1161 dimififfet
1847 1126 1979 1153 animum
1994 1146 2004 1162 ,
2023 1121 2143 1164 feroil-
2188 1122 2192 1125 “

1261 1170 1287 1204 lo
1299 1193 1309 1209 ,
1334 1180 1390 1211 quo
1401 1173 1434 1201 ire
1447 1171 1564 1203 Graecos
1575 1171 1665 1202 anteit
1675 1170 1860 1203 incitabatur
1875 1194 1885 1210 ,
1914 1175 2025 1213 impetu
2037 1169 2141 1214 remis·

1259 1217 1310 1261 so.
1343 1218 1462 1261 appulsi
1475 1222 1583 1262 Legati
1605 1225 1818 1253 nuntiaverunt
1828 1219 2057 1263 consummatam
2078 1230 2143 1264 pa-

1262 1278 1338 1302 cem.
1368 1271 1414 1300 Et
1426 1275 1543 1309 excepti
1551 1268 1626 1312 sunt
1633 1269 1826 1311 perbenevole*
1841 1294 1848 1301 .
1873 1275 2063 1304 Invenerunt
2085 1281 2145 1304 au·-

1262 1327 1320 1352 tem
1332 1317 1374 1350 ibi
1385 1319 1525 1351 Carolum
1535 1340 1546 1356 ,
1571 1324 1670 1350 minas
1676 1317 1848 1360 spirantem
1862 1341 1871 1357 ,
1890 1321 1925 1353 ὁ*
1937 1326 2016 1353 omni
2025 1327 2144 1362 precum

1263 1376 1438 1401 contentione
1459 1367 1675 1402 incumbentem
1687 1369 1731 1400 ad
1739 1369 1924 1401 exorandum
1942 1372 2061 1411 Papam
2072 1394 2082 1411 ‚
2110 1378 2145 1402 ut

1257 1418 1314 1460 fibi
1333 1422 1519 1459 permitteret
1536 1414 1758 1459 expeditionem
1771 1424 1803 1449 in
1815 1418 1918 1451 urbem
1941 1418 2142 1459 Constantino-

1261 1468 1370 1510 polim.
1397 1468 1547 1500 Videbunt
1562 1474 1652 1510 igitur
1666 1468 1793 1508 quotidie
1804 1468 2058 1512 advolventemse
2083 1471 2146 1502 Pa-

1261 1527 1312 1561 pae
1330 1517 1456 1559 pedibus
1472 1541 1483 1556 ,
1510 1519 1543 1550 (τ’
1556 1519 1588 1549 co
1595 1514 1723 1559 subinde
1727 1515 1844 1557 furoris
1869 1520 2068 1561 inquietiffimi
2078 1526 2147 1560 pro·

1266 1576 1451 1608 rumpentem
1465 1591 1475 1607 ,
1501 1575 1533 1598 ut
1554 1567 1634 1608 quod
1670 1566 1806 1599 manibus
1822 1590 1832 1607 ,
1859 1580 1936 1602 more
1977 1571 2146 1603 Italicorum

1227 1657 1230 1658 ⁷
1268 1620 1442 1658 Principum
1456 1641 1466 1656 ,
1489 1616 1621 1659 gestabat
1629 1615 1778 1659 sceptrum
1791 1641 1802 1656 ,
1828 1620 2037 1653 commordent
2051 1619 2146 1652 rabio-

1267 1669 1299 1701 se*
1312 1668 1437 1698 admotis
1450 1666 1590 1699 dentibus
1604 1691 1614 1707 ,
1641 1667 1726 1709 indan
1734 1678 1809 1698 nans
1827 1665 1880 1706 fibi
1901 1673 2025 1712 negari,
2053 1679 2144 1711 quam

1269 1716 1467 1757 instantiffimc
1484 1715 1626 1758 petebat,
1657 1716 1837 1757 facultatem
1875 1720 2049 1760 exequendi*
2067 1718 2155 1760 quod·

1269 1767 1455 1807 constituerat
1479 1788 1490 1805 ,
1522 1775 1666 1808 paratum
1686 1764 1794 1808 scilicet
1814 1768 2148 1801 exercitum-'adversus

1273 1822 1484 1859 Imperatorem
1506 1817 1667 1854 educendi,
1685 1816 1807 1857 juribus
1829 1818 1919 1850 adid
1937 1817 2053 1858 frustra
2074 1810 2151 1850 com-

1273 1873 1439 1900 memoratis
1448 1860 1508 1909 suis
1519 1889 1531 1905 ,
1555 1866 1640 1898 baud
1645 1865 1784 1909 persuaso
1793 1876 1826 1900 ut
1838 1868 1873 1899 id
1881 1868 1988 1901 bellum
1999 1867 2150 1910 approba·

1273 1926 1317 1951 ret
1329 1941 1342 1958 ,
1368 1919 1401 1950 (w
1407 1915 1498 1959 surdo
1516 1917 1559 1948 ad
1565 1924 1663 1958 preces
1687 1928 1786 1949 omnes
1800 1919 1874 1950 tales
1896 1919 1985 1959 Papa
2001 1916 2152 1961 perfisten·¹

1272 1978 1317 2000 te.
1348 1966 1414 2009 ,Qui
1426 1966 1547 2006 viciffim
1558 1967 1662 1998 Carolo
1681 1967 1831 2010 allegabat
1855 1971 2023 2001 Graecorum
2033 1970 2111 2008 jura
2137 1989 2150 2007 ,

1271 2018 1392 2058 placide
1401 2017 1564 2047 admonens
1572 2015 1719 2056 possessam
1738 2016 1847 2048 abillis
1869 2017 1984 2049 dudum
2007 2016 2151 2057 Constan-

1274 2065 1425 2107 tinopolim
1438 2088 1449 2105 ,
1475 2064 1632 2097 iterumad
1652 2070 1789 2106 antiquos
1813 2066 1943 2098 dominos
1966 2066 2115 2109 relapsam
2142 2089 2150 2096 .

1278 2122 1340 2151 Eas
1361 2114 1411 2158 effe
1432 2124 1529 2147 rerum
1540 2113 1739 2147 humanarum
1752 2120 1832 2148 vices
1848 2128 1855 2147 ε
1881 2117 1915 2149 Θ
1934 2115 2025 2149 Urbes
2039 2117 2073 2150 Θ
2083 2124 2150 2158 opes

1277 2167 1393 2198 demum
1405 2172 1528 2197 caeteras
1540 2163 1591 2204 effe
1597 2169 1729 2204 praemia
1740 2164 1808 2197 belli
1821 2189 1828 2196 .
1855 2167 1957 2207 Eique
1973 2167 2152 2210 legiacquie·

1272 2213 1412 2256 s'cendum
1423 2237 1430 2244 .
1459 2210 1635 2253 Pr'aesertim
1644 2213 1707 2244 cum
1721 2216 1817 2245 Graeci
1829 2226 1940 2255 quoque
1943 2215 2003 2255 fint
2017 2215 2152 2256 Ecclefiae

1270 2263 1349 2305 filii,
1375 2264 1410 2296 eb·
1422 2261 1596 2300 christiani.
1628 2261 1757 2302 ajebat:
1781 2273 1838 2294 non
1849 2265 1994 2305 possumus
2010 2265 2153 2307 christia·

1277 2325 1328 2347 nos
1350 2323 1415 2345 cum
1436 2310 1814 2350 Christianiscommitterc
1835 2336 1846 2352 ,
1872 2323 1907 2345 ne
1931 2316 1991 2346 Dec*
2015 2318 2094 2346 iram
2119 2318 2153 2344 in

1279 2375 1328 2395 nos
1340 2372 1533 2405 provocemus
1545 2385 1552 2392 .
1579 2361 1820 2396 FateorAEaroii
1830 2363 1867 2395 ‘in
1882 2362 2010 2397 Graecos
2026 2372 2154 2406 praeten·

1278 2414 1399 2446 sionem
1414 2423 1480 2446 non
1494 2412 1584 2445 fuine
1596 2411 1788 2446 fundatam:
1817 2411 2035 2447 nihilominus
2047 2413 2155 2456 praeci-

1278 2474 1338 2505 pua
1353 2461 1524 2498 Pontificis
1534 2461 1616 2495 ratio
1636 2461 1698 2495 fuit
1709 2485 1720 2501 ,
1746 2462 1835 2504 quod
1852 2463 1931 2497 citra
1944 2463 2091 2496 divinam
2105 2462 2155 2496 of·

1279 2512 1400 2547 sensam
1412 2510 1575 2545 committi
1589 2523 1657 2545 non
1670 2511 1794 2554 possent
1809 2510 1988 2546 Christiani
2002 2514 2037 2546 in
2051 2511 2156 2548 Chri-v

1280 2562 1400 2596 stianos
1411 2584 1419 2594 .
1447 2561 1581 2604 Utique
1591 2560 1778 2596 orthodoxi
1792 2561 1826 2595 in
1839 2561 2056 2596 orthodoxos
2070 2587 2078 2596 .

1330 2611 1479 2646 Eandem
1503 2612 1698 2646 sententiam
1735 2611 1922 2645 constanter
1947 2613 2055 2647 tenuit
2085 2611 2153 2646 Mi-

1280 2661 1373 2696 chael
1397 2686 1407 2701 ,
1435 2662 1560 2705 primus
1581 2660 1798 2706 Buigarorum
1820 2661 2024 2697 Christianus
2044 2663 2117 2696 Rex
2144 2685 2156 2702 ,

1283 2715 1327 2746 ita
1349 2710 1435 2746 haud
1456 2710 1598 2745 dubicin
1620 2710 1970 2746 catechismoedoetus
1983 2712 2000 2744 ὲ
2021 2711 2156 2755 Legatis

1284 2762 1448 2805 utriusque
1462 2761 1610 2795 Ecclesiae
1620 2785 1630 2801 ,
1641 2761 1689 2805 ,ὃς
1699 2751 1855 2795 Romanae
1869 2761 1902 2795 &
1917 2760 2152 2794 Constantino·

1285 2811 1451 2856 politanae.
1480 2812 1562 2845 Item
1588 2811 1627 2844 fic
1641 2811 1819 2845 edossusin
1833 2807 2053 2845 Monasserio.
2083 2811 2158 2844 Ete-

1285 2863 1354 2895 nim
1378 2862 1523 2904 optimus
1536 2860 1710 2902 Princeps,
1736 2859 1791 2893 ubi
1804 2870 1935 2905 gentem
1949 2861 2036 2894 suam
2050 2861 2156 2894 firma-

1285 2921 1371 2946 verat
1388 2912 1420 2944 in
1432 2910 1617 2944 Christiana
1629 2909 1775 2944 doctrina
1786 2922 1823 2944 ac
1837 2909 1900 2943 vita
1914 2935 1924 2952 ,
1951 2910 2156 2953 semetipsum

1285 2961 1448 2997 abdicavit
1468 2971 1570 3003 regno
1585 2984 1596 3000 ,
1620 2961 1654 2994 &
1668 2961 1776 2994 ciaufit
1798 2961 1882 2994 intra
1896 2959 2133 2994 Monasterium
2147 2984 2155 2991 .

1287 3011 1470 3046 Audiamus
1482 3009 1576 3044 haeca
1588 3010 1797 3048 Fuldenfibus
1818 3011 2018 3044 Francorum
2042 3010 2158 3044 Anna-

1286 3061 1388 3097 libus:
1418 3063 1524 3092 Pacem
1546 3063 1645 3093 Graeci
1677 3070 1741 3093 cum
1771 3064 1880 3093 Avaris
1893 3084 1903 3100 ,
1942 3065 1991 3102 qui
2013 3061 2157 3094 dicuntur

1288 3109 1428 3154 Hungarc‘
1440 3134 1451 3149 ,
1471 3109 1610 3150 fecerunt
1631 3110 1711 3151 quod
1719 3121 1815 3142 eorum
1824 3115 1957 3143 concives
1971 3111 2100 3152 Bulgari
2123 3116 2156 3143 in

1283 3170 1416 3203 pravum
1429 3167 1580 3193 vertentes
1593 3183 1604 3199 ,
1629 3158 1721 3200 hostili
1730 3161 1914 3200 expeditione
1923 3170 2024 3192 contra
2044 3171 2089 3192 eos
2110 3165 2156 3193 in-

1269 3233 1272 3246 ‹
1283 3210 1409 3254 surgunt
1421 3234 1431 3249 ,
1460 3212 1617 3243 &omnem
1629 3213 1771 3252 regionem
1784 3210 1897 3242 illorum
1921 3208 2011 3251 usque
2032 3211 2077 3243 ad
2088 3217 2157 3251 por·

1286 3271 1349 3293 tam
1361 3259 1716 3300 constantinopolitanam
1728 3258 1909 3298 devastando
1931 3259 2121 3302 insequuntur
2146 3282 2154 3290 .

1287 3310 1336 3343 Ad
1347 3310 1427 3354 quod
1434 3306 1621 3351 ulciscendum
1646 3311 1745 3341 Graeci
1756 3307 1860 3347 astutia
1867 3308 1924 3351 sua
1938 3321 2028 3343 naves
2042 3311 2154 3342 illorum

1286 3368 1388 3394 contra
1400 3363 1514 3392 avaros
1525 3363 1649 3390 mittunt
1659 3381 1669 3397 ,
1697 3359 1731 3391 (ff
1741 3369 1792 3391 eas
1813 3364 1846 3391 in
1866 3371 1985 3402 regnum
2013 3359 2156 3400 Bulgaro-

1287 3420 1351 3443 rum
1372 3410 1453 3441 ultra
1476 3407 1649 3440 Danubium
1672 3407 1871 3450 transponunt
1885 3434 1892 3442 .
1918 3411 1966 3443 Illi
1986 3404 2154 3448 transpofiti

1292 3468 1384 3497 manu
1402 3469 1466 3495 cum
1485 3457 1593 3493 valida
1599 3466 1715 3504 gentem
1725 3459 1925 3505 Balgarorum
1934 3457 2065 3502 ingreffi,
2090 3466 2154 3497 ma:

1995 3515 2110 3543 nimam

2176 2983 2328 3032 An.895.
