2366 3736
616 126 699 177 ,DE
736 125 996 178 Sinonia
1033 122 1587 172 {Moustsrenioituivn

195 217 279 260 forte
291 212 504 254 damnabiliter
516 213 548 246 in
556 209 833 255 saeculoevagentur
856 229 867 244 ,
893 211 1076 248 recipiantur

191 262 341 304 'incudem
351 264 526 304 Monasterio
546 259 746 305 dispensative³
768 258 804 289 de
825 267 901 289 novo
913 280 923 295 ‚
948 262 1076 290 mutatis

195 315 348 363 prioribus
359 317 427 349 locis
443 339 453 355 ,
476 316 509 348 (τ
522 307 709 357 inferioribus
722 309 870 351 assignatis
882 332 888 338 .
918 309 974 339 Hoc
984 309 1076 340 etiam

197 371 278 403 circa
289 365 466 406 Monac-bos,
492 358 611 404 &alios
635 360 795 402 Regulares
817 355 1009 399 discernimus
1031 358 1075 388 ob·

195 415 386 461 servandum
397 441 404 447 .
428 414 536 455 Verum
546 422 583 444 ne
590 419 648 452 per
652 409 866 452 fimplicttatem
877 406 930 441 vel
938 414 1076 450 ignoran-

197 472 274 498 tiam
281 464 313 508 se
324 468 450 503 valeant
460 460 598 504 excusare
610 485 620 499 ,
642 465 837 501 praecipimus
856 467 890 491 ut
911 455 1074 498 Dioecesani

197 515 340 559 Episcopi
347 514 472 564 figulis
481 517 576 549 annis
595 510 646 542 bot
653 509 834 555 faciantper
841 507 916 551 suas
930 505 1075 550 Dioeceses

191 567 355 608 publicari¹¹
382 565 500 598 Canon
512 560 633 606 prodiit
646 559 798 594 adversus
811 558 945 594 abusum
960 568 1076 601 ,quem

197 616 293 653 nobis
304 613 395 657 supra
405 607 516 653 retulit
527 610 712 645 Cardinalis
723 611 764 644 de
787 608 939 646 Vittiaco
960 631 967 639 .
997 609 1077 640 Επε-

196 665 266 700 nim
278 665 344 707 ipse
356 663 512 707 Concilio
522 661 627 695 adfuit
640 685 651 700 ,
675 671 760 695 unus
772 659 790 692 ὲ
800 659 953 692 Canonis
973 658 1078 691 austo-

196 714 274 753 bus.
292 712 380 747 'Erat
391 711 472 746 tiinc
486 712 690 747 Acconensis
713 710 911 757 Episcopus,
940 707 972 741 id
993 707 1039 741 est
1067 730 1078 751 ‚

195 763 418 805 ptolomaidis
430 764 464 797 in
479 764 582 811 prima
595 762 620 801 Ρ
629 760 769 800 hoenicia
781 785 790 798 ,

248 814 361 849 Aliam
376 814 503 856 insuper
514 822 643 856 poenam
657 809 777 848 inflixit
788 807 1008 848 Lateranensis
1020 806 1074 848 Sy·

197 863 304 899 nodus
318 863 496 898 Alexandri
510 863 565 905 111.
592 859 730 895 Monacbi
737 865 835 907 pretio
856 871 915 894 non
934 862 1077 898 recipian—

195 924 247 953 tur
261 920 292 947 in
304 914 531 954 Monasterlum.
558 914 590 948 si
612 917 680 954 quis
701 921 801 943 autem
824 909 948 942 exablus
957 905 1078 950 prosua

196 970 364 1007 receptione
376 964 498 1006 aliquid
514 963 652 1002 dederit,
678 963 723 997 ad
743 963 845 1000 sacros
871 961 1001 992 ordines
1021 969 1077 991 non

195 1014 356 1057 ascendat.
382 1018 411 1049 Is
422 1022 525 1054 autem
536 1012 591 1054 qui
611 1017 776 1055 acceperit,
801 1011 883 1053 officii
904 1008 952 1052 sui
971 1014 1075 1050 priva-

191 1071 272 1102 tione
285 1064 438 1097 mulc‘letur
452 1088 459 1095 .
484 1063 616 1103 Taliter
637 1062 806 1096 admistum
821 1060 897 1094 facit
919 1059 1075 1102 irregula-

193 1125 263 1148 tetn
275 1113 315 1148 ad
330 1113 548 1162 suscipiendos
559 1115 671 1147 Sacros
682 1111 846 1156 Ordines,
872 1110 1018 1153 adeoque
1042 1109 1074 1141 in

193 1163 258 1207 jam
273 1163 594 1207 susceptis-permittit
616 1161 812 1197 ministrare.
843 1160 994 1194 Eundem
1016 1158 1075 1192 Ca-

193 1226 318 1248 nonem
330 1214 415 1248 idem
431 1214 587 1247 Pontifex
597 1213 691 1247 antea
701 1212 846 1247 ediderat
858 1211 891 1244 in
902 1210 1076 1243 Turonen-

192 1265 214 1304 fi
238 1264 412 1303 Concilio:
444 1264 636 1302 Prohibemus
656 1275 692 1296 ne
711 1262 750 1297 ab
764 1265 811 1302 jis
828 1284 837 1299 ‚
861 1266 912 1302 qui·
935 1262 979 1293 ad
999 1260 1074 1291 Reli-

188 1319 308 1357 gionem
319 1314 441 1355 transite
455 1316 605 1348 voluerint
619 1337 630 1353 ‚
655 1314 758 1354 aliqua
767 1317 894 1356 pecunia
904 1316 1041 1352 exigatur
1067 1332 1074 1339 .

188 1358 256 1397 *Hoc
278 1367 439 1397 simoniam
457 1363 507 1407 effe
531 1387 541 1403 ‚
566 1362 740 1395 sanctorum
765 1364 894 1394 Parrum
914 1359 1074 1391 aucqorttas

193 1420 278 1447 mani
292 1414 346 1453 esst³
360 1416 492 1445 declarat
502 1436 510 1444 .
536 1413 621 1443 Unde
634 1410 765 1452 quisquis
778 1409 829 1441 boc
839 1410 876 1441 de
886 1418 991 1443 caetero
998 1417 1074 1450 prae·

191 1461 348 1507 sumpserit
359 1471 510 1498 attentare
521 1483 530 1498 ‚
551 1458 708 1502 partemse
718 1470 784 1497 cum
807 1461 827 1491 5
830 1464 922 1490 imone
945 1469 1003 1490 non
1022 1459 1074 1490 du-

193 1514 270 1546 him
285 1513 458 1549 habiturum
471 1537 478 1544 .
506 1511 682 1543 Duriorem
695 1520 826 1556 poenam
837 1508 953 1550 adjecit
975 1509 1008 1542 in
1023 1510 1073 1541 sua

193 1562 417 1599 Londoniensi
449 1560 588 1603 Synodo
626 1560 809 1593 Richardus
833 1559 1075 1591 Cantuarienfis

191 1613 296 1646 Archi
311 1629 322 1639 ·
335 1611 510 1656 Episcopus
538 1632 548 1649 ,
583 1610 738 1643 successor
785 1609 882 1644 saneti
931 1608 1075 1644 Thomae

192 1662 354 1706 Martyris
366 1676 376 1696 :
405 1662 519 1694 Nullus
534 1661 685 1694 Praelatus
701 1667 734 1694 in
747 1660 910 1700 recipiendo
920 1658 1073 1697 Monacho,

193 1713 245 1749 vel
253 1716 272 1746 5
274 1712 479 1748 ant‘llmonIali
487 1716 616 1752 pretium
622 1708 647 1752 s
642 1722 736 1743 umere
747 1711 799 1742 vel
812 1716 928 1752 exigere
940 1708 978 1740 ab
988 1708 1037 1740 his
1067 1732 1076 1750 ,

23 1292 103 1341 Cap-
117 1304 151 1338 2..-

190 1768 244 1804 ‚qul
256 1763 300 1795 ad
307 1760 520 1803 conversionem
533 1765 660 1794 veniunt
671 1786 681 1801 ,
709 1763 813 1802 aliqua
827 1759 910 1799 palli
937 1758 1077 1803 occasione

20 1795 170 1847 F01'5432
188 1812 354 1856 praesumat
368 1836 375 1844 .
403 1815 433 1847 5l
446 1817 513 1853 quis
528 1809 697 1851 hocfecerit
707 1835 717 1850 ‚
734 1808 943 1850 anathemasse
955 1834 962 1841 .
990 1811 1075 1842 Ana-

188 1856 384 1902 'thematizat
408 1862 513 1898 solum
537 1861 710 1894 Praelatum
732 1862 943 1904 exigentem.
972 1859 1076 1901 Syno-

190 1912 252 1951 dus
262 1923 351 1950 extat
363 1913 445 1956 apud
458 1911 631 1955 Rogerum
647 1910 809 1944 Hoveden
817 1911 878 1942 sem
892 1934 898 1940 .
927 1909 1076 1943 Obstrin-

191 1963 242 1996 xit
254 1963 354 2002 solam
367 1962 527 2005 Angliam
539 1986 547 1993 .
578 1960 766 2004 Marginale
778 1959 937 1993 Scholion
963 1959 1053 1991 addit
1066 1972 1076 1991 :

190 2015 247 2050 Ex
273 2015 396 2045 Decreta
419 2012 532 2048 Urbani
554 2013 668 2051 Papae.
697 2010 828 2043 Etenim
853 2008 1013 2042 Urbanus
1037 2008 1075 2039 ll.

191 2063 227 2096 in
248 2060 462 2104 Melphitano
494 2058 654 2092 Concilio
676 2058 807 2091 statuit:
835 2058 946 2090 Nullus
977 2056 1076 2089 Abbas

186 2117 320 2154 pretium
332 2116 450 2153 exigere
462 2106 498 2140 ab
507 2114 550 2141 eis
562 2132 573 2148 ,
598 2112 647 2150 qui
656 2109 700 2139 ad
709 2105 918 2147 conversionem
931 2112 1070 2144 veniunt,

190 2163 295 2203 aliqua
306 2162 418 2199 Placitt
429 2155 743 2199 occafionepraeficmat
756 2179 763 2186 .
793 2156 943 2192 Eundem
964 2156 1071 2189 Cano-

188 2221 265 2246 nem
280 2207 452 2253 postmodo
467 2207 640 2243 innovavit
659 2205 692 2239 in
716 2206 870 2239 Romana
895 2207 948 2238 sua
970 2205 1074 2248 Syno—

188 2262 235 2299 do
250 2285 258 2292 .
285 2259 413 2298 Verum
435 2257 507 2295 istic
520 2257 630 2290 omisit
649 2267 784 2295 vocem,
813 2256 943 2290 Placm.
970 2256 1072 2298 Ipsam

188 2311 226 2345 in
240 2309 444 2353 Melphitana
457 2306 594 2350 Synodo
607 2306 845 2343 firmantetiam
859 2305 977 2339 eruditi
991 2305 1049 2338 viri
1064 2331 1073 2345 ‚

189 2359 363 2403 Philippus
377 2357 551 2395 Labbaeus‚
576 2357 609 2390 ὅ(
633 2355 768 2390 Gabriel
792 2356 988 2389 cossartius.
1018 2355 1070 2388 Est

190 2404 400 2446 manifestum
415 2406 568 2441 mendum
580 2431 588 2439 .
604 2404 790 2441 Retinenda
805 2418 841 2440 ac
858 2406 1015 2439 firmanda
1028 2407 1070 2439 est

190 2461 287 2496 lestio
301 2457 674 2504 RogeriiHovedensis:
703 2457 811 2498 Aliqua
828 2456 912 2498 pacit
925 2455 1060 2497 occasione

242 2511 380 2550 Easdem
404 2519 514 2552 poenas
535 2507 733 2543 confirmant
750 2508 782 2540 <Sc
805 2507 860 2540 alii
881 2508 1034 2540 Canones
1062 2531 1069 2538 .

191 2561 338 2607 Qidam
353 2559 522 2601 Presbyter
540 2557 648 2591 nescio
662 2568 757 2600 quern
772 2558 937 2591 Abbatem
954 2569 991 2592 ac
1003 2557 1069 2599 ejus

192 2613 406 2645 Conventum
417 2607 503 2651 apud
517 2606 741 2650 Apostolicam
764 2607 880 2643 sedem
902 2607 943 2640 de
964 2607 1071 2643 Simo-

18 1995 98 2042 Cap.
115 2009 147 2051 7³

190 2664 286 2695 niaca
307 2658 491 2698 Confratris
515 2657 707 2690 admissione
730 2658 887 2692 accusavit
912 2682 921 2696 ‚
959 2658 990 2690 δε
1029 2658 1066 2690 ad

189 2712 356 2754 utriusque
366 2709 583 2752 Episcopum,
612 2718 649 2740 ac
661 2708 752 2742 suurn
768 2707 928 2750 Legatum
942 2707 1064 2749 rescrip-

188 2759 425 2800 fitAlexander
447 2758 503 2797 111.
516 2757 792 2801 ‘Quoniamfatqum
815 2756 984 2799 hujusmodi
1002 2765 1063 2797 per-

190 2810 328 2854 nitiosum
340 2811 485 2848 videtur,
512 2809 691 2845 mandamus
713 2808 858 2849 quatenus
874 2831 884 2847 ,
904 2807 933 2846 fi
950 2814 996 2839 ita
1017 2808 1068 2849 esse

19 2851 58 2889 L·
72 2862 91 2896 5
103 2876 110 2889 ε
124 2851 171 2890 tit.
189 2867 343 2899 inveneris
356 2887 366 2900 ‚
397 2859 540 2892 abbatem
562 2860 596 2892 <5
620 2856 776 2893 Monochos
799 2860 842 2890 ad
861 2854 1068 2897 restituendam

23 2912 53 2956 3·
68 2914 96 2936 C-
122 2912 171 2949 19·
186 2916 344 2954 pecuniam
356 2935 366 2950 ‚
390 2908 521 2951 praefato
534 2912 569 2941 F.
584 2909 778 2951 tamindignt³
797 2916 945 2949 acceptam
958 2933 967 2947 ‚
995 2919 1066 2940 com-

186 2964 280 3004 pellas
307 2985 317 3001 ,
345 2960 530 2997 &abbatem
561 2969 595 2990 ac
619 2960 742 2999 majores
762 2957 907 3001 personas
929 2958 1057 2997 Monaste

190 3019 229 3045 rlt'
247 3020 302 3054 pro
322 3019 417 3050 tantae
436 3014 607 3051 pravttatis
628 3009 735 3051 excessu
748 3008 785 3040 ab
796 3010 877 3051 officii
900 3015 1066 3041 executum·

187 3060 367 3104 suspendas.
396 3063 559 3101 Praeclplat
573 3059 649 3091 dic‘lo
661 3063 698 3091 F.
726 3068 759 3093 ut
771 3063 802 3091 in
813 3061 871 3091 alio
895 3059 1066 3097 Monastcrio

193 3117 225 3142 in
238 3111 338 3143 habitu
353 3111 506 3151 Monostico
516 3135 525 3151 ‚
548 3113 673 3142 Domino
679 3108 798 3148 studeat
812 3108 960 3151 deservire
970 3133 977 3140 .
1006 3109 1065 3141 lm—

193 3162 286 3203 ponit
298 3172 359 3194 tres
372 3172 497 3203 poenas.
529 3159 652 3198 Abbati
666 3171 703 3192 ac
715 3160 783 3200 ejus
799 3159 974 3202 majoribus
987 3159 1062 3193 Offi-

192 3210 328 3244 cialibus
361 3212 595 3254 suspensionem
619 3209 660 3243 ab
682 3209 815 3249 officio,
842 3221 878 3243 ac
899 3210 1064 3242 simoniaci

191 3258 284 3304 pretii
298 3259 423 3301 plenam
435 3260 670 3298 restitutionem
684 3285 691 3291 .
720 3261 801 3310 Qiae
824 3270 918 3302 poena
940 3259 1065 3304 obligat

191 3321 267 3344 ante
280 3319 412 3342 omnem
436 3310 556 3352 Iudicis
582 3311 792 3344 sententiam.
823 3310 953 3345 Etenim
977 3311 1066 3343 sacrae

191 3361 235 3393 rei
252 3357 402 3396 venditor
415 3361 600 3393 sceleratum
614 3362 752 3405 pretium
767 3373 832 3393 non
847 3361 926 3393 facit
941 3362 1030 3393 suum
1059 3386 1064 3392 .

189 3410 337 3456 Qaestio
359 3409 400 3441 est
417 3433 427 3448 ‚
453 3410 506 3445 cui
526 3411 563 3444 sit
587 3410 841 3445 restituendum?
879 3410 1066 3445 Alexander

194 3459 320 3497 videtur
340 3460 472 3497 asserere
494 3484 505 3505 ‚
541 3460 629 3507 quod
653 3461 709 3503 ipsi
733 3462 907 3497 simoniace
928 3461 1084 3499 admisso'

1915 141 1984 190 47

1138 204 1330 240 Monacho.
1359 205 1556 250 Respondeo
1575 209 1639 247 hoe
1662 204 1756 252 plane
1766 208 1828 243 effe
1848 209 1979 247 devium
2007 237 2016 245 .

1138 255 1270 290 Textus
1289 258 1334 290 est
1348 258 1516 291 manifeste
1527 260 1696 294 mendosus
1711 285 1718 292 .
1745 256 1937 304 Legenduni
1948 262 2012 295 est:

1138 309 1157 338 ᾶ
1165 306 1300 348 praefato
1317 310 1354 340 F.
1373 316 1438 339 tam
1447 309 1570 351 indigne
1582 319 1747 352 acceptam.
1773 309 1917 347 Proinde
1929 312 2017 344 resti—

1139 358 1225 391 tutio
1237 357 1383 390 facienda
1396 359 1438 390 est
1453 358 1485 390 in
1501 354 1648 401 pauperes
1660 386 1670 401 ,
1697 371 1753 395 aut
1763 361 1844 398 alias
1855 362 1923 404 pias
1943 372 2018 394 cau·

1139 408 1204 445 sas,
1233 407 1282 441 vel
1295 409 1394 447 etiam
1417 408 1451 440 in
1471 408 1650 442 simoniace
1673 411 1796 444 admissi
1812 410 1965 445 haeredes:
1992 411 2017 444 si

1138 457 1200 490 sint
1223 457 1316 493 inscii
1338 457 1523 500 pravitatis,
1551 469 1589 491 ac
1612 460 1820 499 innocentes„
1858 461 1914 495 Est
1936 461 2020 495 anti-

1138 519 1201 550 qua
1215 518 1309 550 poena
1322 507 1443 546 inflicta
1456 510 1552 542 etiam
1569 520 1623 551 per
1645 511 1816 544 secundam
1841 512 2017 554 Synodum

1141 556 1398 590 Cabilonensem
1410 582 1417 589 .
1446 559 1626 601 Desumpta
1637 559 1682 591 est
1694 570 1732 592 ex
1746 560 1878 602 septima
1888 572 2021 606 genera·

1142 607 1163 639 li
1184 607 1342 648 synodo.
1373 607 1450 649 Ejus
1460 618 1598 651 namque
1610 609 1728 642 Canon
1742 610 1900 643 decimus·
1914 622 2038 645 nonus·

1140 655 1236 691 habet
1249 671 1259 690 :
1288 660 1381 691 Porro
1394 670 1459 699 quae
1468 658 1542 699 filiis
1554 661 1573 690 a
1590 660 1767 699 parentibus
1782 660 1933 692 donantur
1946 671 2021 693 more

1140 709 1218 739 dotis
1230 731 1241 747 ‚
1267 710 1320 740 vel
1324 707 1350 746 fi
1357 719 1417 749 qua
1427 720 1465 741 ex
1478 713 1610 750 propriis
1624 709 1709 741 rebus
1735 708 1874 751 acquisita
1895 710 2021 750 offerun-

1139 767 1188 790 tur
1198 781 1208 796 ,
1235 757 1442 799 profitentibus
1454 757 1501 790 his
1515 783 1525 798 ,
1549 765 1647 801 quiea
1658 759 1784 799 offerunt
1796 761 1928 792 dicanda
1950 764 2022 804 Deo,

1139 808 1367 849 diffinimusilla
1379 820 1499 842 manere
1521 815 1554 842 in
1577 810 1746 849 Monasterio
1761 833 1771 849 ‚
1796 806 1956 852 secundum
1978 822 2022 843 re-

1136 859 1493 899 promiffionemillorum.
1522 859 1689 904 Legitime
1700 861 1822 893 donata
1837 861 1889 892 seu
1911 859 2021 894 oblata

1140 908 1298 951 permittit
1335 919 1464 942 manere
1502 910 1726 951 Monasterio,
1754 909 1900 953 adeoque
1927 911 2018 945 aliud

1140 959 1248 992 censet
1259 957 1300 991 de
1314 959 1416 1001 pretio
1428 960 1624 993 simoniaco.
1653 960 1821 993 Laudatus
1835 961 2023 994 Alexander

1138 1008 1314 1042 simoniace
1332 1005 1470 1043 admisso
1493 1010 1658 1052 imponit,
1696 1019 1731 1043 ut
1751 1012 1961 1044 transferatur
1982 1012 2023 1044 ad

1139 1059 1225 1092 aliud
1249 1059 1509 1092 Monasterjum:
1537 1060 1649 1104 utique
1668 1060 1825 1102 striffius,
1864 1061 1904 1095 ad
1926 1073 2024 1106 agen-

1139 1109 1212 1148 dam
1226 1119 1411 1152 perpetuam
1425 1109 1651 1152 poenitentiam
1666 1135 1673 1143 .

1190 1159 1283 1192 Hinc
1297 1159 1476 1193 Alexandri
1492 1161 1659 1194 Successor
1675 1161 1829 1195 Clemens
1855 1162 1913 1195 111.
1935 1159 2021 1195 istud

1141 1209 1262 1244 crimen
1287 1210 1387 1242 etiam
1410 1220 1587 1254 exaggerat
1608 1236 1619 1251 ‚
1645 1213 1678 1250 ἀ
1700 1213 1919 1255 prosequitur:
1948 1212 2025 1244 cum

1135 1257 1226 1301 super
1238 1258 1289 1291 boc
1299 1259 1500 1292 authoritates
1513 1262 1615 1294 multae
1635 1267 1824 1303 reperiantur
1848 1263 1988 1303 expreffae
2010 1286 2025 1302 Α,
2040 1249 2121 1294 C²P³
2137 1261 2188 1297 25’

1135 1305 1196 1340 ⁴non
1207 1310 1296 1341 alites·
1316 1310 1406 1350 quaeim
1420 1309 1566 1348 statutum
1576 1310 1615 1348 est
1630 1334 1640 1349 ‚
1677 1310 1904 1352 respondemus,
1934 1319 1967 1343 ut
1988 1312 2027 1343 lo'-

1138 1369 1202 1389 cum
1215 1383 1224 1398 ,
1249 1369 1333 1399 quem
1345 1359 1446 1390 taliter
1458 1359 1562 1399 adepti
1565 1357 1639 1401 sun·
1654 1383 1664 1398 ,
1692 1363 1808 1395 omnino
1829 1360 1990 1392 dimittant
2016 1383 2027 1400 ,

1140 1410 1173 1441 (²5
1182 1407 1357 1451 solitudines
1367 1407 1419 1451 fia
1430 1410 1492 1442 alia
1505 1409 1682 1448 Monasleria
1694 1409 1870 1449 dfflrifflora
1892 1411 2004 1444 adeant
2016 1435 2027 1451 ,

1141 1466 1175 1491 in
1187 1459 1294 1500 quibus
1307 1469 1375 1492 tam
1384 1459 1580 1492 execrabilem
1592 1460 1732 1502 excessum
1747 1459 1810 1500 fine
1830 1463 2029 1501 intermlfflone

1143 1510 1314 1550 deplorent.
1341 1511 1373 1541 51⁴
1384 1518 1485 1542 autem
1497 1511 1704 1552 ignorantibus
1725 1508 1790 1552 ipfis
1805 1518 1929 1551 pecunia
1950 1513 2029 1544 data

1134 1558 1236 1599 fuerit
1247 1582 1258 1598 ,
1288 1570 1371 1602 cogas
1384 1571 1432 1592 eos
1443 1561 1487 1591 ad
1515 1561 1752 1596 renuntiandum
1774 1561 1830 1597 loco
1851 1562 1966 1594 eidem:
1995 1563 2029 1594 (5

1140 1610 1202 1650 post
1211 1610 1294 1641 modo
1307 1616 1338 1641 in
1351 1607 1446 1651 ipsum
1459 1611 1593 1643 reducere
1598 1609 1628 1651 st
1644 1608 1753 1652 absque
1768 1611 1909 1653 scandalo
1927 1620 2030 1652 potue-

1141 1664 1203 1691 rint
1213 1670 1386 1700 remanete‚
1415 1660 1506 1693 velin
1528 1662 1607 1700 alio,
1633 1660 1729 1702 quifit
1739 1663 1776 1693 de
1801 1662 1914 1694 Ordine
1930 1652 1991 1704 ipsci
2018 1686 2029 1702 ‚

1143 1712 1187 1749 ad
1203 1708 1400 1752 serviendum
1421 1712 1502 1750 Deo,
1526 1717 1640 1751 poteris
1663 1713 1813 1743 collocare.
1841 1712 2031 1746 Simoniaca

1145 1760 1179 1793 in
1194 1760 1416 1795 Ecclefiassica
1428 1760 1585 1794 beneficia
1599 1761 1731 1800 intrusio
1751 1762 1950 1805 quandoque
1961 1773 2030 1804 proc

1144 1821 1274 1844 curatur
1289 1809 1329 1843 ab
1344 1809 1416 1854 ipsis
1428 1811 1556 1844 intrusis
1569 1835 1578 1850 ,
1605 1811 1805 1856 quandoque
1820 1811 1860 1845 ab
1885 1812 2028 1854 ipsorum

1142 1860 1347 1904 parentibus.
1377 1861 1475 1898 Etde
1495 1861 1554 1899 hac
1567 1862 1671 1902 specie
1684 1861 1794 1894 statuit
1818 1862 1850 1894 in
1878 1863 1931 1894 sua
1961 1863 2029 1895 Ro-

1143 1922 1239 1944 mana
1251 1910 1387 1954 Synodo
1404 1910 1563 1949 Urbanus
1576 1910 1613 1944 11.
1644 1910 1905 1954 ,Quicumquesane‘
1917 1914 2025 1953 cupidi·
2043 1911 2124 1945 Can.
2139 1922 2171 1958 ς.

1143 1971 1206 1993 tate
1217 1969 1378 2001 parentum
1391 1985 1400 2000 ,
1428 1962 1493 1993 cum
1505 1960 1602 1993 adbuc
1611 1963 1697 2003 effent
1706 1963 1832 2002 parvuli
1845 1987 1854 2002 ,
1882 1966 1912 1994 Ε
1915 1962 2025 2002 cclesias

1142 2011 1192 2042 vel
1205 2009 1393 2050 Ecclefiamm
1405 2011 1543 2052 beneficia
1561 2019 1616 2051 per
1633 2016 1774 2052 pecunias
1797 2013 1901 2052 adepti
1917 2011 1988 2054 sunt
2014 2038 2026 2053 ,

1138 2060 1291 2105 postquam
1303 2071 1352 2091 eas
1364 2062 1481 2092 omnino
1508 2058 1676 2103 dimiserim
1690 2085 1700 2100 ‚
1720 2060 1750 2101 fi
1761 2064 1910 2097 Canonlce*
1929 2074 1960 2094 in
1972 2069 2027 2102 ¹eis·

1143 2116 1247 2142 vivere
1257 2111 1406 2141 voluerint
1419 2132 1431 2148 ‚
1453 2118 1509 2150 pro
1518 2121 1629 2152 magna
1640 2109 1840 2152 misericordla
1853 2112 1961 2144 ibidem
1974 2124 2024 2146 eoi¹

1140 2159 1190 2200 effe
1201 2170 1266 2191 conc
1273 2160 1406 2197 edimus,
1435 2169 1526 2199 neque
1535 2167 1591 2199 pro
1603 2158 1652 2191 hoc
1666 2159 1754 2200 fac‘lo
1765 2161 1785 2196 a
1797 2158 1913 2201 sanclis
1932 2164 2026 2193 Ordi-

1140 2209 1225 2242 nibus
1238 2219 1420 2245 removemus
1435 2232 1445 2248 ,
1463 2207 1493 2249 fi
1502 2210 1580 2240 altas
1607 2210 1695 2252 digni
1713 2213 1908 2243 inveniantur
1920 2236 1927 2243 .
1958 2211 2026 2245 lsti-

1140 2259 1279 2300 jusmodi
1296 2258 1463 2301 promotio
1475 2259 1519 2293 est
1536 2258 1657 2292 nullius
1679 2259 1850 2302 ponderis:
1879 2261 1921 2294 est
1936 2264 2027 2303 peni-

1138 2310 1306 2346 tusirrita.
1337 2309 1429 2347 Hinc
1452 2309 1495 2343 ita
1519 2320 1688 2352 promotus
1706 2308 1870 2354 obligatur
1905 2310 2026 2345 benefi-

1138 2360 1225 2392 cium
1238 2358 1492 2392 dimitterecitra
1506 2369 1640 2392 omnem
1651 2359 1767 2402 judicis
1791 2361 1986 2394 sententiam
2016 2387 2023 2393 .

1137 2409 1226 2456 Qia
1239 2408 1495 2443 Ecclesiasticum
1515 2409 1712 2443 beneficium
1738 2421 1906 2452 nunquam
1931 2411 2026 2453 possi-

1137 2459 1211 2497 dere
1222 2461 1329 2503 potuit
1342 2460 1408 2492 sine
1421 2459 1595 2493 Canonico
1608 2459 1729 2493 titulo.
1757 2460 1816 2494 ille
1839 2470 1948 2493 tamen
1975 2463 2022 2494 in-

1140 2520 1260 2543 nocens
1272 2509 1373 2552 potest
1386 2508 1426 2542 ad
1438 2510 1529 2542 suum
1553 2508 1747 2542 beneficium
1770 2510 1936 2543 reassumi:
1963 2509 2020 2545 ha·

1139 2560 1263 2597 biturus
1282 2570 1360 2593 tunc
1374 2560 1406 2591 in
1421 2559 1536 2593 Choro
1548 2560 1579 2591 &
1592 2559 1669 2593 alibi
1686 2560 1814 2599 locum,
1844 2571 1910 2592 non
1927 2560 2019 2601 juxta

1136 2611 1292 2652 primam,
1330 2609 1382 2644 sed
1409 2608 1501 2651 juxta
1540 2609 1712 2643 secundam
1752 2609 1980 2644 admissionem
2009 2635 2018 2643 .

1141 2660 1271 2695 Etenim
1296 2660 1335 2694 ad
1359 2658 1492 2693 similem
1512 2658 1693 2697 intrusum,
1726 2660 1780 2702 qui
1807 2660 2017 2695 Praebendam

1135 2712 1223 2742 suam
1246 2708 1359 2752 sponte
1379 2709 1543 2742 dimiserat
1568 2733 1578 2748 ,
1617 2709 1827 2743 Canonicum
1860 2712 2017 2753 rescripsit

1134 2760 1219 2793 idem
1232 2759 1413 2796 Clemens,-
1440 2760 1501 2794 Sed
1522 2758 1695 2800 I’raepofirus
1719 2761 1753 2792 (5
1776 2760 1951 2799 Confratres
1972 2762 2016 2792 ibi

1131 2814 1336 2851 compatientes
1348 2810 1385 2841 de
1396 2820 1471 2841 novo
1481 2819 1508 2842 te
1519 2815 1550 2841 in
1570 2814 1752 2842 Canonicum
1772 2811 1923 2852 elegerunt
1934 2834 1944 2848 ‚
1968 2817 2012 2844 ita
2030 2797 2110 2843 0²1³·
2127 2798 2181 2837 26.

1133 2861 1296 2898 videlicet,
1322 2869 1355 2892 ut
1363 2868 1419 2900 per
1430 2859 1597 2893 electionem
1617 2860 1701 2898 istam
1728 2860 1901 2900 postremum
1921 2863 2014 2893 locum

1131 2915 1162 2942 in
1172 2910 1285 2949 Chora,
1313 2911 1347 2945 i&
1369 2915 1402 2941 in
1422 2910 1491 2941 aliis
1517 2910 1680 2946 obtineres.
1709 2909 1930 2951 Respondemus
1945 2935 1954 2950 ,
1980 2921 2013 2944 ut

1130 2960 1331 3004 indulgentia,
1359 2971 1448 3001 quam
1464 2963 1588 2991 Fratres
1603 2965 1646 2990 tui
1666 2958 1890 3000 misericorditer
1903 2961 2012 3001 tibife-

1129 3011 1189 3052 cisse
1207 3009 1382 3052 nofiuntur‚
1410 3019 1566 3043 contentus
1588 3008 1729 3047 existens,
1762 3017 1877 3042 ratione
1894 3018 2009 3052 prioris

1130 3066 1299 3101 receptionis
1313 3060 1511 3092 nib1laudens
1526 3066 1557 3091 in
1582 3058 1646 3102 ipsa
1671 3059 1795 3100 Ecclefia
1819 3063 1973 3094 vindicare
1999 3086 2008 3094 .

1131 3110 1216 3148 istud
1226 3110 1414 3154 Collegium
1427 3109 1568 3142 omnino
1590 3112 1658 3153 egit
1672 3135 1681 3150 ‚
1708 3110 1741 3143 ὅ(
1763 3110 1919 3144 Clemens
1941 3122 2010 3145 orn-

1134 3160 1213 3193 nino
1227 3160 1375 3202 rescripsit
1398 3171 1437 3192 ex
1462 3159 1594 3192 laudato
1618 3159 1752 3206 Urbani
1776 3161 1934 3194 Canone.
1966 3161 2009 3193 Et

1132 3211 1234 3252 ipsum
1249 3212 1333 3244 idem
1348 3210 1502 3242 Pontifex
1519 3209 1572 3244 hic
1585 3210 1731 3243 extendit
1743 3211 1782 3243 ad
1805 3212 1922 3244 similes
1934 3211 2008 3244 Mo·

1130 3260 1271 3298 nachos.
1300 3258 1533 3296 Mandatduo.
1566 3258 1704 3299 Primo,
1734 3260 1889 3299 maluo,
1917 3258 2007 3303 quod

1133 3312 1273 3354 ipsorum
1287 3321 1434 3353 parentes
1444 3310 1580 3344 fimonia
1595 3311 1836 3344 maculaverant
1853 3336 1863 3351 ,
1890 3310 2010 3344 Mona-

1132 3361 1226 3398 stetio
1250 3360 1389 3394 omnino
1413 3370 1639 3397 removeantur
1663 3386 1670 3393 .
1698 3360 1830 3395 Deinde
1853 3359 2009 3402 permittit

1129 3411 1345 3454 eosinipsum
1360 3411 1492 3455 reponi,
1517 3411 1538 3444 si
1561 3410 1628 3445 fieri
1651 3411 1744 3455 possit
1767 3410 1833 3447 fine
1857 3409 2011 3446 scandalo

1134 3461 1236 3499 fidelis
1249 3460 1359 3507 populi
1374 3486 1380 3494 .

1844 3508 1969 3544 Eadem
